2346 4208
66 3796 171 3936 Ὶ

193 232 258 298 336
560 235 768 304 Disputationes

194 422 293 483 sancti
320 421 465 483 doctores
498 430 630 482 utuntur.
672 425 703 484 4.
727 424 791 484 Aut
822 423 938 485 eedem
964 420 1116 504 sequentis

195 505 378 566 studendum
413 514 460 565 est
481 508 512 564 in
542 506 722 585 marcolpho
748 506 799 567 vel
820 507 854 566 in
876 506 1016 568 tabernis
1038 509 1116 568 rusti

195 607 312 649 corum.
354 593 384 652 5.
406 588 472 648 lmo
494 597 689 668 sequeretur,
725 589 810 669 quod
842 591 874 648 in
896 591 1040 651 omnium
1059 610 1116 651 om

195 671 286 732 nibus
311 673 348 746 (i.
375 673 407 730 in
444 670 555 753 nullis)
585 672 779 732 sermonibus
809 683 897 732 esset
928 673 1118 747 studendum,

195 756 268 833 quia
304 756 440 814 omnium
469 754 621 832 aliquibus
656 763 782 815 utuntur
808 754 923 817 verbis.
974 754 1007 821 h
1030 756 1118 817 Huius

194 855 270 916 ergo
292 838 516 916 consequentia
528 837 677 918 Magister
696 857 761 898 non
784 846 847 898 tarn
863 840 992 918 ignorat
1015 858 1118 900 vocem

192 921 349 999 propriam
376 939 446 979 cum
476 921 565 980 asina
586 921 713 980 Balaam
746 940 838 1001 quam
859 940 934 982 curn
956 923 1049 982 asino
1070 921 1119 982 Gn

194 1020 290 1064 mano
312 1001 403 1063 rudit.
445 1008 475 1067 7.
498 1003 539 1062 Et
559 1023 682 1063 omnem
705 1003 860 1065 eiusmodi
871 1005 1051 1084 sophistam
1075 1024 1119 1085 ps

197 1091 242 1145 tet
264 1085 377 1146 frustra
398 1093 518 1165 tempus
540 1088 571 1145 in
595 1088 687 1146 Arist.
709 1086 881 1166 perdidisse
902 1095 939 1148 et
959 1095 1118 1148 tantotan

195 1174 258 1229 tam
278 1166 431 1229 insciliam
454 1169 577 1229 emisse.
619 1170 649 1233 8.
672 1169 704 1230 Si
732 1171 800 1249 quis
831 1171 983 1231 terminos
1008 1171 1121 1252 logicae

194 1257 226 1310 et
254 1250 475 1330 philosophiae
504 1254 535 1311 in
558 1253 748 1333 theologiam
767 1252 861 1313 ducat
881 1257 1040 1330 (necesse
1058 1260 1123 1332 est),

194 1338 228 1393 nt
243 1329 432 1395 horrendum
443 1335 539 1396 cahos
562 1355 697 1396 errorum
710 1335 834 1397 condat.
877 1341 908 1400 9.
923 1337 1122 1416 Philosophia

195 1415 235 1476 de
262 1427 348 1480 motu
369 1417 489 1480 infinito
511 1420 669 1498 principiis
695 1438 796 1480 rernm
824 1420 913 1479 iuxta
935 1421 1033 1482 Arist
1055 1418 1122 1480 nihil

196 1499 327 1579 prodest
356 1500 409 1562 ad'
421 1502 620 1581 theologiam.
666 1504 713 1566 to.
736 1503 925 1563 Permittitur
945 1505 1055 1582 potius
1075 1520 1123 1582 pro

196 1585 378 1646 exercendis
407 1595 439 1644 et
458 1584 601 1664 aptandis
631 1586 763 1665 ingeniis
790 1585 832 1644 ad
856 1584 1031 1647 humanam
1060 1605 1123 1648 aas

199 1671 418 1731 versationem.
467 1673 513 1732 11.
533 1667 734 1747 Philosophia
744 1668 785 1728 de
798 1669 917 1728 naturis
940 1675 974 1729 et
995 1670 1123 1750 proprie·

199 1750 312 1812 tatibus
342 1771 441 1813 rernm
466 1749 631 1834 (sophistis
663 1749 876 1832 ignotissima)
901 1752 989 1812 utilis
1019 1750 1123 1813 estad

197 1850 316 1895 sacram
329 1834 530 1915 theologiam.
573 1834 622 1896 12.
644 1833 704 1908 Qui
725 1833 808 1912 dicit
829 1852 939 1895 sacros
948 1841 1059 1915 patres
1077 1854 1124 1915 per

198 1914 391 1980 dialecticam
413 1936 482 1977 cum
503 1915 595 1977 laude
607 1916 781 1978 haereticos
804 1917 986 1979 confutasse
1007 1918 1061 1979 vel
1080 1917 1123 1978 de

199 1999 345 2063 clarasse.
389 2004 437 2064 13.
459 2001 487 2060 ls
521 2000 597 2059 nihil
630 1999 713 2060 aliud
740 2000 832 2078 lacit,
870 2019 966 2080 quam
990 2001 1077 2080 qnod
1095 1999 1121 2063 8.

199 2089 305 2161 patres
338 2102 458 2145 summa
478 2084 649 2163 ignominia
680 2081 821 2161 conficit,
852 2103 913 2144 nec
935 2103 972 2144 se
994 2103 1121 2164 unquam

198 2164 332 2243 aliquem
367 2167 528 2228 doctorem
563 2165 755 2226 intellexisse
793 2165 941 2227 ostendit.
997 2167 1120 2242 111111

197 2258 322 2310 sanctos
344 2250 393 2310 dei
416 2250 491 2310 colit
510 2256 638 2329 propter
659 2249 851 2328 temporalia,
872 2249 1025 2330 neglecta
1047 2254 1120 2331 prius

198 2332 332 2410 petenda
358 2333 458 2393 salute
491 2334 631 2412 spiritus,
670 2341 778 2392 contra
809 2331 983 2393 doctrinam
1015 2334 1121 2393 Christi

197 2414 279 2477 lacit.
326 2422 372 2481 15.
394 2417 434 2477 Et
455 2420 505 2495 qui
527 2416 608 2475 hanc
630 2415 800 2475 doctrinam
823 2416 1043 2494 calumniatur,
1066 2435 1120 2476 non

198 2505 261 2558 tam
283 2508 331 2560 est
351 2500 484 2560 insulsus
507 2500 655 2579 sophista,
679 2518 769 2577 quam
791 2499 902 2577 impius
918 2501 965 2576 (si
988 2508 1119 2579 perstet)

197 2581 380 2644 haereticus.

280 2667 384 2727 Tertia
405 2666 571 2745 disputatio
589 2664 722 2742 Lutheri,
744 2666 866 2744 quaein
886 2665 1119 2727 collectionibus

198 2766 326 2828 operum
350 2751 415 2810 eius
437 2768 500 2808 non
514 2749 678 2825 invenitur,
699 2748 813 2808 ibidem
835 2769 865 2827 p.
879 2752 917 2810 11
940 2749 985 2808 ita
999 2749 1119 2830 legitur:

281 2830 429 2905 Quaestio
453 2830 631 2911 theologica
647 2851 715 2891 cum
738 2838 856 2910 septem
870 2831 1119 2894 conclusionibus

198 2911 237 2974 de
260 2916 390 2976 naturali
411 2915 552 2994 potentia
574 2913 742 2974 voluntatis
764 2914 907 2975 hominis.
931 2914 970 2976 D.
993 2915 1036 2975 hl
1057 2915 1090 2976 1.

280 2997 386 3059 Utrum
420 2990 577 3058 voluntas
598 2998 731 3058 hominis
766 3017 809 3058 ex
839 2997 1036 3058 naturalibus
1064 2998 1119 3057 suis

197 3082 297 3158 possit
317 3082 361 3141 ita
382 3080 510 3160 diligere
532 3080 646 3140 bonum
669 3083 767 3141 maius
789 3087 821 3140 et
842 3082 1027 3160 maximum,
1050 3083 1121 3141 sicut

197 3169 301 3242 potest
321 3165 421 3224 minus
444 3171 475 3223 et
498 3164 665 3224 minimum.
710 3162 877 3224 Conclusio
898 3169 950 3224 est
969 3165 1119 3244 negativa

198 3245 313 3307 Coroll.
354 3251 380 3309 1.
402 3246 555 3307 Voluntas
578 3267 641 3308 non
664 3253 767 3327 potest
786 3265 821 3306 se
843 3246 1046 3307 conformare
1067 3246 1121 3306 dic

197 3330 305 3389 taurini
326 3336 431 3390 rectae
451 3331 579 3390 rahonis
602 3331 791 3391 naturaliter.
834 3332 862 3393 2.
886 3330 980 3390 Ratio
1003 3337 1120 3391 natura·

197 3411 235 3472 lis
257 3430 316 3472 nec
336 3420 452 3473 rectum
465 3413 559 3474 habet
580 3413 745 3474 dictamen.
787 3417 817 3477 3.
838 3412 908 3472 Non
933 3419 983 3473 est
1005 3415 1119 3487 mirum,

196 3495 280 3574 quod
303 3496 446 3558 voluntas
468 3503 573 3575 potest
581 3497 710 3576 diligere
727 3503 898 3557 creaturam
913 3503 948 3556 et
958 3516 1025 3556 non
1043 3515 1118 3557 cres

197 3584 305 3640 torem.
349 3582 377 3642 4.
400 3580 509 3638 Mirum
532 3586 595 3657 est,
628 3581 749 3658 quoties
772 3578 873 3659 diligit
894 3587 1072 3641 creatorem
1093 3586 1120 3638 et

197 3680 260 3722 non
282 3668 464 3724 creaturam.
506 3669 535 3728 5.
557 3664 678 3742 Dicere,
707 3662 791 3742 quod
814 3681 893 3743 opus
916 3663 1036 3724 bonum
1059 3664 1119 3723 sinc

195 3746 296 3827 gratia
326 3765 390 3806 non
429 3748 469 3806 sit
489 3754 668 3826 peccatum,
706 3750 755 3807 est
795 3744 926 3828 duplex⁸
950 3754 1118 3827 peccatum.
