2346 4208
520 275 635 336 deiide.
724 316 728 323 -
834 351 835 355 ἵ
983 271 1047 338 381

122 462 180 523 aad
200 462 316 523 sabriaa
338 461 373 523 fit
393 462 532 540 abidon,
567 483 646 544 quae
668 464 735 524 sine
757 470 789 525 et
810 471 881 523 ante
901 463 1046 535 fabricam

123 554 174 606 est
197 547 227 605 in
250 545 343 614 eorde
365 544 499 608 artifieio.

96 628 105 649 '
189 630 238 693 40.
262 628 403 706 Summa,
427 629 564 689 Christus
588 635 635 688 est
656 628 821 707 Dominus,
844 648 907 689 nou
929 648 1046 707 servus,

123 711 277 771 Dominus
301 711 430 788 sabbati,
452 711 529 791 legis
548 720 579 772 et
602 713 748 772 omnium.

192 796 242 856 41.
264 794 305 855 Εῖ
327 794 482 874 Scriptura
505 804 635 855 estnon
660 802 785 872 eontra,
808 794 863 853 sed
886 813 942 873 pro
967 793 1051 854 Chri-

127 884 177 937 sto
203 877 419 957 intelligenda,
457 878 528 937 ideo
559 878 608 937 vel
631 877 669 937 ad
693 897 761 945 eum
785 877 963 955 reserenda,
999 877 1047 937 vel

127 980 186 1040 pro
209 980 283 1021 vera
304 961 460 1040 Scriptura
482 980 545 1021 uon
567 960 718 1023 habenda.

188 1045 237 1106 42.
260 1044 318 1117 Ut,
342 1044 439 1104 Serva
468 1043 628 1119 mandata,
664 1045 709 1102 sia
731 1043 908 1104 dominante
928 1043 1049 1103 Christo

129 1126 364 1206 intelligendum
389 1135 448 1204 est,
478 1126 574 1188 Serva
595 1128 624 1185 iu
649 1126 769 1187 Christo
793 1127 927 1204 seilicet,
951 1126 997 1186 vel
1020 1129 1050 1185 in

127 1208 190 1270 fide
212 1208 333 1270 Christi.
349 1239 350 1244 ¹
805 1242 808 1249 ⁴

191 1311 241 1372 43.
266 1310 382 1390 Diliges
413 1310 577 1369 Dominum
601 1310 698 1369 Deum
733 1316 815 1369 tuum
846 1315 904 1370 θῖθ.
933 1309 1052 1370 seilicet

127 1395 158 1453 in
183 1392 320 1470 Christo,
347 1412 400 1452 seu
424 1391 483 1452 tide
506 1393 587 1471 eius3
616 1393 687 1471 quia
711 1394 851 1452 sinemo
869 1392 943 1452 nihil
967 1402 1051 1472 pote·

129 1477 184 1537 stis
207 1475 330 1536 faeere..
430 1485 434 1490 ’

192 1559 242 1620 44.
264 1558 325 1617 Fae
347 1559 408 1617 hoo
429 1564 461 1618 et
481 1559 577 1636 vives,
599 1558 648 1618 fao
667 1557 786 1618 scilieet
796 1559 826 1617 in
851 1577 909 1636 me,
935 1558 1050 1638 alioqui

129 1661 193 1701 non
215 1640 320 1715 saetas,
344 1641 397 1701 sed
420 1642 603 1709 aautrmium
627 1642 732 1702 facies.

196 1725 246 1787 45.
268 1723 396 1785 Redime
420 1731 549 1804 peaoata
571 1731 622 1784 tua
644 1724 860 1804 eleemosynis,
883 1724 1000 1784 scilieet
1021 1725 1051 1783 in

130 1806 263 1883 Christo,
288 1814 319 1868 et
340 1806 400 1867 fide
420 1809 495 1886 eius,
518 1808 634 1886 alioqui
656 1815 816 1888 peooatum
841 1808 898 1867 erit
919 1807 1052 1868 eleemo-

128 1910 143 1948 s
168 1909 208 1949 ua
231 1896 291 1954 tua.

144 1911 165 1970 y
193 1975 243 2036 46.
268 1973 474 2048 Quamobrem
490 1972 693 2033 eruditissime
715 1974 848 2054 epistola
860 1973 899 2033 ad
913 1972 1052 2033 Ehraeoa

130 2056 277 2115 omuibus
292 2057 426 2116 omnium
441 2056 623 2116 Senatorum
639 2056 783 2137 operibus
805 2055 956 2137 praefigit,
970 2057 1050 2119 uide.

138 2174 139 2179 κ
197 2139 248 2201 47.
272 2137 349 2212 Quia
370 2158 500 2199 neeesse
524 2146 579 2218 est,
603 2158 711 2200 omnes
724 2140 854 2202 Sanetus
875 2142 905 2200 in
929 2142 1055 2220 promis·

132 2241 168 2281 so
192 2222 313 2282 Christo
338 2224 440 2282 omnia
462 2224 566 2282 vivere
589 2229 619 2282 et
641 2224 751 2303 faeere,
774 2225 853 2284 siout
876 2242 933 2284 nos
955 2225 986 2283 in
1002 2242 1053 2284 ex-

131 2305 237 2365 hibita.

194 2389 244 2452 48.
267 2387 336 2466 Ipse
360 2388 441 2446 euim
455 2394 501 2448 est
523 2396 616 2468 oaput
638 2397 669 2450 et
691 2389 752 2448 dux
764 2390 897 2450 iustitiae
919 2396 950 2448 θῖ
963 2389 1054 2466 vitae,

132 2491 152 2531 a
174 2471 240 2530 Deo
265 2473 467 2548 constitutus,
502 2490 558 2550 per
581 2479 610 2531 et
633 2473 664 2531 in
696 2491 756 2550 quo
784 2492 842 2533 nos
872 2473 1056 2532 vivimus-et

132 2554 295 2613 salvamur.
705 2573 707 2578 ·
780 2589 789 2598 -

201 2639 251 2699 49.
274 2635 364 2712 Quod
387 2636 411 2694 si
427 2634 595 2696 adversarii
606 2635 791 2717 &cripturam
809 2638 940 2698 urserint
952 2645 1057 2698 eontra

140 2721 303 2795 Christum,
326 2739 469 2799 urgemus
492 2719 643 2779 Christum
668 2727 775 2780 eontra
798 2720 993 2800 Scripturam.

198 2807 247 2868 50.
270 2803 333 2862 Νοθ
366 2802 529 2862 Dominum
562 2802 727 2879 habemus,
760 2803 803 2863 illi
840 2814 963 2884 servos,
998 2823 1056 2865 noa

138 2895 239 2966 eaput,
261 2886 304 2944 illi
327 2884 422 2965 pedes
446 2905 499 2946 seu
515 2885 662 2965 membra,
684 2885 793 2966 quibus
817 2893 909 2967 eaput
932 2894 1055 2967 oportet

135 2970 286 3030 dominari
309 2980 339 3028 et
358 2968 513 3048 praeferri.
1052 3032 1055 3038 ,

198 3057 247 3116 hl.
274 3052 306 3112 Si
328 3052 505 3111 alterutrum
537 3055 575 3112 sit
598 3050 816 3130 amittendum,
848 3051 984 3113 Christus
1007 3054 1055 3113 vel

138 3137 199 3210 lex,
224 3135 273 3194 lex
296 3142 343 3194 est
364 3136 542 3212 amittenda,
565 3156 626 3196 nou
651 3136 798 3198 Christus.

199 3222 249 3283 52.
271 3218 383 3278 Habito
408 3221 488 3279 euim
514 3221 635 3280 Christo
656 3220 747 3282 faoile
771 3218 938 3280 condemns
963 3220 1057 3300 leges,

137 3311 167 3364 et
190 3304 294 3362 omnia
315 3307 398 3361 reete
419 3302 630 3362 iudicabimus.

143 3430 145 3437 ·
201 3387 249 3448 53.
271 3385 335 3444 lma
358 3404 458 3446 novos
481 3384 652 3466 decalogus
676 3387 832 3464 faciemus,
855 3386 1057 3446 sioutPaulus
1151 3427 1159 3447 .

139 3467 212 3529 lacit
234 3488 288 3547 per
310 3487 417 3528 omnes
442 3470 603 3549 epistolas,
627 3478 658 3530 θῖ
679 3471 795 3548 Petrus,
820 3471 953 3529 maxime
976 3470 1059 3530 Clui-

139 3561 203 3611 stus
226 3554 256 3611 in
281 3553 454 3631 evangelia.
989 3619 992 3624 ,

201 3636 250 3699 tl.
275 3635 314 3694 Et
335 3635 364 3694 hi
396 3634 538 3714 decalogi
566 3634 711 3696 clariores
745 3645 831 3714 sunt,
867 3655 956 3716 quam
981 3635 1057 3696 Masi

138 3718 317 3797 decalogus
342 3720 419 3777 sieut
442 3718 535 3779 faties
558 3717 670 3779 Christi
693 3719 805 3780 olarior
827 3727 883 3798 est,
907 3740 998 3799 quam
1015 3721 1029 3779 f
1046 3755 1059 3766 -

139 3804 202 3862 aies
224 3801 311 3861 Masi.
718 3798 721 3804 '
