2346 4208
203 254 264 321 126
431 257 541 311 bassa
559 255 673 310 Contuli
691 256 722 308 u.
740 254 775 311 ll.
795 256 907 311 [arthuri

205 445 277 519 Dei,
307 445 416 505 iratres
451 453 483 506 et
503 446 592 504 amici
615 448 728 524 nostri,
755 446 786 504 in
814 444 922 524 quibua
956 442 1034 504 nihil
1067 445 1122 515 nisi

205 528 317 589 bonum
341 529 489 606 videmus,
512 546 574 590 non
597 531 654 589 nisi
676 528 933 606 consolationem,
960 548 1024 588 non
1048 546 1122 588 aeru-

203 631 258 691 per
280 611 401 690 quidem
432 613 527 672 oeulis
554 614 672 671 carneis
709 623 797 678 lnam
830 612 877 670 sio
902 613 932 671 in
969 613 1122 671 eontrario

203 702 325 774 speotro
360 703 431 754 sunt
468 695 653 770 malorum),
686 695 740 754 sed
775 694 871 753 oeulis
905 693 1123 773 spiritualibus.

204 777 395 856 Quamquam
419 787 450 837 et
471 778 524 836 illa
545 797 650 837 eorum
670 777 761 855 bona,
785 797 864 857 quae
886 777 1039 853 videntur,
1061 795 1123 837 non

204 861 371 921 reiioienda
391 870 478 938 sunt,
513 863 584 940 quin
616 864 646 920 in
677 861 723 920 his
757 881 814 920 nos
837 861 992 920 consolari
1016 881 1035 919 n
1057 861 1123 920 Deo

202 945 418 1024 intelligamus.
442 945 518 1003 Nam
543 944 666 1003 etPsal.
689 947 739 1006 72.
762 963 823 1003 non
846 943 902 1004 fuit
924 963 1019 1003 ausus
1042 942 1125 1003 dam·

202 1047 276 1087 nare
300 1046 426 1105 omnes,
459 1029 509 1105 qni
532 1029 563 1086 in
594 1027 699 1086 seoulo
730 1028 904 1087 obtinerent
926 1026 1060 1101 divitias,
1083 1027 1124 1086 di·

204 1129 296 1170 oeus:
335 1110 366 1170 Si
389 1109 528 1170 dicebam
544 1113 604 1184 sio,
628 1129 702 1169 eene
724 1113 880 1170 nationem
902 1108 1036 1170 liliorum
1059 1119 1123 1170 tuo·

203 1213 269 1252 rum
291 1193 468 1272 reprobavi,
495 1194 526 1251 id
551 1202 612 1269 est,
645 1196 669 1251 si
695 1194 777 1253 volui
801 1193 902 1252 dioere
922 1211 991 1252 esse
1015 1211 1123 1253 ornnes

204 1277 318 1353 malos,
341 1278 391 1355 qui
414 1276 539 1353 divitae,
563 1278 646 1351 sani,
680 1276 884 1354 honoratique
907 1283 1029 1352 essent,
1063 1277 1123 1339 iam

204 1361 294 1420 etiam
319 1368 444 1418 sanatos
478 1368 547 1420 tuos
575 1359 787 1433 damnassem,
820 1377 947 1438 quorum
980 1359 1069 1418 multi
1095 1360 1123 1418 iu

202 1442 250 1504 his
273 1451 351 1502 sunt.
396 1441 456 1501 Sed
478 1452 509 1502 et
525 1443 685 1521 apostolus
697 1442 891 1502 Timotheum
909 1443 943 1510 *l
968 1441 1073 1519 docet,
1094 1451 1125 1505 ut

204 1526 373 1604 praecipiat
394 1525 535 1585 divitibus
557 1524 752 1585 huiusseauli
775 1544 836 1584 non
857 1523 987 1604 superbe
1004 1543 1125 1605 sapere,

203 1608 313 1668 divites
336 1628 405 1668 esse
428 1628 489 1667 non
514 1608 689 1687 prohibens.
734 1609 773 1667 Et
795 1607 960 1681 Abraham,
984 1608 1073 1670 lsaao
1095 1617 1125 1667 et

203 1692 295 1752 laoob
318 1692 428 1751 divites
452 1691 607 1771 Scriptura
629 1692 720 1751 refert
743 1692 845 1750 fuisse.
890 1694 990 1768 Atque
1014 1690 1124 1750 Daniel

203 1794 271 1833 oum
295 1777 386 1835 sociis
410 1777 471 1832 suis
494 1776 636 1834 honorati
659 1776 750 1835 etiam
774 1777 802 1832 in
817 1774 976 1854 Babylone
993 1775 1123 1833 fuerunt.

203 1858 367 1917 Praeterea
389 1858 473 1916 multi
495 1877 584 1937 reges
608 1857 682 1917 luda
705 1859 803 1918 saneti
817 1857 946 1916 fuerunt.
980 1856 1047 1916 Hos
1070 1859 1123 1916 ita·

203 1960 263 2020 que
276 1943 402 2000 intuitus
415 1940 553 2002 Psalmus
568 1941 656 2000 dioit:
680 1941 711 2001 Si
734 1938 872 2000 dicebam
888 1941 941 2016 sio,
965 1941 1122 2000 nationem

202 2022 333 2084 liliorum
360 2033 479 2083 tuorum
502 2025 674 2104 reprobavi.

287 2108 355 2183 Dat,
377 2109 512 2185 inquam,
535 2109 617 2169 Deus
641 2109 731 2166 etiam
754 2109 817 2166 suis
839 2107 947 2166 borum
970 2104 1121 2167 bonorum

203 2192 324 2269 oopiam
347 2191 385 2248 ad
408 2191 550 2250 solatium
575 2210 679 2249 eorum
703 2199 734 2249 et
756 2192 894 2250 aliorum.
923 2189 1037 2248 Verum
1062 2209 1121 2249 non

202 2274 280 2332 baso
302 2292 407 2332 eorum
431 2277 563 2353 propria,
586 2276 647 2333 irno
670 2275 746 2333 haee
769 2273 874 2333 umbra
896 2281 927 2331 et
949 2274 1040 2353 signa
1055 2282 1125 2332 sunt

203 2376 342 2416 verorum
367 2357 533 2436 bonorum,
565 2366 738 2435 quaesunt
763 2355 857 2432 tides,
880 2375 966 2434 spes,
1003 2358 1124 2431 caritas,

203 2440 344 2518 aliaeque
366 2441 483 2520 gratiae
506 2447 535 2500 et
565 2440 663 2517 dona,
696 2458 774 2519 quae
812 2440 915 2498 omnia
948 2442 1124 2498 eommunia

203 2521 278 2581 liunt
299 2543 356 2603 per
368 2525 535 2583 raritatem.
568 2523 653 2583 llaeo
671 2532 718 2582 est
741 2524 916 2583 communio
931 2522 1124 2596 Sanctorum,

203 2609 232 2665 in
258 2625 317 2685 qua
338 2606 515 2686 gloriamur.
549 2608 589 2666 in
612 2609 678 2685 quis
701 2626 763 2666 non
781 2607 830 2664 hio
842 2603 1008 2684 superbiat,
1032 2607 1122 2665 etiarn

203 2690 232 2748 in
257 2691 374 2770 magnis
398 2690 502 2768 malis,
527 2693 576 2768 qni
600 2689 714 2764 eredat,
737 2690 766 2749 id
787 2687 868 2767 quod
892 2708 940 2747 res
963 2688 1032 2748 est?
1056 2707 1123 2749 esse

203 2774 321 2833 soilioet
342 2775 478 2832 omnium
501 2773 682 2833 Sanctorum
705 2773 788 2833 bona
816 2791 871 2830 sua
900 2771 997 2847 bona,
1036 2793 1123 2832 suum

203 2857 315 2914 malum
338 2876 406 2915 esse
429 2856 550 2916 illorum
573 2875 704 2935 quoque.
759 2855 826 2914 Hoo
853 2857 933 2913 enirn
967 2864 1122 2933 speotrun

203 2939 409 2999 dulcissimum
433 2949 464 2999 et
485 2939 736 3001 iucundissimum
759 2945 821 3015 est,
850 2936 931 3016 quod
961 2939 1123 3018 apostolus

202 3022 241 3081 ad
264 3022 364 3082 Galat.
387 3026 412 3085 6.
436 3022 496 3083 hoe
519 3023 612 3084 verbo
637 3024 748 3102 pingit:
771 3022 858 3081 Alter
879 3020 1005 3080 alterius
1029 3042 1123 3084 onera

202 3112 333 3186 portate,
356 3114 388 3165 et
408 3108 452 3165 sie
472 3107 638 3187 implebitis
661 3107 761 3186 legem
785 3105 904 3165 Christi.

284 3190 394 3251 Nonne
416 3190 530 3249 bonum
554 3199 600 3250 est
623 3209 679 3249 nos
709 3190 758 3249 hio
782 3208 865 3264 esse,
905 3186 955 3247 ubi
979 3188 1005 3246 si
1031 3209 1121 3248 unum

203 3275 370 3336 membrum
397 3277 455 3348 (ut.
482 3282 505 3335 1.
529 3273 665 3334 Corinth.
689 3274 750 3346 6¹)
777 3273 868 3345 dicit)
892 3273 1017 3350 patitur,
1042 3291 1121 3332 oom-

202 3359 356 3435 patiuntur
379 3363 410 3415 et
431 3360 535 3416 omnia
557 3356 710 3434 membra,
742 3357 767 3414 si
799 3371 890 3414 unuin
922 3353 1121 3433 glorificatur,

202 3439 399 3521 congaudent
420 3441 524 3500 omnia
552 3439 695 3502 membra,
745 3439 851 3517 ltaque
886 3438 957 3495 dum
988 3457 1051 3518 ego
1075 3457 1121 3518 pa·

201 3524 270 3602 tior,
292 3526 392 3604 patior
413 3525 474 3582 iarn
497 3543 558 3584 non
582 3524 676 3599 aolus,
699 3523 812 3601 patitur
836 3539 952 3580 menum
972 3520 1120 3597 Christus,

192 3664 622 3680 ——nn—-n—-m

274 3726 305 3789 1)
329 3725 357 3776 ln
377 3725 419 3779 ed.
438 3725 512 3777 len:
536 3724 575 3778 12·
636 3722 641 3732 '

195 3844 197 3849 .
275 3794 303 3865 ⁸)
321 3798 345 3850 1.
365 3796 436 3850 Tim.
455 3796 483 3849 6.v
505 3806 508 3810 ’
