2346 4208
349 260 419 321 m
436 260 473 335 dc
489 264 627 332 potestate
645 261 745 331 Papus.
948 253 1011 325 313

104 466 181 511 neno
205 446 360 529 pontifico
386 448 487 510 solnm
510 455 543 510 et
564 468 703 527 omnem,
742 462 774 511 et
807 448 1012 511 universalem

104 530 271 614 pontificem
293 531 415 610 iacere,
450 531 567 593 nullum
606 532 784 613 pontificem
812 531 902 594 nobis
923 532 1012 594 relin-

104 622 195 695 quunt,
218 620 254 675 ut
276 614 419 693 videant,
441 634 502 694 quo
526 616 679 696 stipendio
703 615 874 695 Scripturas
895 616 1013 678 violen-

104 706 155 761 tent
175 696 359 760 adulatores
383 705 415 758 ct
433 697 597 765 ambitiosi.

172 780 343 861 Reliquum
364 799 440 863 ergo
464 783 743 864 est,„evangelium
766 782 934 861 hocloco,
955 801 1014 843 nec

104 862 289 941 edl’ctrum,
310 882 370 925 uec
391 862 430 925 ad
450 884 662 927 successorem
680 867 756 943 eius,
778 885 837 926 nec
858 865 898 925 ad
919 865 1013 926 uilnm

104 948 277 1093 ffinffum
294 946 456 1008 catullum
477 949 634 1013 hominem
652 949 838 1031 singularem
850 950 1014 1029 pertinere,

228 1031 481 1091 communionem
496 1030 689 1110 Sanctorum,
712 1051 791 1112 quae
808 1039 856 1093 est
871 1032 1014 1110 ecclesia,

104 1112 172 1175 broc
194 1112 343 1193 deinceps
359 1121 469 1257 potest
482 1115 586 1177 claves
600 1116 802 1193 committere,
824 1121 887 1178 tum
910 1114 1015 1195 digno,

105 1202 156 1257 tum
176 1194 318 1276 indigno.
375 1195 506 1278 ndigno,
544 1200 686 1278 inquam,
709 1218 813 1259 coram
836 1198 920 1277 Deo,
943 1199 1015 1278 quia

105 1280 200 1358 nucit,
221 1286 322 1339 utrum
344 1279 493 1360 dignus¹)
508 1282 587 1361 Deo,
609 1281 746 1361 alioquin
764 1301 826 1343 uon
849 1282 908 1342 nisi
920 1281 1014 1362 digno

107 1379 197 1423 corum
219 1360 395 1423 homiuibus
418 1365 610 1425 committere
633 1364 734 1427 debet.

175 1442 279 1519 Quare
303 1446 378 1506 satis
410 1453 517 1527 patere
552 1447 698 1525 arbitror,
732 1447 855 1526 quando
880 1446 1014 1507 Decreta

110 1527 247 1605 quaedam
269 1527 352 1588 huno
363 1534 486 1591 textum
508 1530 547 1591 ad
563 1531 736 1592 Romanam
759 1529 863 1590 sedem
887 1535 919 1589 et
939 1548 1014 1609 pon·

111 1606 208 1672 idcem
229 1610 372 1688 trahunt,
399 1630 462 1672 non
494 1613 586 1674 modo
608 1613 803 1695 frigidissime
828 1610 929 1695 (quod
952 1631 1015 1673 mo·

112 1690 183 1755 doato
201 1692 301 1771 dixi),
332 1692 503 1757 sedetiam
531 1699 685 1759 contrario
707 1697 810 1757 sensui
832 1694 1013 1775 evangelico

113 1776 220 1837 rabum
234 1776 348 1837 Christi
362 1784 503 1858 tractare,
527 1779 609 1859 quod
622 1781 732 1840 clarius
745 1779 902 1853 faciemus,
921 1796 1014 1856 quau-

113 1856 144 1919 do
161 1877 198 1921 ca
216 1859 344 1920 inferius
372 1862 624 1923 examinabimus.
669 1863 793 1923 Interim
821 1861 860 1921 de
881 1862 940 1921 hac
961 1880 1015 1920 au·

115 1942 219 2003 toritate
251 1943 325 2002 satis
360 1944 401 2003 sit
435 1946 465 2004 in
496 1964 617 2006 summa
640 1945 763 2006 dictum.
807 1943 898 2020 Quod
921 1944 946 2003 si
969 1944 1017 2003 cui

117 2022 202 2087 dves
223 2034 421 2106 arrogantur,
460 2027 531 2088 huic
564 2029 770 2089 necessariam
799 2045 923 2106 quoque
945 2046 1015 2086 esse

118 2102 190 2169 idem
211 2108 311 2186 Petri,
334 2109 417 2187 quod
439 2111 465 2170 si
486 2109 563 2171 fides
576 2111 657 2171 Petri
677 2111 852 2171 necessaria
874 2130 943 2170 esse
966 2130 1017 2170 ne·

119 2189 233 2271 flebitur,
267 2190 376 2251 cadem
413 2195 533 2254 ratione
562 2195 723 2274 negabitur
755 2201 785 2254 et
816 2194 918 2253 claves
948 2211 1017 2253 esse

119 2272 140 2331 ci
156 2273 256 2351 datas,
281 2293 350 2334 cum
373 2279 533 2355 utrumque
556 2276 681 2357 copulet
703 2284 734 2337 et
755 2279 921 2357 exprimat,
954 2278 1015 2335 imo

120 2350 192 2417 idem
214 2358 322 2437 magis,
346 2363 376 2417 et
387 2360 485 2437 primo
501 2367 629 2439 quaerat
641 2361 786 2421 Christus.
832 2359 932 2433 Quare
954 2377 1017 2418 non

120 2438 162 2498 risi
180 2439 217 2501 de
228 2439 363 2501 ecclesia
374 2440 525 2502 Christum
549 2463 618 2503 esse
641 2444 775 2503 locutum
799 2443 880 2502 clare
902 2440 1017 2501 intelli-

118 2520 188 2601 gitur,
208 2540 267 2583 nec
290 2521 328 2582 de
351 2543 413 2583 una
434 2525 551 2604 aliqua,
586 2525 640 2586 sed
663 2525 701 2586 de
724 2525 860 2604 qualibet
887 2526 917 2583 in
947 2543 1017 2602 qua-

119 2598 283 2686 interpone
306 2605 419 2669 mundi.

183 2688 336 2768 Secunde,
359 2689 729 2753 adduciturilluddohan.
753 2690 877 2750 ultimo:
901 2688 1017 2765 Simon,

120 2765 203 2852 diligis
224 2791 291 2849 me,
323 2791 417 2852 pasce
440 2793 514 2834 oves
537 2793 632 2833 meas.
676 2774 743 2833 Hoc
765 2773 863 2850 enim,
886 2773 957 2850 quia
979 2770 1017 2831 ad

119 2852 198 2915 tolum
220 2855 345 2915 Petrum
367 2855 479 2915 dictum
503 2864 641 2937 putatur,
675 2858 773 2937 ipsum
797 2875 889 2935 super
911 2874 1018 2914 omnes

119 2939 298 2999 constitutum
322 2939 515 2999 arbitrantur.
560 2941 684 3016 Verurn,
707 2939 789 3018 quod
804 2937 923 2998 ethaeo
945 2936 1018 2996 nihil

119 3016 230 3099 efficiat,
260 3020 404 3082 ostendo.
447 3022 565 3100 Primo,
588 3024 659 3101 quia
681 3023 883 3082 certissimum
905 3026 967 3095 est,
1001 3040 1018 3078 a

119 3096 191 3165 Petro
220 3103 336 3164 nullum
374 3105 586 3185 apostolorum
620 3126 689 3165 esse
722 3106 772 3165 vei
809 3110 942 3164 creatum
972 3102 1019 3162 vel

120 3184 234 3247 missum,
279 3184 382 3259 Quare
398 3207 585 3266 neoverum,
609 3209 667 3249 nec
678 3188 826 3268 possibile
849 3194 905 3264 cst,
928 3186 1019 3246 Petro

119 3280 208 3330 omnes
224 3288 300 3330 oves
316 3289 385 3331 esse
400 3272 589 3332 commissas.
635 3271 695 3332 Sed
707 3271 845 3352 generali
868 3269 1021 3330 sententia

119 3352 242 3414 cunibus
266 3350 397 3413 dictum:
422 3354 518 3414 Pasce
532 3373 606 3414 oves
622 3374 717 3415 meas.
760 3353 829 3414 Non
854 3355 933 3413 enirn
948 3352 1021 3412 dicit

118 3445 219 3507 omnes,
242 3434 373 3496 sicutad
386 3456 494 3497 omnes
510 3438 669 3517 apostolos
693 3438 781 3497 dicit:
805 3437 848 3497 lte
861 3437 892 3495 in
913 3434 1019 3496 orbem

118 3518 294 3593 uuiversum,
318 3526 349 3579 et
372 3518 482 3580 docete
505 3540 613 3580 ornnes
635 3528 753 3601 gentes.

183 3604 316 3677 Verum,
339 3621 398 3682 ego
422 3623 483 3663 non
508 3622 633 3682 possum
659 3605 734 3663 satis
757 3602 915 3678 admirari,
939 3600 1021 3679 quod

117 3732 403 3751 w..
409 3742 524 3750 ---.-..

143 3790 216 3856 1)1n
236 3791 302 3847 edit.
320 3792 429 3860 priore:
449 3796 542 3845 utrum
562 3790 663 3860 dignus
683 3793 726 3843 ait.
