2346 4208
446 254 480 313 de
498 272 718 328 rossemanne.
792 312 794 316 .
978 253 1042 322 419

114 501 116 504 ,
187 441 237 503 27.
260 440 373 503 Dicunt
394 444 465 524 hou,
488 445 543 506 sed
565 443 758 523 mentientes,
782 462 851 503 eum
872 443 961 504 fantis
984 445 1046 505 hoe

124 523 225 602 ipsum
247 523 366 595 sortiter
388 535 503 609 negent
520 534 556 602 ,et
577 528 733 603 damnent.
859 584 862 591 .

187 605 236 668 28.
269 607 376 688 Neque
408 613 434 671 si
467 611 596 694 angelus
625 610 663 671 de
697 610 786 690 eaelo
822 611 954 688 veniret,
988 608 1046 669 sibi

124 689 294 829 gontrsdiai
316 692 481 772 patiuntur,
502 713 604 774 neque
626 691 814 774 Paphnutius
836 691 972 753 infinitos
994 711 1047 752 au-

146 771 235 833 irent.

187 857 237 920 29.
259 856 294 916 iu
315 856 433 919 Nieeno
456 860 590 921 eoncilia
610 879 688 920 uuus
703 858 891 939 Paphnutius
913 857 1045 918 coneilio

123 939 244 1017 restitit,
267 958 325 1000 nee
348 947 450 1002 tamen
472 943 529 1003 fuit
550 943 738 1019 combustus,
761 941 817 1002 sed
837 939 989 1001 laudatus.

185 1023 234 1086 30.
262 1022 297 1084 In
327 1024 557 1086 Constantiensi
588 1025 649 1086 duo
671 1025 852 1107 Paphnutii,
884 1023 1046 1105 Scripturis

122 1105 478 1248 armztiwrestiterunt,
505 1127 564 1170 nee
596 1114 700 1171 tamen
728 1114 799 1169 sunt
832 1106 963 1184 laudati,
991 1105 1047 1168 sed

123 1204 195 1246 eom
218 1207 252 1248 us
268 1209 289 1248 1.

122 1385 357 1466 Disputatio
394 1388 613 1449 Oireularis
651 1386 832 1450 habenda
863 1388 1047 1467 proxima

120 1468 221 1529 ieris
256 1478 388 1554 sexta,
429 1470 682 1554 praesidente
711 1467 948 1532 D.'Martin0
981 1469 1046 1529 Lu·

502 1551 673 1633 theros).

386 1686 478 1749 Auno
503 1688 543 1754 Μ.
565 1689 602 1753 D.
624 1688 778 1750 XXXVII.

532 1824 639 1885 Utrum

209 1961 237 2020 1.
259 1957 372 2037 Homo,
396 1957 448 2036 qui
470 1957 543 2019 feeit
565 1976 696 2021 noenum
729 1977 889 2038 magnam,
911 1953 1046 2020 invitatis

124 2042 231 2101 omnia
252 2042 405 2120 paraverit
427 2041 465 2100 ad
490 2040 717 2124 comedendum
738 2040 854 2122 gratis?

207 2127 235 2186 2.
259 2123 407 2202 Christus,
431 2125 482 2203 qui
504 2144 560 2205 per
582 2125 729 2205 seipsum
751 2124 825 2185 feeit
845 2141 975 2186 noenum
997 2142 1046 2182 ae-

124 2214 232 2268 ternae
254 2207 372 2288 salutis,
395 2208 514 2273 voeatis
536 2228 592 2290 per
613 2208 808 2289 evangelium
825 2208 928 2271 omnia
945 2206 1049 2269 tribuit

145 2291 230 2351 ratis.

123 2311 144 2371 g
208 2376 236 2436 3.
266 2371 323 2448 Qui
346 2379 465 2433 vestem
487 2374 658 2454 nuptialem
680 2374 858 2455 intelligunt
880 2373 1048 2453 caritatem,

123 2456 249 2517 tolerari
270 2462 415 2536 possunt,
440 2455 534 2529 modo
557 2475 620 2519 nen
642 2458 775 2525 sentiant
797 2477 853 2538 per
875 2476 944 2522 eam
965 2457 1049 2516 iusti·

123 2537 210 2601 ficari
231 2540 387 2608 invitatos.
1036 2587 1039 2594 .

186 2624 216 2684 4.
238 2621 306 2682 Etsi
325 2623 404 2683 iuste
426 2619 589 2697 damnatur
608 2628 749 2698 rotatus,
772 2621 854 2701 quod
876 2620 1047 2683 nonhabet

124 2713 242 2767 vestem
266 2707 417 2783 caritatis,
437 2713 540 2766 tamen
562 2705 606 2784 is,
634 2706 684 2785 qui
706 2703 814 2784 habet,
836 2724 899 2767 nou
921 2723 977 2786 per
998 2703 1048 2764 vei
1121 2778 1122 2781 Ἴ

126 2797 252 2870 propter
274 2807 342 2849 eam
363 2786 554 2864 iustificetur,

208 2875 235 2935 5.
266 2871 393 2948 Fruetus
427 2879 473 2932 est
496 2871 636 2945 iustitiae
665 2872 790 2948 ueritas,
823 2889 887 2932 nun
922 2870 1047 2949 iustitia,

124 2955 183 3015 nisi
205 2956 359 3034 inceptam
379 2953 509 3031 dixeris,
533 2961 621 3035 ’qnae
648 2956 722 3033 quia
742 2955 862 3035 impura
884 2961 915 3014 et
936 2956 1048 3034 imper-

123 3038 205 3098 fecta
227 3045 283 3115 est,
305 3038 361 3099 sub
383 3039 566 3118 ignoscente
589 3037 798 3098 misericordia
818 3043 907 3118 gratu
928 3043 984 3098 est.

209 3124 237 3189 6.
261 3119 363 3200 Fides,
387 3139 465 3200 quae
487 3139 545 3188 nos
567 3122 666 3182 induit
686 3121 801 3182 iustitia
823 3121 952 3199 Christi,
976 3140 1047 3179 vere

125 3203 270 3284 nuptialis
293 3205 387 3264 vestis
412 3210 473 3283 est,
503 3210 534 3264 et
562 3223 695 3286 operosa
722 3211 770 3266 est
795 3223 852 3286 per
878 3204 1047 3281 caritatem,

125 3305 180 3348 seu
201 3287 273 3347 faeit
296 3305 392 3367 opera
414 3287 559 3350 tanaus.

200 3616 229 3676 *J
255 3613 286 3668 In
316 3614 358 3668 ed.
394 3614 461 3669 1558
491 3613 616 3667 additum
647 3620 702 3666 est:
750 3613 792 3666 De
819 3628 914 3665 cneus·
935 3603 1053 3682 magna'

125 3687 229 3738 Tantus
256 3694 349 3739 noster
372 3689 505 3753 repetitus
531 3691 573 3739 est
603 3702 637 3739 ex
656 3685 699 3738 ed¹
724 3685 799 3750 1538,
823 3685 885 3739 coli.
904 3683 946 3738 sd.
970 3685 1047 3739 1558.

127 3759 245 3821 (Waluh.
265 3757 331 3810 XIX
349 3773 376 3825 p.
396 3758 448 3813 109
467 3764 495 3812 et
515 3757 612 3824 1781).
768 3825 835 3892 27*
947 3847 949 3853 ,
