2346 4208
426 249 587 305 alleluiis
607 260 731 322 excepta

508 433 558 497 Ad
578 454 654 500 rena

198 601 372 666 Articulum
393 600 480 663 illum
501 620 658 682 nunquam
669 603 821 685 reputabo
833 605 1042 684 chdstiauum,

128 694 154 749 et
185 685 225 749 ob
254 685 318 749 hoc
337 683 470 766 Gregor.
493 684 589 751 anm.
612 687 662 751 28.
692 686 762 748 dist.
786 689 816 752 2.
843 689 951 769 repuli.
984 688 1043 751 Ne

127 789 181 850 quc
200 776 305 831 sctum
327 769 384 831 luit
404 767 484 831 inter
505 787 579 846 nos,
608 788 647 829 an
678 772 779 850 possit
806 770 872 833 dari
899 791 979 853 opus
998 774 1043 834 iu-

125 851 275 931 differem,
296 851 346 913 vel
369 872 411 914 au
426 852 527 913 omnis
547 852 612 913 vita
633 851 799 915 infidelium
821 856 862 916 sit
872 862 1044 935 peccatum,

125 937 167 998 ml
189 935 324 1013 similia,
358 953 438 1014 quae
459 934 543 996 huuc
563 937 732 1016 respiciunt
752 938 923 1000 articulum.
953 938 1044 1001 Unde

125 1019 199 1100 quod
230 1016 391 1100 palliando
414 1036 533 1079 errores
556 1018 728 1081 Hussiticos
756 1021 856 1082 innuit
875 1021 1043 1100 aliquando

124 1104 240 1165 sinistre
262 1100 358 1163 verbs
379 1101 526 1182 intelligi,
560 1103 640 1163 sicut
660 1102 795 1165 Domino
818 1104 953 1169 Obiisto.
974 1124 1043 1166 eve-

125 1187 208 1250 nerit.
233 1183 332 1263 Quae,
355 1202 443 1264 rugo,
467 1186 659 1264 comparatio
682 1185 759 1246 lucis
781 1186 821 1247 od
843 1187 966 1248 Belial?
991 1187 1043 1248 Jo-

125 1268 254 1331 bsnnem
276 1267 359 1328 Huss
382 1268 414 1327 in
435 1267 497 1327 hoc
519 1276 680 1347 comparat
692 1268 826 1348 Christo,
847 1289 911 1330 non
924 1289 1044 1351 passus,

125 1351 221 1433 quoad
258 1351 396 1411 vanitate
425 1348 655 1430 sugillationem
685 1353 717 1413 in
749 1361 837 1432 parte
865 1353 1043 1431 admissam,
1157 1410 1159 1417 ,

123 1453 168 1497 mc
187 1432 374 1514 compardre
401 1451 489 1494 sacra
516 1433 649 1494 eoncilia
675 1436 770 1496 saeris
794 1434 982 1517 seripturis(
1008 1436 1043 1497 In

122 1518 225 1600 quibus
250 1519 387 1596 utrisque
410 1523 458 1577 est
479 1515 650 1577 indubitata
672 1525 704 1579 et
723 1518 891 1581 infallibilis
919 1519 1042 1579 veritus.

122 1601 241 1663 llullum
277 1602 361 1661 enim
393 1597 592 1659 christianum
615 1618 740 1661 movere
761 1600 872 1680 debet,
902 1608 934 1662 et
960 1601 1043 1681 quod

123 1683 199 1763 dicit,
220 1683 359 1745 concilia
380 1700 451 1742 esse
472 1681 625 1759 homines,
649 1692 680 1744 et
700 1684 744 1745 ita
760 1690 927 1762 creaturas,
948 1692 980 1745 et
1000 1685 1046 1745 sio

122 1766 250 1911 glenus
282 1784 400 1846 posse,
436 1766 697 1843 nonnionem,
726 1773 760 1828 ut
791 1767 848 1828 luit
879 1766 1043 1829 concilium

143 1851 307 1933 pbcsinum
329 1869 350 1908 a
368 1848 489 1925 Leone,
513 1846 626 1925 credo,
658 1850 743 1929 Papa
778 1849 975 1926 damnatum,
1012 1857 1046 1910 ut

124 1934 326 2010 Ariminenses,
347 1930 611 2012 Aquisgranense,
635 1939 708 1992 tune
729 1952 792 1993 non
815 1939 887 1993 sunt
903 1934 1044 2010 concilio„
1142 1958 1146 1965 ·

125 2017 173 2078 scd
207 2013 426 2078 conciliabula.
473 2013 563 2075 Unde
585 2017 689 2094 potius
711 2015 772 2075 hoo
795 2017 1045 2078 constantissima

124 2097 177 2162 lde
197 2108 307 2160 tenere
331 2096 490 2175 debemus,
513 2096 659 2175 quidquid
671 2099 804 2159 concilia
825 2099 960 2180 legitime
973 2118 1044 2160 con-

124 2189 245 2263 gregata
253 2184 283 2241 in
290 2181 349 2259 his,
361 2199 441 2259 quae
454 2177 612 2255 sumnum,
620 2180 886 2243 determinaverint
898 2192 928 2242 et
939 2182 1044 2242 defini·

126 2269 228 2342 verim,
251 2284 322 2326 esse
334 2264 546 2324 certissimum.
570 2263 620 2324 Sic
635 2265 715 2323 enim
729 2265 866 2325 Christus
878 2274 981 2325 manet
992 2285 1045 2324 no·

126 2347 236 2410 biscum
259 2367 358 2426 usque
381 2346 421 2405 ad
444 2348 741 2406 consummationem
765 2348 870 2410 seculi.
892 2348 932 2408 Et
945 2350 970 2408 ei
983 2348 1043 2408 duo

127 2432 304 2512 congregati
340 2431 452 2489 fuerint
480 2431 509 2488 in
539 2431 664 2489 numine
697 2450 776 2490 meo.
810 2431 1045 2491 Praerancidum

125 2521 184 2593 est,
214 2515 290 2593 quia
311 2513 452 2574 homines
475 2514 597 2571 suntin
621 2513 773 2591 concilio,
818 2523 850 2573 et
879 2516 921 2574 ita
944 2533 1045 2575 errare

126 2604 268 2675 possunt3
291 2616 363 2656 nam
387 2596 444 2655 etsi
467 2603 500 2654 ut
520 2595 662 2654 homines
685 2596 874 2657 defectibiles
898 2599 973 2673 sint,
995 2616 1045 2656 ve·

125 2700 183 2740 mm
207 2682 238 2740 in
275 2678 441 2739 concilium
471 2677 606 2756 legitime
628 2681 828 2759 congregati,
859 2699 920 2739 non
943 2680 1046 2738 huma-

125 2782 160 2824 no
182 2783 277 2824 sensu
300 2760 345 2838 1),
365 2760 419 2820 sed
443 2762 550 2840 spiritu
574 2761 689 2838 divino,
713 2769 745 2821 ut
767 2762 955 2841 satp1·obata
977 2765 1046 2837 sint,

125 2865 198 2924 quae
222 2845 390 2905 concilium
413 2844 571 2922 probavit,
594 2852 625 2905 et
647 2864 709 2905 non
732 2853 803 2905 sunt
823 2864 878 2923 per
899 2847 1046 2923 cuiusque

125 2929 365 3009 singularitatem
380 2926 429 2985 vel
453 2927 680 3006 capitosilatem
704 2928 829 2988 ulterius
844 2927 1046 3005 discutienda,

125 3012 175 3074 sed
203 3012 363 3090 captivare
404 3010 551 3069 debemus
580 3011 767 3070 intellectum
799 3012 830 3070 in
865 3012 1045 3088 obsequium

126 3093 200 3155 fidei.
224 3093 328 3168 Quare
350 3094 454 3168 miror,
477 3091 562 3170 qnod
586 3100 703 3152 textum
726 3096 891 3172 negaturus
911 3093 1045 3153 Siculum

127 3184 400 3238 commentatorem
423 3174 555 3235 admittit
576 3176 838 3236 panormitanum.

203 3261 256 3321 Sic
279 3259 363 3338 quod
385 3266 542 3338 postremo
567 3258 697 3319 adduxit
724 3264 763 3319 e‘x
787 3260 886 3319 verbis
910 3260 1044 3338 apostoli

127 3351 214 3422 putet,
238 3343 277 3404 de
288 3342 488 3405 fundamento
507 3361 629 3420 semper
651 3342 724 3416 dixi,
747 3343 808 3402 hoo
830 3363 899 3402 esse
922 3342 960 3401 de
983 3362 1046 3402 om·

129 3429 206 3487 nium
242 3424 464 3487 catholicorum
498 3427 667 3502 sententia,
698 3426 849 3485 Christum
872 3445 941 3487 esse
958 3432 1049 3505 caput

133 3566 242 3576 nmo—m.
252 3569 459 3576 m---u-
466 3569 548 3575 ---.--

163 3653 190 3719 l)
212 3653 382 3705 Loescherus
403 3668 438 3704 ex
458 3652 518 3705 cod.
538 3649 602 3705 MSo
620 3652 689 3703 haec
708 3649 814 3702 reddit:
841 3667 895 3704 non
924 3651 1046 3703 humano

131 3739 224 3791 sensu,
255 3724 303 3777 sed
324 3727 423 3792 spiritu
444 3724 537 3775 divino
563 3726 622 3791 regi
643 3722 808 3775 credendum
830 3732 881 3789 est,
909 3723 980 3776 unde
1006 3728 1048 3775 sat

132 3798 244 3864 probatu
264 3801 337 3863 sunt,
357 3812 429 3866 quae
448 3795 595 3849 concilium
614 3795 743 3864 probavit
762 3799 813 3848 etc.
