2346 4208
129 263 194 341 244
379 271 471 332 ltcsol.
491 278 519 334 L.
537 295 621 348 super
640 269 826 348 ¹l’ropooitiolt.
890 348 895 357 .

132 484 197 523 sum
220 464 360 541 reddere,
383 463 455 523 dum
473 464 546 524 mihi
568 470 599 525 et
613 465 772 544 ingenium
795 470 827 525 ct
848 461 1028 525 eruditionem

131 554 237 608 nescio
265 554 409 626 quantam
440 547 551 610 tribuit.
594 547 672 607 Nam
704 553 736 607 ut
766 546 829 609 hoo
849 546 941 607 etiam
960 544 1029 619 sciat,

96 626 101 635 '
131 650 180 690 me
208 649 332 709 qnoque
365 630 505 690 nonnihil
533 631 651 710 gloriae
683 629 825 691 retulisse
854 649 895 691 ex
920 627 1030 708 disputa
1072 634 1074 681 ζ

130 715 214 773 tione
236 715 305 774 ista.
329 712 447 774 Tribuit
461 713 534 777 mihi
545 713 656 773 Eccins
680 713 897 791 eruditionem,
919 710 1030 773 tribuunt
1069 714 1074 799 j

126 789 162 856 et
181 796 363 876 Lipsenses,
392 795 470 856 adeo
506 797 671 878 (qnantum
703 797 785 857 fama
814 796 902 876 cepi)
933 799 965 855 ut
985 790 1029 852 nid

128 879 224 939 Eccio
245 878 448 953 lsubsidiarias
477 899 553 959 opes
582 878 776 941 suffecissent
803 880 877 959 ipsi,
900 877 1030 939 fatemur

127 961 296 1021 Eccium'a
317 981 367 1022 me
388 962 483 1023 fnisse
504 969 709 1042 prostratum,
743 969 836 1040 atque
858 963 902 1023 ita
922 957 1030 1021 victum

127 1046 188 1105 iarn
211 1045 249 1104 ah
272 1044 366 1106 Ecoio
388 1046 419 1104 in
441 1045 605 1126 Lipsenses
626 1046 735 1124 incipit
755 1046 899 1127 migrare.
936 1042 1030 1103 Ruso

129 1127 259 1202 dicitur,
292 1128 377 1187 illum
391 1127 595 1208 ‘magnificum
618 1134 865 1206 contemptorem
886 1126 1029 1206 Lipsensct

127 1210 271 1271 habuisse
294 1230 348 1290 pro
372 1210 461 1271 bonis
485 1212 608 1290 quidem
630 1210 822 1290 hominibus,
857 1208 912 1271 sed
934 1205 1028 1286 inqui

127 1293 183 1354 bns
205 1294 299 1374 longe
320 1294 408 1373 plura
430 1301 606 1373 sperasset,
637 1301 669 1354 et
697 1313 732 1354 se
753 1293 854 1358 solnm
884 1292 985 1354 omnia
1001 1288 1030 1349 fc·

127 1394 216 1439 orsae.

209 1492 255 1553 Ita
290 1492 379 1552 vides
406 1511 520 1553 novam
544 1491 698 1572 quandam
732 1490 890 1553 Iliada‘et
910 1486 1030 1551 Aeneidl

130 1575 201 1635 illos
226 1583 359 1653 cantare,
383 1584 414 1635 et
435 1595 483 1635 me
507 1576 614 1635 saltem
637 1575 774 1634 Hectora
795 1581 827 1636 et
848 1574 981 1635 Turnum
997 1588 1030 1633 ar

127 1657 246 1736 bitrem,
285 1678 346 1738 quo
376 1658 461 1717 illum
492 1659 643 1718 Achillem
674 1666 705 1717 et
734 1657 875 1719 Aeneam
906 1658 1030 1731 statuam
1059 1716 1062 1721 .

128 1743 185 1800 nisi
208 1740 292 1821 quod
315 1743 345 1801 in
368 1741 429 1802 hoc
451 1742 579 1801 victoria
600 1740 748 1817 fluctuat,
785 1761 824 1801 an
855 1741 919 1801 suis
939 1738 969 1801 id
987 1736 1029 1797 Ec

127 1825 191 1883 cius
222 1825 423 1905 praestiterit,
459 1843 499 1883 an
521 1824 712 1904 Lipsensinm
740 1823 855 1884 viribus
891 1830 924 1885 et
943 1820 1051 1903 copiis,

127 1906 249 1967 Certum
275 1915 322 1968 est
342 1909 443 1987 ipsum
465 1907 565 1967 solum
587 1925 709 1986 semper
724 1907 887 1987 clamasse,
909 1906 977 1969 illos
993 1920 1030 1965 aa·

126 1996 187 2049 tem
210 2009 333 2071 semper
354 1992 507 2069 tacuisse,
539 1995 669 2070 putasne
693 2008 820 2070 magnas
844 2008 894 2051 me
916 1989 974 2051 illis
994 1984 1030 2047 dc·

127 2073 200 2133 here
223 2073 358 2154 gratias?

209 2208 269 2269 Sed
291 2208 385 2269 redeo
408 2208 447 2268 ad
470 2208 660 2288 Philippum,
695 2225 786 2286 quom
820 2212 940 2267 tantum
961 2204 1029 2267 abed
1069 2216 1074 2277 t

127 2297 159 2350 ut
182 2291 260 2350 ullus
284 2292 395 2351 Eccius
418 2291 492 2350 mihi
512 2291 642 2352 reddere
664 2291 764 2370 possit
784 2290 989 2367 invidiosum,
1005 2290 1029 2347 ul
1070 2286 1074 2343 i

125 2375 155 2431 in
178 2375 262 2433 omni
281 2394 350 2435 mea
370 2375 565 2455 professione
588 2373 663 2433 nihil
682 2373 792 2433 ducam
814 2368 1029 2452 antiquinsPhi·

125 2455 199 2536 lippi
221 2457 351 2535 calculo,
365 2459 450 2518 cuius
472 2458 561 2516 unius
583 2457 729 2517 indicium
746 2462 778 2516 et
800 2457 952 2517 autoritas
972 2450 1028 2515 nili

125 2546 207 2600 stant
228 2560 283 2619 pro
308 2542 411 2602 multis
427 2539 554 2600 milibus
577 2539 771 2601 sordidorum
785 2538 962 2603 Ecciorum.
980 2534 1029 2600 lle

125 2641 185 2701 qus
207 2643 256 2683 me
278 2624 382 2704 pudet,
405 2624 462 2683 etsi
472 2623 650 2703 Magistrum
673 2623 803 2701 Artium,
825 2619 1028 2703 Philosophiae

124 2712 155 2764 et
175 2706 378 2788 'lheologiaa
397 2714 427 2766 et
449 2704 590 2766 omnihus
612 2725 715 2786 paene
727 2705 812 2765 Eccii
835 2705 932 2767 titulis
953 2702 1028 2783 insig-

124 2808 210 2865 nem,
242 2791 268 2849 si
290 2791 377 2850 huius
400 2789 473 2848 mihi
494 2790 724 2868 grammatistae
752 2788 934 2850 dissenserit
960 2789 1029 2867 inge

124 2873 223 2949 nium,
246 2892 316 2934 meo
338 2892 432 2934 sensu
455 2872 575 2950 cedere,
599 2871 681 2950 quod
705 2877 736 2931 et
757 2872 881 2951 saepius
903 2871 980 2949 feci,
1006 2872 1031 2929 cl

124 2956 261 3033 quotidie
283 2957 379 3034 facio,
411 2954 452 3016 ob
475 2955 609 3015 divinum
640 2954 772 3032 donum,
801 2954 883 3032 quod
908 2952 1030 3015 Deusin
1059 3022 1066 3039 ,

123 3038 182 3098 hoc
203 3038 298 3100 fictile
321 3039 478 3100 vasculum
509 3039 621 3109 (Eccio
644 3037 767 3117 quidem
790 3030 1030 3118 contemptibilc]

123 3120 208 3202 larga
240 3122 458 3183 benedictione
488 3121 607 3181 infudit.
650 3121 823 3201 Philippum
852 3138 916 3180 non
941 3117 1032 3193 laudo,

122 3212 261 3265 creatura
283 3213 331 3266 est
344 3206 401 3265 Dei
424 3212 455 3265 et
477 3205 562 3285 nihil,
585 3204 640 3264 sed
664 3222 741 3284 opus
755 3204 813 3263 Dei
835 3204 897 3263 mei
920 3202 1032 3283 inipso
1072 3206 1074 3259 l

123 3307 264 3349 veneror.
308 3289 373 3348 Neo
394 3287 520 3347 Eccium
543 3289 705 3367 vitupero,
740 3286 793 3346 sed
824 3304 946 3347 crassas
967 3287 1033 3347 istut

121 3371 320 3432 seminandae
344 3371 517 3431 discordiae
550 3376 582 3431 et
608 3370 743 3430 invidiae
767 3370 971 3431 concitandae
990 3386 1033 3429 va·

121 3453 217 3514 fritias
241 3462 306 3516 toto
330 3454 425 3515 corde
436 3454 574 3516 detestor
584 3453 819 3532 abominorque,
842 3471 921 3531 quas
943 3468 1033 3531 neque

121 3536 353 3617 frequentiores,
377 3557 477 3617 neque
490 3537 687 3617 maligniores
710 3554 838 3614 usquam
855 3536 928 3614 vidi,
952 3552 1033 3616 quam

120 3622 150 3680 in
165 3620 271 3699 Ecoio,
296 3621 403 3701 quibus
427 3628 458 3681 ot
479 3640 579 3700 paene
600 3621 693 3679 totius
716 3625 841 3679 nostrae
864 3617 1034 3700 disputatio

121 3705 167 3763 nis
190 3704 373 3785 farraginem
389 3704 592 3764 fermentavit.
614 3703 692 3762 Nam
704 3702 763 3762 hac
778 3721 840 3762 nna
853 3702 924 3765 sola
945 3717 1034 3784 paene
