2346 4208
129 237 193 304 330
360 240 453 293 Resol.
472 239 504 294 L.
523 255 607 307 super
625 240 818 306 Propositione

130 431 326 505 praeceptum
350 424 496 500 divinum,
519 424 569 484 ubi
583 424 686 504 ignem
705 442 797 485 nemo
809 425 954 502 minetur,
975 423 1037 504 quin

132 507 349 587 glorificantur,
372 515 403 569 et
424 507 525 567 adhuc
542 507 656 568 bonum
670 514 781 568 statum
794 506 951 570 ecclesiae
970 524 1039 567 sorn-

133 592 260 668 nismus,
273 610 331 650 nec
342 591 552 651 antichristum
563 593 593 650 in
609 590 710 650 medio
723 591 828 670 templi
840 590 1038 671 agnoscimus

194 674 297 753 Igitur,
319 693 381 734 vox
404 676 462 733 isto
484 673 675 753 blasphemis
689 685 735 733 est
756 674 951 753 impiissime,
967 670 1037 753 quod

131 758 237 818 Petrus
260 758 327 816 iura
341 757 483 817 coelestis
501 758 618 836 imperii
632 763 743 835 teneat,
767 776 835 816 cum
847 757 951 817 solum
965 755 1038 816 mini·

130 842 253 901 sterium
267 839 350 901 verbi
365 847 469 900 teneat
480 841 510 898 in
524 847 613 917 terre,
636 839 772 900 Christus
785 840 871 901 solus
893 841 935 901 sit
945 838 976 918 ¹)
989 838 1038 900 cc

130 926 228 984 minus
242 923 322 983 coeii
335 930 366 982 et
377 930 485 984 terrae.
529 922 649 983 Deinde
671 924 831 1002 imperium
843 927 997 984 terrenum
1013 926 1038 983 d

131 1006 267 1067 Christus
280 1005 311 1083 ²)
337 1006 442 1066 docuit
468 1013 500 1066 et
520 1007 627 1066 Petrus
654 1014 863 1068 contemnere.
906 1006 966 1067 Hic
987 1022 1037 1067 uon

131 1109 191 1150 non
216 1090 315 1149 solum
339 1109 400 1149 non
423 1089 546 1166 habere,
569 1088 727 1150 sedetiam
747 1091 813 1150 iure
833 1090 901 1150 eius
915 1091 1035 1150 inmmu

130 1174 209 1232 Petri
232 1173 399 1236 constituit.

211 1255 292 1315 Hinc
313 1263 450 1316 secutum
472 1262 519 1316 est
541 1256 665 1333 melum,
688 1255 771 1334 quod
793 1253 1034 1315 adulatorcslio

132 1358 253 1398 menum
276 1337 454 1418 pontificem
475 1341 505 1399 in
529 1346 659 1418 utroque
678 1358 774 1418 regno
799 1337 957 1398 dominum
976 1354 1033 1397 con·

133 1424 275 1500 stituunt,
306 1422 387 1500 quod
411 1442 469 1482 nec
493 1422 614 1483 Christo
638 1422 760 1501 quidem
784 1422 976 1496 detumeat,
992 1417 1032 1499 qni

132 1525 220 1565 suum
242 1525 368 1586 regnum
398 1513 493 1585 neget
531 1525 570 1565 ex
600 1505 661 1566 hoc
683 1505 796 1566 mundo
819 1523 899 1565 esse.
941 1503 1032 1565 unm

131 1595 243 1665 eutem,
266 1588 347 1667 quod
371 1589 476 1649 Petrus
498 1588 654 1649 Neronem
677 1589 847 1668 principem
871 1588 1032 1667 passusoet,

131 1691 192 1732 non
207 1671 299 1732 modo
311 1674 342 1731 in
357 1672 467 1748 Roma,
490 1671 649 1732 sedetiam
671 1673 702 1731 in
726 1693 781 1731 sus
801 1690 903 1748 cruce,
925 1670 975 1749 qui
991 1684 1033 1748 po

131 1757 188 1815 tuit
209 1757 237 1815 ei
259 1757 326 1815 inre
348 1757 458 1815 terreni
477 1757 595 1834 imperii
618 1756 762 1831 auferre,.
783 1760 835 1814 aut
857 1760 942 1815 certe
960 1752 1032 1813 trivo

130 1839 191 1898 ium
216 1846 247 1898 et
268 1839 393 1917 impium
416 1846 479 1917 est,
508 1857 718 1899 successorem
744 1838 823 1899 Petri
845 1837 908 1897 hoc
929 1852 1033 1915 pressu

131 1941 231 2000 merc,
264 1921 347 2000 quod
369 1923 399 1980 in
422 1921 511 1982 Petro
535 1941 597 1982 non
619 1921 714 1980 fuisse
736 1921 878 1981 cernitur.
921 1918 1034 1980 Peren

131 2024 204 2086 ergo
228 2005 479 2084 arrogantissime
501 2004 734 2078 vccabuieiste,
755 2004 889 2083 Imperii,
911 2003 976 2065 iure
991 1999 1033 2059 iu·

130 2090 222 2168 perii,
257 2087 401 2147 coelestis
425 2094 455 2147 et
478 2088 588 2148 terreni
616 2088 746 2168 imperii.
789 2086 855 2147 soli
876 2085 944 2148 Deo
972 2083 1034 2144 mes

131 2172 333 2246 conveniunt,
355 2172 493 2231 ministro
516 2171 667 2231 ecclesiae
688 2177 719 2230 et
740 2169 909 2248 secerdoti,
941 2162 1033 2230 Christi

131 2274 231 2331 seruc,
250 2253 438 2314 modestiore
460 2253 638 2314 tribuentur.

396 2372 538 2451 Sequitur
561 2371 667 2432 endem
692 2370 791 2450 palea.

215 2454 283 2514 Non
308 2474 381 2536 ergo
406 2455 693 2534 quaelibetterrena
714 2453 876 2531 sententie,
901 2450 955 2514 sed
974 2444 1034 2511 illud

132 2539 273 2615 verbnm,
304 2557 364 2617 quo
388 2545 593 2598 constructum
620 2544 666 2598 est
688 2537 808 2596 coelum
832 2546 862 2597 et
885 2544 974 2611 terra,
992 2548 1035 2615 per

133 2621 215 2702 quod
238 2621 370 2699 denique
394 2622 498 2681 omnia
521 2621 645 2681 condite
668 2628 737 2679 sunt
753 2621 918 2698 elementa,
939 2618 1034 2679 Rom

134 2725 203 2766 nam
226 2704 365 2764 fundavit
388 2704 560 2764 ecclesiam.

217 2788 297 2847 Vide
314 2794 469 2864 monstra,
502 2796 555 2848 eut
586 2787 664 2846 haec
687 2786 724 2846 de
747 2785 814 2846 sois
837 2785 970 2846 ecclesis
988 2782 1035 2844 Ro

134 2892 225 2932 mano
247 2872 400 2945 dicuntur,
436 2878 466 2930 et
488 2872 639 2950 sequitur,
673 2888 781 2930 omnes
804 2868 880 2928 alies
905 2864 1036 2939 ecclesis·

133 2975 201 3015 esse
225 2964 345 3014 terrena
368 2955 519 3025 sententio
544 2960 691 3030 statutas,
725 2961 756 3012 et
777 2953 844 3010 sine
867 2950 961 3013 verbo
982 2946 1036 3023 Dei,

133 3040 198 3099 sine
222 3057 281 3117 quo
305 3037 379 3096 nihil
401 3037 513 3097 factum
538 3043 600 3113 est,
631 3035 712 3115 quod
734 3036 848 3095 factum
872 3041 935 3111 est,
957 3029 1037 3093 etsie

134 3141 240 3183 omnes
264 3121 343 3180 eliae
366 3120 516 3180 ecclesiae
539 3128 609 3180 sunt
636 3119 726 3198 nihi13
764 3125 816 3178 eut
843 3117 933 3178 simul
960 3115 1035 3177 etism

135 3204 172 3265 de
195 3205 261 3265 eliis
285 3204 423 3263 ecclesiis
441 3202 673 3283 intelligendum
698 3210 753 3282 est,
777 3220 846 3261 esse
859 3201 976 3261 scilicet
995 3212 1035 3259 ott

133 3287 335 3369 perverbum
360 3287 439 3362 nei,
474 3287 554 3366 qnod
592 3287 695 3346 omnia
727 3283 880 3362 condidit,
914 3286 1035 3345 stauos.

134 3371 174 3432 nt
189 3372 332 3450 'sequitur
353 3370 434 3445 hinc,
458 3370 531 3430 nihii
555 3369 709 3450 singulare
733 3368 770 3428 de
792 3367 936 3429 Romane
956 3362 1033 3427 ecclc

135 3456 180 3515 sia
202 3454 284 3529 dici,
317 3455 374 3513 nisi
398 3455 521 3512 inanem
541 3472 686 3533 pompam
710 3450 910 3532 syllabarum.
952 3445 1033 3510 utin

135 3537 330 3599 decretistem
355 3536 436 3596 hunc
464 3544 516 3596 aut
544 3534 729 3596 intolerabili
759 3535 918 3614 impietate
939 3540 1033 3611 negem

169 3711 199 3778 1)
223 3709 251 3760 in
272 3710 335 3764 edit.
355 3713 460 3778 priore:
481 3715 523 3760 est
550 3709 579 3769 2)
603 3706 683 3760 ibid:
702 3707 850 3775 imperinm
871 3710 1025 3760 essarrorum

133 3779 269 3835 Christus.
