2346 4208
193 284 198 295 ·
231 296 234 301 ·
302 260 830 348 'ssupsrsxpurgsuonsnsama
858 278 882 293 '¹
1005 262 1046 341 57

206 460 371 524 Praetereo
400 467 505 524 setara
538 464 607 543 eius
638 463 789 545 epistolas
823 482 893 525 eum
920 462 1047 544 reliquis

123 549 279 624 monstra,
312 546 364 624 qni
396 546 421 605 si
447 549 518 620 (tuo
539 553 644 622 more)
670 545 832 620 ‚vindictae
846 546 949 607 furore
969 546 1047 608 fure

122 644 189 690 rem
206 625 256 706 ¹),
288 627 373 688 brevi
412 628 598 708 compendio
627 636 658 690 te
690 631 747 691 toti
783 629 848 711 orbi
885 627 1048 710 traderem,

123 710 326 791 qualisqualis
371 726 422 789 es,
464 711 546 774 edita
577 714 608 773 iu
638 713 749 796 vulgus
777 731 816 774 ea
831 710 859 792 ²)
895 712 1049 795 etaltera

124 793 269 876 epistola,
292 793 347 854 sed
360 794 540 878 theologico
561 797 679 858 nomini
701 815 806 877 pareo,
828 797 871 856 tui
895 796 976 857 enim
998 796 1049 857 'rue'

122 877 309 938 inveritate
331 879 462 961 miseret.
504 879 582 939 Nam
616 878 699 959 quod
729 899 785 962 par
806 882 920 951 'totam'
939 884 1049 960 ex'pur‘·

124 961 283 1041 gallonem
305 980 369 1021 non
392 961 450 1021 uisi
472 962 734 1024 criminationibus
756 963 816 1023 mei
840 968 957 1041 soates,
979 980 1048 1036 oum

122 1042 161 1103 id·
177 1042 289 1121 iosias,
320 1044 431 1105 misera
452 1045 655 1107 simulationis
683 1046 887 1126 oonseientia,
921 1050 1049 1125 sperans

122 1125 185 1186 baa
204 1126 270 1200 via,
292 1132 323 1187 te
346 1145 382 1202 os
408 1126 571 1189 obliturum
596 1134 627 1190 et
649 1140 771 1188 manum
795 1127 970 1208 additurum¹
991 1129 1050 1213 toti

126 1208 253 1270 mundo.
304 1208 389 1271 Scito
425 1210 502 1288 hoe,
536 1211 799 1273 criminationibus
845 1211 904 1272 mei
942 1220 973 1273 et
1006 1210 1050 1272 tui

124 1291 379 1372 bipsensinmqus
409 1293 501 1354 laude
532 1314 658 1375 prorsus
680 1294 762 1356 nihil
780 1312 926 1373 moveor,
960 1295 1050 1355 simu'-

125 1373 294 1435 lationibus
324 1381 426 1437 autem
456 1378 515 1437 tuis
543 1397 644 1458 paene
672 1378 814 1440 oeoidor:
858 1375 941 1457 quod
963 1396 1049 1439 mon-

124 1464 221 1518 strum
245 1464 277 1518 et
297 1457 435 1520 Ohristus
456 1463 592 1521 omnium
613 1462 806 1542 iniquissime
823 1459 910 1539 tulit,
941 1478 1049 1540 peona

124 1547 210 1602 tores
238 1539 353 1620 alioqui
376 1548 407 1603 et
427 1542 610 1622 publicanos
639 1550 763 1624 apertos
786 1542 967 1603 suavissime
987 1562 1049 1604 am-

123 1622 243 1704 plexus.
276 1623 317 1684 Et
338 1625 410 1704 quid
435 1625 552 1687 odisset
572 1628 685 1687 veritas
701 1625 879 1687 dulcissima
891 1624 935 1703 ⁸),
957 1644 1050 1705 quam

123 1705 263 1767 veritatis
284 1706 390 1769 hostes
412 1708 501 1770 titulo
523 1711 660 1770 veritatis
683 1729 717 1770 se
738 1704 948 1787 venditantes!

209 1788 321 1868 Porr'o,
343 1790 477 1862 iudices,
501 1811 595 1872 quare
615 1792 736 1853 iactas?
766 1811 804 1852 an
839 1789 926 1873 quod
944 1800 1051 1852 eornm
1075 1786 1079 1792 ’

127 1872 484 1954 senteutiamilluseris,
518 1881 551 1936 ut
572 1877 745 1947 inveniatur
771 1875 915 1955 iniquitas
937 1877 991 1933 tua
1012 1873 1051 1933 ad

125 1953 258 2015 odium?
280 1954 437 2017 Habemus
459 1963 542 2018 tuam
557 1960 824 2039 expurgationem,
847 1975 938 2037 quam
957 1956 1053 2098 oppo-

125 2056 236 2112 namus
258 2039 403 2100 universo
426 2040 550 2119 mundo,
574 2041 693 2103 dooturi
716 2041 870 2122 Lipsioam
891 2039 972 2100 bano
1013 2039 1052 2099 is·

124 2121 320 2200 putationem
344 2121 438 2183 luisse
459 2123 623 2185 ludibrium
645 2122 801 2201 raritatis,
832 2128 863 2183 et
884 2121 1052 2183 Ennianum

116 2203 365 2286 simulationem,
388 2224 467 2285 quae
488 2207 577 2267 latius
599 2208 743 2288 pandam,
764 2206 816 2268 ubi
829 2204 966 2284 ampulla
988 2210 1051 2283 tua,

124 2305 218 2366 quam
241 2288 388 2366 parturis,
415 2289 569 2369 prodierit.
616 2291 739 2352 iuterim
762 2291 802 2351 ad
824 2290 942 2369 reliqna
962 2287 1051 2348 huius

124 2369 307 2448 sterquilinii
330 2372 373 2430 tui
397 2373 586 2451 respondere
608 2374 698 2452 nolo,
723 2392 781 2434 nea
804 2392 881 2453 opus
904 2378 967 2445 est,
990 2390 1051 2432 una

123 2450 193 2594 bast
216 2460 308 2595 parte
346 2457 511 2516 summaria
544 2457 618 2517 satis
662 2462 871 2532 monstrante,
917 2455 969 2533 qui
1009 2454 1051 2514 sis

123 2554 155 2594 m
194 2552 257 2598 oo.

208 2616 248 2677 Et
269 2624 303 2678 ut
322 2617 446 2678 redeam
469 2619 511 2695 ad
530 2627 577 2698 te,
613 2619 681 2680 dioo
716 2626 746 2680 et
769 2635 911 2701 propono
945 2637 1049 2679 eoram

124 2707 157 2760 te
190 2705 221 2761 et
242 2702 385 2763 universo
409 2700 502 2782 orbe,
536 2709 741 2784 repetensque
769 2708 801 2763 et
832 2703 942 2762 iterum
964 2701 1048 2762 dieo:

124 2782 289 2843 Garlstadii
325 2785 555 2863 propositiones
590 2805 658 2846 esse
693 2805 802 2863 veras,
840 2784 980 2845 similiter
1021 2791 1052 2845 et

125 2884 225 2926 meam
249 2866 424 2945 epistolam.
468 2867 508 2928 Et
529 2875 563 2929 ut
585 2868 638 2929 tibi
662 2869 781 2929 fortiter
802 2867 973 2945 iuouleem,
1010 2886 1050 2928 ne

123 2947 228 3008 aliena
260 2950 374 3011 intutus
415 2953 576 3030 proposita
612 2954 708 3027 (sieut
742 2951 842 3024 soles)
883 2950 1049 3029 relinquas,

123 3032 301 3092 maiusculis
322 3031 418 3095 literis
440 3031 609 3116 designabo
632 3054 797 3094 summam:

208 3112 247 3174 Si
279 3114 345 3175 has
374 3119 681 3196 propositiones
712 3136 822 3177 veras
857 3133 943 3174 esse
966 3133 1050 3175 oon·

123 3195 251 3275 aedis,
286 3198 386 3277 quod
409 3197 574 3260 liberum
604 3200 808 3261 arbitrium
838 3203 931 3257 ante
963 3216 1050 3278 gra·

123 3279 218 3339 tiam
247 3298 320 3339 non
358 3279 482 3342 solum
516 3302 590 3343 non
614 3289 802 3360 meretur,
838 3279 902 3340 sed
934 3280 1049 3340 etiam

122 3369 264 3442 peceat
287 3362 569 3427 damnabiliter
599 3365 746 3443 (audis,
781 3364 910 3442 audis,
941 3363 1048 3440 Enni,

123 3465 169 3506 ne
192 3447 393 3527 simules),
424 3455 461 3508 et
482 3450 730 3529 propinquat
759 3467 834 3508 non
857 3447 980 3508 solum
1004 3446 1048 3525 ei,

195 3717 223 3785 1)
242 3716 273 3770 In
293 3716 336 3771 ed.
357 3718 439 3786 orig.:
459 3718 570 3771 fureret.
609 3717 642 3784 2)
664 3718 694 3771 ln
713 3719 755 3772 sd.
773 3717 831 3772 len.
849 3723 876 3772 st
894 3718 981 3772 wilt:
999 3724 1049 3772 est.

121 3791 151 3860 3)
170 3789 203 3843 ln
222 3787 265 3844 ed.
284 3789 344 3844 len.
362 3788 407 3843 hie
424 3790 599 3844 intersertum
618 3791 730 3858 legitur:
751 3793 850 3861 magis.
