2346 4208
119 252 161 319 16
328 255 372 308 Ad
391 255 595 326 Aegocerotcm
613 256 799 312 Emscrauuru

119 445 191 506 Non
225 451 273 505 eat
303 445 424 542 integer
451 444 648 525 Aegoceros,
685 446 741 506 sed
772 448 852 507 sicut
879 445 1041 524 Priamum,

121 535 280 608 amputato
304 531 423 609 capite,
457 534 596 588 truncum
627 536 659 589 et
689 531 757 590 sine
782 531 909 590 nomine
932 548 1042 626 corpus

120 612 257 693 appellat
288 622 397 691 poeta,
431 613 474 671 ita
507 631 565 692 ego
595 612 714 672 Emscri
750 614 809 673 mei
838 632 901 674 uon
930 613 1042 694 integri

120 694 258 777 figuram,
283 696 421 758 abscisso
444 713 592 790 corpore,
614 695 737 756 foedam
762 715 909 774 cernens,
932 715 1041 776 queam

121 778 238 840 dicere:
261 779 469 838 Truncumt
438 786 469 838 et
490 780 557 838 sine
578 798 708 858 corpore
730 799 860 858 nomen,
894 779 957 840 hoc
986 784 1042 858 est,

120 864 256 942 speciem
279 864 346 922 sine
360 862 499 940 veritate,
522 863 626 940 quiin
649 864 749 942 capite
771 869 802 923 et
816 861 969 942 principio
990 862 1042 924 ali·

121 945 194 1025 quid
218 951 381 1026 appareat,
408 946 439 1004 iu
462 963 594 1024 cor-pore
622 956 654 1006 et
675 945 737 1005 fine
759 946 843 1006 nihil.
886 947 990 1025 Atque
1011 953 1044 1006 ιιι

120 1028 197 1089 nihil
219 1028 299 1088 desit
321 1035 496 1088 monstroso
520 1036 668 1107 monstro,
690 1048 753 1088 non
775 1031 807 1088 in
824 1029 966 1108 simplici,
989 1027 1043 1090 sed

121 1112 236 1191 duplici
257 1132 332 1172 area
354 1111 529 1190 spectabilis
552 1113 603 1170 ille
625 1112 722 1191 fulget
739 1115 941 1192 Aegoceros,
964 1112 1043 1173 adeo

96 1196 226 1256 -omnia
259 1196 446 1275 proveniunt
479 1196 558 1273 fat0,
591 1201 737 1274 certaque
770 1195 981 1275 providentia,
1013 1200 1045 1255 ut

120 1278 282 1338 Emserum
324 1280 493 1356 oportuerit
537 1280 669 1359 propriis
709 1279 879 1359 insignibus
921 1297 1044 1358 quoque

121 1363 218 1442 pingi.

204 1443 285 1518 Quid
319 1444 427 1504 faciam
463 1445 554 1523 igitur
584 1445 695 1504 miser?
731 1446 756 1503 ai
792 1444 897 1504 laudes
931 1445 1041 1505 tacitus

122 1546 278 1609 agnosco,
321 1526 511 1606 palinodiam
551 1528 701 1587 cecinisse
737 1527 845 1587 videor
881 1529 1044 1588 universae

122 1611 281 1672 doctrinae
302 1630 406 1688 meae,
436 1622 467 1669 et
488 1611 582 1669 Eccio
607 1612 716 1670 erroris
739 1618 870 1691 patrono
893 1612 1042 1671 veritatis

123 1713 182 1774 que
204 1696 329 1763 inimico
353 1692 497 1773 lampada
519 1693 690 1770 tradidisse,
714 1703 747 1753 ut
768 1712 827 1753 neo
847 1695 959 1774 ignifer
980 1695 1044 1774 qui-

122 1780 192 1839 dem
229 1778 365 1856 reliquus
400 1780 454 1853 sit,
492 1777 646 1856 planeque
678 1777 832 1836 Bohemus
871 1778 1043 1838 haereticus

78 1893 81 1895 Δ
122 1863 302 1942 praesertim
329 1859 411 1939 apud
440 1866 566 1919 nasutos
605 1868 636 1920 et
665 1867 789 1919 exteros
818 1861 969 1923 iactabor.
1013 1860 1044 1921 si

122 1945 268 2024 repudio,
304 1945 366 2003 iam
395 1962 457 2003 non
481 1945 636 2003 Bohemus
669 1943 779 2021 modo,
818 1942 873 2003 sed
896 1951 1043 2023 patronus

123 2030 330 2089 Bohemorum
363 2026 444 2105 apud
476 2027 601 2106 vulgum
638 2035 669 2086 ct
700 2026 888 2086 domesticos
922 2046 1044 2108 arguar,

122 2113 213 2172 simul
235 2108 460 2191 ingratitudinis
495 2111 525 2168 iu
548 2110 708 2169 Emserum
739 2111 942 2189 gravissimae
965 2129 1044 2187 reus,

120 2198 171 2275 qui
206 2196 264 2254 hac
297 2212 347 2251 me
379 2194 554 2272 suspicione
576 2212 631 2272 per
653 2194 798 2252 eximium
821 2194 1040 2273 Capricornum

120 2298 208 2338 suum
230 2277 333 2337 levare
354 2275 519 2336 admolitus
540 2278 594 2353 sit3
617 2278 669 2354 ita,
692 2276 763 2335 dum
786 2277 817 2335 iu
832 2296 933 2336 meam
957 2278 1042 2357 igno·

122 2363 246 2421 miniam
270 2369 301 2419 et
323 2359 515 2419 Christianae
537 2361 673 2419 veritatis
695 2361 842 2419 iacturam
865 2359 946 2421 bella
968 2359 1044 2419 ludit

121 2445 244 2522 Emser,
280 2445 421 2523 egregius
450 2443 565 2521 alioqui
589 2443 753 2502 Christiani
781 2445 894 2503 amoris
917 2462 1041 2523 praeco,

123 2548 182 2608 ego
207 2529 286 2587 inter
308 2545 417 2586 saxum
439 2533 470 2586 ct
493 2545 612 2586 sacrum
634 2526 764 2604 haereo,
787 2526 892 2606 Scylla
914 2534 945 2586 et
967 2527 1042 2586 Cha·

121 2612 211 2692 rybdi
233 2611 324 2670 simul
338 2610 476 2689 divexor,
501 2616 532 2670 et
553 2629 621 2669 cum
634 2610 773 2669 Michaea
791 2610 826 2684 *ι
852 2616 961 2670 canto:
985 2608 1043 2683 Qui

122 2695 264 2756 mordent
293 2693 449 2770 dentibus,
482 2701 513 2753 et
535 2693 715 2772 praedicant
737 2712 861 2772 pacem:
891 2701 922 2754 et
944 2693 1041 2753 Psalz

122 2779 181 2853 Qui
204 2778 370 2858 loquuntur
391 2796 499 2857 pacem
522 2796 590 2836 curn
615 2777 756 2854 proximo
781 2795 855 2853 suo,
882 2776 965 2837 mala.
992 2796 1043 2837 au-

122 2869 184 2924 tem
206 2865 237 2922 in
260 2861 384 2922 ordibus
406 2880 522 2921 eorum.

205 2947 320 3005 Verum
352 2945 488 3005 Christus
521 2964 607 3004 meus
638 2944 713 3003 vivit
741 2951 772 3002 et
804 2949 913 3023 regnat
939 2944 969 3002 in
998 2961 1044 3002 se·

122 3030 201 3108 cula,
223 3028 403 3091 benedictus
417 3029 566 3088 Dominus
590 3035 620 3087 et
635 3028 716 3086 Deus
740 3045 836 3104 meus,
859 3028 909 3104 qui
933 3026 1043 3087 doctus

120 3121 185 3191 est,
209 3112 378 3191 discipulos
403 3113 689 3172 Pharisaeorumet
710 3109 920 3188 Herodianoa,
951 3108 1043 3170 simili

122 3197 311 3278 Capricorno
334 3216 368 3256 se
389 3204 540 3276 petentes,
562 3214 623 3255 uno
646 3193 740 3254 verbo
764 3194 932 3253 confutare.
973 3192 1043 3252 Nou

122 3288 170 3341 est
193 3282 338 3359 scientia,
373 3299 435 3340 non
469 3288 515 3339 est
543 3278 705 3339 consilium
729 3284 803 3336 cont
804 3296 837 3336 ra
859 3277 1044 3354 Dominum,

121 3368 152 3426 in
176 3384 237 3461 quo
252 3364 353 3425 donec
367 3365 492 3444 glorior,
515 3362 587 3459 quid
610 3362 702 3422 faciet
720 3361 792 3420 mihi
805 3359 919 3420 homo?
942 3358 1045 3434 Quare

122 3457 164 3524 tu,
188 3450 324 3529 quisquis
338 3447 423 3524 ades,
447 3448 508 3506 lect
496 3455 553 3522 tor,
574 3448 604 3504 in
608 3447 695 3505 terim
710 3451 866 3525 spectator
880 3452 958 3522 esto,
982 3453 1044 3504 teu·

122 3532 254 3594 tabimus
279 3533 384 3592 venari
405 3531 488 3592 hunc
501 3531 707 3609 Aegocerota,
728 3528 809 3588 forte
831 3527 916 3587 dabit
937 3534 1048 3587 nostro

122 3619 206 3678 arcui
228 3616 354 3675 ferinam
378 3615 458 3674 hanc
480 3612 615 3674 nobilem
639 3612 785 3671 Christus.

196 3786 226 3851 ⁸)
247 3782 329 3837 llich.
350 3783 374 3836 3.
412 3781 482 3834 Paal.
502 3781 544 3837 28.
