2346 4208
122 236 188 306 340
434 241 594 311 Disputatio
613 240 646 295 D.
665 230 698 294 21.
719 233 747 296 L.

166 434 196 494 7
219 429 251 491 82
271 429 353 490 velie
374 427 517 490 occidere
540 435 571 489 et
591 428 702 489 similia
724 429 913 492 2222122222
928 442 1043 511 ponere,

108 513 221 573 multo
244 517 343 592 magis
366 530 429 571 non
451 510 586 574 eredere.

167 597 196 658 8.
218 595 321 655 Homo
344 601 397 655 ext
399 613 432 653 ro
459 593 551 654 fldem
573 595 694 674 positus
716 597 901 657 necessario
924 601 957 656 et
977 616 1043 658 sem·

125 698 182 758 per
202 676 296 737 habet
317 676 437 738 obicem
460 679 586 757 gratim.
1044 718 1048 726 -

168 763 197 824 9
220 760 279 834 Qui
302 760 352 820 vel
374 759 501 820 tollendi
526 760 576 820 vel
597 778 659 820 non
681 761 822 839 ponendi
836 762 938 823 obiois
960 761 1044 822 homi·

127 843 158 902 ni
179 841 255 902 dont
275 848 476 939 potestatem,
509 842 628 904 obioem
658 863 745 902 suum
776 863 842 905 non
866 843 1042 925 intelligunt.

150 930 198 989 112.
223 924 313 986 Fides
338 926 488 1004 aequisita
515 944 577 986 non
605 925 699 986 modo
722 945 786 987 non
809 927 969 1008 custodit
999 927 1042 988 sed

127 1009 219 1067 etism
242 1009 357 1068 evomit
378 1008 504 1068 verbum
526 1010 583 1069 Dei
605 1027 736 1088 semper.

149 1093 197 1152 11.
222 1090 311 1150 Fides
333 1091 486 1169 aequisita
507 1099 554 1152 est
575 1111 677 1172 penna
700 1093 902 1175 struthionis,
935 1093 1017 1154 sed
1010 1109 1043 1153 m·

130 1173 196 1232 2222
219 1180 267 1233 222
289 1173 412 1252 spiritus
434 1174 524 1236 vitoe

151 1259 198 1317 12.
221 1255 322 1315 Etiam
346 1255 413 1316 2212
436 1255 513 1316 fides
535 1257 636 1317 222222
663 1263 712 1317 22
711 1277 737 1317 22
768 1263 816 1318 est
847 1258 888 1319 sd
910 1258 1043 1319 iustifloo·

125 1338 241 1398 tionem
263 1339 358 1420 impii.

135 1423 196 1482 13.
218 1417 296 1499 Imo,
318 1421 460 1482 22222212
475 1422 525 1499 sit
536 1423 613 1481 sine
636 1421 706 1482 ullis
730 1423 891 1503 operibus,
915 1425 992 1486 nihil
1006 1431 1044 1486 est

128 1523 228 1582 nequo
250 1503 402 1564 2222212222

148 1588 196 1649 11.
219 1586 321 1667 Opera
343 1594 510 1683 sequuntur
530 1570 777 1648 22222222222222
805 1587 881 1650 fidei
911 1590 1044 1652 2212112122·

127 1670 203 1745 liter
226 1689 296 1729 oum
319 1689 381 1729 non
406 1671 446 1729 sit
467 1668 624 1744 otioso¹).

149 1756 197 1818 122.
220 1753 316 1813 Recte
343 1751 571 1832 ergodotum,
598 1752 689 1814 Fides
721 1754 789 1815 2222
826 1755 979 1835 operibus
1007 1762 1045 1817 est

127 1842 256 1910 mortua
279 1837 340 1896 imo
363 1855 426 1895 non
450 1841 498 1896 222
518 1834 606 1896 fides.

149 1922 198 1984 16.
221 1918 340 1980 Fides
332 1919 433 1978 22222
453 1925 514 1978 tum
537 1925 661 1979 222222
682 1916 821 1998 obiecto,
853 1939 950 2000 quom
972 1921 1045 1983 hobi·

126 2009 157 2061 tu
186 2008 216 2061 22
239 2000 300 2062 fine
322 2000 422 2061 differt
444 2020 462 2060 2
484 2000 544 2061 fide
566 2002 724 2081 aequisita.

147 2089 194 2149 17.
217 2084 339 2144 Nullum
363 2089 623 2146 sacramentorum
639 2091 757 2164 septem
780 2086 812 2145 in
835 2089 936 2148 ssoris
960 2088 1045 2150 literis

128 2169 253 2228 nomine
276 2169 457 2227 2222222222
483 2175 634 2230 censetur.
706 2244 709 2250 Ι

149 2252 196 2312 18.
221 2250 322 2310 Unum
346 2251 445 2311 solum
467 2251 583 2311 habent
610 2269 716 2310 222222
744 2249 1044 2314 122222222222222-

122 2339 201 2410 tum,
224 2331 306 2411 quod
330 2339 377 2394 222
399 2335 465 2412 ipse
487 2333 624 2394 Christus
646 2333 807 2394 Dominus.

142 2417 191 2480 19.
215 2415 413 2476 8222222222
442 2418 516 2477 novi
544 2417 718 2477 testamenti
746 2418 937 2496 promittunt
959 2420 1046 2482 omui-

128 2499 194 2576 bus,
217 2499 291 2558 derit
315 2519 386 2559 vero
411 2500 510 2560 solum
533 2498 727 2560 credentibus
749 2502 893 2579 gratiam.

144 2586 195 2649 20.
217 2583 314 2643 Reote
346 2582 459 2642 dietum
484 2591 545 2660 est,
581 2590 774 2643 2222222222
790 2585 922 2646 ‘veteris
963 2593 1045 2648 22222-

124 2668 218 2726 22222
251 2686 313 2728 222
342 2664 542 2745 2222222222,
576 2667 695 2728 2222222
715 2666 746 2726 22
769 2665 831 2727 fide
871 2675 903 2728 22
927 2671 1046 2730 22222222

122 2747 240 2810 fierent.

101 3004 104 3009 ἱ
154 2912 246 2973 Alio
263 2915 498 2994 Disputatio
524 2914 567 2975 de
590 2934 667 2975 non
688 2914 938 2981 vindicando
962 2926 1019 2981 222.

328 3052 346 3092 2
368 3032 405 3092 D.
429 3034 558 3092 Mortino
582 3032 714 3092 Luthero
736 3031 843 3093 12212222

390 3150 498 3212 Anno
523 3150 562 3212 M.
585 3150 621 3215 Ι).
640 3149 755 3226 ΧΧ*).

163 3269 189 3331 1.
214 3267 405 3328 Christianae
427 3268 587 3347 religionis
616 3269 715 3329 ouitor
742 3267 861 3328 illatam
893 3270 984 3330 sibi
977 3272 1044 3332 2222

120 3347 195 3410 riom
229 3350 343 3410 nedum
368 3371 431 3412 non
454 3352 574 3433 ulcisci,
612 3372 716 3413 verum
738 3352 829 3411 22222
853 3353 1045 3416 malefacien-

120 3432 199 3493 tibus
222 3433 405 3494 benefacere
428 3434 529 3497 debet.

119 3549 328 3562 m

191 3603 220 3668 1)
191 3603 270 3656 112
290 3604 331 3656 ed.
353 3606 438 3660 1538:
458 3605 556 3658 odoso.

144 3692 146 3699 ·
191 3675 222 3730 *2
245 3675 319 3727 Η222
339 3676 490 3744 disputatio
519 3692 575 3729 non
606 3677 748 3728 invenitur
767 3679 795 3729 in
813 3679 857 3733 ed.
880 3681 1001 3750 Propos.
1018 3680 1044 3733 L.

122 3745 197 3812 1530,
219 3762 270 3798 nos
290 3753 395 3799 textum
409 3749 580 3801 reddidimus
591 3762 624 3801 ex
635 3748 697 3803 edd.
710 3749 780 3805 1538
791 3752 911 3808 22122228.
935 3756 1043 3822 inscrip
