2346 4208
406 237 441 295 de
456 239 585 294 libertate
606 238 769 294 Chmsdtna.
908 251 917 260 ’
988 234 1050 323 w

121 429 299 510 posteriora
322 433 353 488 et
372 425 488 506 libera,
512 433 630 489 tantum
653 426 692 489 sd
714 427 846 490 eliorum
868 426 1050 507 obsequium

123 520 157 575 et
178 511 355 592 exemplum
379 510 470 574 fecta
527 518 530 525 ‘

209 594 298 656 Talia
318 597 407 672 sunt,
431 611 511 674 quae
533 600 564 655 et
584 592 697 655 Paulus
720 595 810 655 Rom.
834 595 882 659 13.
905 596 936 653 ct
958 590 1049 667 'lit1)

123 682 154 745 3.
177 678 347 760 praecepit,
369 682 404 738 ut
423 676 627 757 potestatibus
651 676 763 738 subditi
786 678 855 756 sint,
879 682 910 738 et
931 675 970 735 cd
988 690 1051 736 om·

125 781 166 824 nc
189 772 268 842 opus
290 760 405 821 bonum
429 761 538 840 pureti,
561 779 624 820 non
639 766 672 819 ut
682 780 738 841 per
759 759 821 822 hoc
840 757 1052 835 iustificentur,

124 864 196 906 cnm
217 845 278 906 iam
299 844 372 904 iusti
393 843 454 903 sint
475 861 515 902 ex
537 841 615 921 fide,
645 843 701 904 sed
725 845 808 905 utin
830 843 971 907 libertate
992 842 1051 921 spi·

123 929 201 990 ritus
223 946 280 1008 per
300 926 378 988 baec
399 925 467 987 aliis
489 932 521 986 et
542 926 746 1006 potestatibus
769 929 935 1005 servirent,
975 922 1050 999 et²)

124 1029 233 1072 eorum
256 1008 408 1071 voluntati
432 1009 567 1089 gratuite
588 1010 715 1070 caritate
738 1009 991 1091 obsequerentur.

209 1093 297 1154 Talia
321 1093 459 1174 oportuit
496 1110 566 1152 esse
603 1099 634 1152 et
667 1094 805 1153 omnium
839 1093 1053 1174 collegiorum,

124 1176 406 1253 monasteriorum,
438 1174 695 1255 sacerdotumque
724 1195 835 1256 opera,
871 1175 1054 1255 utquisque

127 1279 205 1322 anae
227 1257 428 1340 professionis
453 1264 484 1318 et
505 1264 601 1319 status
633 1278 729 1338 opera
757 1259 856 1320 solum
879 1261 910 1320 in
932 1259 993 1319 boc
1013 1257 1054 1318 fa·

125 1349 227 1420 cenet,
261 1349 295 1402 nt
315 1361 371 1422 per
391 1340 469 1402 haec
490 1360 553 1402 non
575 1342 739 1418 iustitium,
772 1342 825 1403 sed
849 1343 987 1424 corporis
1008 1342 1054 1401 sui

126 1425 353 1488 subiectionem
376 1429 549 1503 exerceret,
581 1423 649 1485 aliis
671 1427 703 1485 in
726 1425 925 1506 exemplum,
951 1425 1002 1504 qui
1023 1429 1056 1484 et

125 1509 188 1591 ipsi
218 1526 296 1588 opus
319 1505 434 1569 babent
456 1508 593 1586 corporis
616 1509 663 1568 sui
685 1510 905 1589 castigatione:
942 1505 1054 1568 deinde

125 1601 162 1654 ut
179 1592 247 1652 eliis
270 1591 421 1652 duntaxat
442 1589 702 1670 obsequerentur,
725 1591 764 1651 ad
786 1610 893 1652 eorum
915 1591 1053 1652 volunta·

125 1685 201 1753 tem,
224 1675 359 1756 gratuite
381 1674 517 1752 caritate,
540 1672 601 1734 hoc
621 1682 723 1734 tumen
738 1694 861 1754 semper
883 1678 915 1736 et
935 1691 1054 1734 summa

125 1777 204 1822 cura
226 1757 402 1834 observato,
424 1775 464 1817 ne
486 1755 691 1817 vuneflducia
712 1766 898 1838 praesumat,
921 1777 976 1838 per
985 1757 1055 1836 ipse

127 1839 300 1983 quisque?
325 1837 498 1918 iustificari,
518 1841 645 1919 mereri,
667 1848 720 1901 aut
741 1841 845 1902 salvus
864 1839 948 1912 fleri,
971 1837 1054 1919 quod

125 1925 225 1987 solius
246 1922 267 1983 fi
290 1924 318 1984 ei
340 1928 396 1999 est,
420 1930 454 1984 ut
475 1923 600 2002 saepius
620 1922 695 1985 dixi.

216 2005 247 2068 si
270 2007 337 2087 quis
360 2024 435 2086 ergo
456 2006 537 2066 hanc
558 2006 718 2068 scientiam
742 2006 886 2087 heberet,
908 2004 999 2067 focile
1020 2023 1055 2064 se

127 2096 240 2173 posset
259 2107 365 2171 gerere
401 2089 476 2149 citra
497 2089 666 2169 periculum
689 2091 720 2152 in
743 2089 870 2151 infinitis
889 2089 949 2150 illis
971 2107 1055 2147 man-

127 2175 211 2236 detis
244 2181 275 2234 et
313 2173 485 2252 praeceptis
519 2191 640 2252 papus,
682 2176 918 2253 episcoporum,
950 2190 1053 2231 mone·

128 2257 303 2334 citeriorum,
327 2255 544 2335 eeclesiarum,
565 2256 737 2337 principum
760 2263 791 2317 et
814 2259 1056 2338 magistratuum,

129 2359 212 2421 quae
233 2340 326 2417 aliqui
350 2339 433 2399 stulti
455 2344 597 2418 pastores
619 2341 664 2399 sic
686 2351 815 2420 urgent,
843 2341 930 2420 quasi
953 2338 992 2399 ad
1014 2339 1056 2397 iu·

128 2424 245 2486 stitiam
268 2428 299 2483 et
320 2422 450 2482 salutern
474 2423 535 2481 sint
556 2424 740 2497 necessaria,
762 2424 955 2503 appellantes
978 2417 1053 2494 ee4)

129 2512 299 2588 praecepte
321 2505 483 2579 ecclesiae,
507 2522 575 2564 curn
598 2506 659 2565 sint
681 2506 755 2565 nihii
777 2507 888 2568 minus.
933 2505 1056 2565 christi-

129 2608 211 2652 anus
239 2589 319 2650 enirn
342 2587 418 2648 liber
451 2588 495 2646 sic
516 2586 617 2647 dicet:
655 2588 723 2668 Ego
753 2589 914 2665 ieiunebc,
951 2587 1057 2665 orabo,

130 2675 195 2735 boc
217 2678 248 2733 et
268 2671 459 2745 hocfeciam,
482 2669 566 2748 quod
582 2688 637 2749 per
650 2671 791 2731 homines
814 2671 990 2732 mandatum
1003 2676 1060 2746 est,

130 2775 197 2817 non
226 2753 308 2835 quod
337 2753 410 2813 mibi
433 2752 487 2813 illo
509 2755 548 2814 sit
570 2771 648 2833 opus
670 2754 709 2814 ad
730 2755 875 2814 iustitiam
898 2757 989 2829 aut⁶)
1013 2771 1059 2812 sa-

130 2841 242 2917 lutem,
265 2837 320 2898 sed
342 2835 424 2916 qnod
447 2837 478 2895 in
500 2836 562 2898 hoc
584 2855 699 2898 morem
723 2856 827 2918 geram
851 2856 966 2917 papae,
990 2837 1058 2915 epi-

131 2940 249 3002 scopo,
272 2920 483 2981 communitati
505 2919 549 2980 illi
572 2927 603 2980 et
624 2920 667 2980 illi
688 2921 894 3000 magistratui,
916 2927 970 2980 aut
991 2932 1058 2999 pro-

131 3006 218 3066 ximo
240 3023 310 3065 meo
345 3002 384 3063 ad
407 3003 600 3083 exemplum,
636 3004 746 3064 fecium
770 3010 801 3064 et
821 3005 920 3084 patiar
943 3003 1057 3076 omnis,

131 3090 213 3150 sicut
235 3087 370 3149 Christus
400 3085 473 3146 mibi
496 3086 591 3147 multo
613 3088 701 3166 pluro
723 3088 795 3148 fecit
816 3096 847 3146 et
867 3105 977 3167 pessus
1001 3090 1057 3160 est,

132 3189 263 3253 qnorum
285 3171 353 3249 ipse
374 3168 459 3230 nullo
481 3188 607 3248 prorsus
637 3171 765 3251 egebat,
801 3170 899 3231 faetus
933 3172 1060 3249 propter

131 3275 184 3316 me
206 3254 262 3315 sub
284 3253 371 3333 lege,
394 3271 462 3312 curn
486 3271 549 3312 non
572 3260 655 3313 esset
676 3254 732 3315 sub
754 3255 841 3335 lege3
865 3256 896 3314 et
917 3248 1057 3331 quamvis

133 3338 256 3420 tyranni
277 3336 338 3395 vim
361 3342 414 3395 aut
435 3335 576 3395 iniuriam
588 3335 703 3398 faciant
724 3337 785 3398 hoc
805 3338 974 3418 exigentes,
996 3352 1059 3395 non

134 3428 239 3483 tamen
262 3407 396 3496 nocebit,
420 3418 520 3479 donec
542 3426 651 3480 contre
671 3420 770 3481 Deum
792 3440 855 3482 non
877 3419 976 3480 fuerit.

218 3503 267 3564 Ex
288 3504 324 3563 iis
348 3501 490 3563 omnibns
508 3501 640 3581 quisque¹
651 3505 765 3583 poterit
777 3512 893 3564 certum
915 3501 1060 3563 iudicium

209 3652 238 3715 l)
260 3649 291 3701 In
311 3647 353 3701 cd.
366 3651 453 3708 1521:
472 3650 593 3703 Timoth.
611 3646 638 3702 3.
674 3645 706 3711 2)
728 3646 758 3698 In
779 3643 897 3700 eddon.
917 3643 1007 3698 deest:
1027 3648 1062 3696 et·

134 3718 220 3847 {pgr
236 3720 306 3847 eetdit.
328 3720 410 3781 1521:
431 3723 587 3793 qnisquam.
624 3715 657 3786 4)
677 3716 747 3771 Ibid.
767 3717 858 3770 deest:
879 3725 920 3770 aa.
957 3716 989 3783 b)
1010 3713 1062 3770 Ibi·
