2346 4208
125 255 171 322 52
407 258 637 330 specuum
658 259 772 315 naues

126 446 208 528 gas?
251 446 330 507 Vere
363 453 487 527 apertus
520 453 553 507 et
587 449 723 508 sincerus
760 445 889 525 lisoius,
924 445 1046 526 qualem

127 547 236 592 omnes
257 536 386 608 nomnt,
419 547 510 608 quam
540 549 605 590 non
627 539 755 610 quaerat
775 529 924 611 gloriam,
957 547 1046 610 quam

126 619 256 692 quaerat
276 614 437 674 veritatem
458 631 544 694 pure.

210 695 237 756 Ο
258 696 424 757 maledicta
445 695 529 775 dies,
561 698 592 756 in
615 715 676 777 qua
701 701 792 756 natus
813 715 880 756 sum
905 693 958 778 (nt
979 712 1046 756 cun

124 779 254 840 Ieremia
287 779 405 858 dicam)
443 779 547 840 videre
585 781 618 840 in
659 779 815 860 theologis
853 785 917 839 tam
951 779 1046 860 impu-

126 862 235 923 dentes
258 863 486 942 simulationes,
519 863 594 924 nihil
621 864 728 923 misum
750 861 897 942 proinde,
930 862 957 922 si
985 869 1046 923 tam

119 948 221 1008 anxie
255 948 301 1006 vis
339 945 458 1006 laudari
489 955 614 1027 apertus
644 953 675 1007 et
696 947 842 1008 sincerus.
886 943 946 1020 Qui
967 945 1047 1006 enim

126 1032 186 1090 isto
216 1029 309 1089 modo
335 1037 459 1109 apertus
487 1049 535 1108 es,
567 1048 657 1110 quem
690 1029 839 1108 reliquum
871 1028 964 1110 facis,
998 1028 1047 1108 qui

127 1113 225 1192 magis
246 1110 384 1192 indigeat
404 1111 497 1172 laude
522 1113 601 1174 hac?
644 1111 800 1191 Obsecro,
833 1110 961 1172 laudent
981 1110 1047 1192 Lip

127 1213 235 1255 sensas
256 1201 395 1274 apertum
406 1196 544 1274 Eccium,
565 1195 692 1256 laudent
714 1214 822 1257 omnes
839 1213 918 1275 quos
939 1195 1048 1273 iectus,

127 1279 220 1338 etiam
233 1277 362 1338 vocibus
380 1278 561 1357 Stentoreis,
582 1298 641 1340 nec
662 1281 708 1340 sic
729 1280 803 1339 satis
825 1286 856 1339 ts
870 1277 1047 1355 laudabunt,

127 1367 214 1421 tante
234 1367 282 1421 est
303 1364 482 1424 nenessitas.

209 1441 291 1518 Quin
324 1451 356 1505 et
388 1464 448 1526 ego
477 1463 546 1505 oum
576 1444 917 1526 Vuittembergensibus
942 1442 1046 1504 leude

126 1545 194 1586 mus
217 1533 250 1587 et
271 1527 416 1588 dicimus:
456 1526 569 1588 Omnia
592 1547 665 1588 vers
686 1527 793 1590 scribis
816 1535 846 1588 et
867 1526 961 1604 dicis,
993 1526 1047 1586 Lu·

126 1609 205 1670 theri
226 1611 359 1690 epistola
375 1611 539 1672 falsissima
561 1620 618 1689 est,
640 1612 782 1672 iniuriam
802 1611 858 1671 tibi
877 1611 961 1688 fecit,
981 1611 1049 1690 ipse

126 1693 260 1773 denique
298 1713 366 1755 cem
399 1701 537 1755 revocat.
590 1692 671 1769 Quid
712 1696 758 1755 vis
796 1693 950 1775 amplius?
987 1694 1046 1753 iam

128 1778 319 1837 verissimum
351 1784 413 1854 eat,
451 1785 535 1839 stare
555 1779 696 1838 meritum
728 1779 871 1859 congrui,
904 1776 1048 1838 iohannis

126 1859 207 1920 Huss
239 1861 399 1920 articulum
433 1879 496 1921 non
526 1880 595 1921 esse
623 1870 654 1921 et
674 1868 774 1939 tuum,
805 1868 907 1921 sectas
929 1859 1048 1920 schola

127 1944 274 2004 eticorum
287 1943 456 2004 Doctomm
479 1963 498 2004 s
520 1950 551 2004 te
572 1962 636 2005 non
657 1945 774 2025 negari,
796 1943 940 2004 servilem
961 1943 1048 2003 timo·

126 2044 191 2087 rem
216 2024 345 2108 (idest,
368 2033 528 2106 peccatum
551 2034 583 2088 et
602 2026 814 2108 iniquitatem)
837 2045 907 2087 esse
928 2027 1047 2086 initium

127 2111 355 2190 poenitentiae,
382 2128 473 2188 quam
495 2111 633 2190 alioquin
656 2112 687 2171 in
709 2111 809 2192 grstia
829 2109 895 2170 fleri
916 2115 1048 2190 oportet,

126 2194 199 2271 quie
220 2191 381 2271 peccando
408 2191 457 2276 (id
480 2201 540 2272 est,
564 2213 626 2254 non
649 2193 815 2271 merendo)
839 2201 872 2254 et
887 2193 1048 2272 iniquitate

128 2275 178 2357 (id
208 2281 273 2353 est,
305 2295 370 2336 non
402 2284 491 2356 grato
522 2287 635 2356 opere)
672 2279 835 2357 incipimus
868 2277 979 2336 mereri
1012 2292 1049 2335 ac

126 2365 246 2438 matum
287 2358 400 2420 facere.
454 2360 577 2438 Vicisti,
619 2361 828 2440 triumphasti,
871 2361 911 2419 sit
950 2358 1049 2440 glorie

126 2441 292 2521 glosisrum
324 2441 437 2514 Plocio,
475 2444 527 2522 qui
562 2443 693 2504 obtinuit
720 2443 848 2504 liberum
883 2443 1049 2518 arbitrium,

127 2531 198 2584 ante
220 2526 349 2605 gratiam
371 2545 435 2587 uon
458 2525 523 2586 dari
545 2528 685 2587 meritum
713 2525 940 2588 eDoctoribus
961 2524 1048 2585 scho-

127 2606 262 2686 lasticis,
286 2609 418 2671 obtinuit
438 2616 541 2670 autem
563 2609 725 2685 facillime,
748 2611 822 2692 quia
842 2628 935 2671 nemo
957 2625 1048 2689 nege

128 2691 232 2751 vitun
256 2711 336 2753 uam.

147 2807 151 2815 ·
208 2711 255 2836 Εἰ]
264 2775 422 2855 credebas,
443 2776 565 2837 credive
586 2777 725 2855 volebas,
748 2778 795 2837 vir
815 2778 945 2855 sincere,
968 2772 1049 2835 Carl-

128 2856 258 2918 stadium
281 2859 345 2928 etl)
357 2859 522 2921 Lutherum
539 2878 608 2920 esse
621 2867 684 2920 tam
696 2878 828 2936 crassos,
849 2867 884 2920 ut
894 2859 956 2919 hoc
966 2877 1049 2918 mon·

128 2946 223 3001 strum
254 2941 447 3002 scholasticis
470 2942 656 3006 Doctoribus
690 2962 825 3023 unquam
856 2942 1049 3023 impegerint,

127 3030 181 3084 aut
200 3044 291 3105 super
311 3024 373 3087 hoo
395 3025 632 3106 disputaverint,
670 3033 702 3088 ut
724 3033 754 3087 te
783 3028 814 3086 in
837 3026 899 3088 hoc
920 3040 1049 3086 necesse

126 3107 218 3168 fuerit
237 3114 324 3169 tento
347 3110 476 3170 tumultu
500 3116 619 3171 certare
651 3112 683 3170 in
718 3117 781 3171 tem
815 3111 928 3191 insigni
956 3105 1049 3170 loco‘l

128 3189 190 3250 Gur
211 3210 274 3252 non
296 3192 387 3252 simili
416 3194 545 3253 tornatis
566 3193 668 3254 verbis
701 3201 767 3254 arte
797 3214 837 3255 ex
858 3191 1048 3275 ingolstadio

128 3272 244 3352 scribis,
267 3294 322 3354 per
335 3277 542 3357 purgatorium
562 3283 593 3336 te
604 3277 795 3338 intellexisse
807 3276 899 3338 fidem
924 3281 1049 3336 sanctae

128 3357 286 3436 trinitatis,
309 3365 342 3418 ut
364 3357 520 3420 celebrere
541 3361 707 3439 possimus,
731 3360 901 3436 obtinuisse
923 3366 969 3438 te,
992 3359 1048 3419 De·

129 3458 179 3498 um
202 3458 271 3501 esse
295 3443 405 3502 trinum
428 3450 459 3502 et
480 3463 592 3521 unum,
620 3444 705 3523 quod
726 3463 819 3504 nemo
841 3462 977 3523 unquam
1000 3460 1048 3503 ne·

128 3524 223 3603 gavit,
245 3525 324 3585 sicut
344 3544 402 3586 nec
422 3528 644 3606 purgatorium,
664 3547 721 3608 pro
746 3546 807 3607 quo
830 3534 934 3588 temen
959 3544 1048 3606 quam

199 3711 229 3775 1)
250 3712 279 3764 in
299 3711 341 3766 ed.
360 3713 420 3768 len.
439 3713 529 3768 deest:
549 3713 747 3781 Osrlstadium,
767 3720 794 3768 et
812 3715 927 3786 legitur:
954 3717 1049 3771 Lutbe-

128 3796 189 3835 rum
207 3794 243 3821 ‘—
263 3799 388 3837 crassum
405 3790 457 3845 stc.
687 3816 690 3823 .
899 3812 908 3819 -
