2346 4208
177 265 220 332 22
391 265 440 322 Ad
456 265 663 339 Aegocerotem
682 267 865 322 &moranum

266 456 363 518 simili
396 458 553 519 schemate
587 464 619 517 et
649 456 790 517 Rudinus
826 457 899 518 olim
936 455 1104 536 impetebat

182 541 420 621 Hieronymum,
444 543 492 602 cui
515 559 584 600 cum
610 541 747 621 placeret
765 541 797 599 in
819 540 922 601 multis
944 540 1103 621 Origenes.

177 627 300 704 ineptus
331 624 384 685 ille
411 624 612 685 Emserianae
640 624 820 685 dialecticae
848 631 939 706 typus
968 625 1103 684 omnium

120 717 123 721 ’
178 727 315 768 errorum
344 708 425 768 illins
455 707 527 767 feeit
557 709 652 786 impia
679 706 771 768 laude
792 714 965 788 patronum.
1012 710 1054 767 ltu
1075 713 1106 767 et

181 797 214 852 tu
236 789 377 852 Rudinus
405 810 492 852 meus
515 787 740 872 (Hieronymus
769 791 853 851 volni
882 790 1000 866 dicere,
1028 790 1105 850 fallit

182 893 231 934 me
260 875 362 954 operis
393 871 560 935 similitudo
588 877 702 954 magis,
732 893 823 952 qnam
839 880 948 947 ,servet
971 875 1104 934 nominis

182 955 365 1036 similitudo)
389 958 421 1017 in
443 958 525 1017 huuc
546 957 672 1017 modum
695 959 820 1041 egregie
842 957 982 1034 disseris,
1006 957 1105 1018 Bobe-

180 1060 247 1102 mos
279 1059 343 1101 non
379 1039 520 1100 defendis
558 1041 793 1101 schismaticos?
832 1060 907 1120 ergo
943 1039 1021 1100 falso
1060 1039 1103 1100 illi

179 1127 304 1201 iactent,
328 1129 359 1183 te
380 1143 454 1184 vera
476 1125 645 1204 scripsisse.
679 1123 823 1201 Pr0inde,
844 1126 886 1184 mi
899 1124 1019 1202 Emser,
1041 1124 1103 1184 alio

181 1213 289 1267 contre
312 1207 468 1267 Bohemos
490 1206 697 1267 confutandos
720 1214 807 1267 utere
829 1214 1024 1289 argumento,
1046 1206 1105 1266 bao

180 1289 298 1434 fflbi·
308 1290 519 1364 confutatione
535 1310 594 1351 nos
612 1290 783 1351 catholicos
806 1290 951 1350 Bobemis
974 1289 1104 1350 ludibrio

251 1391 328 1437 nors.
1098 1394 1101 1401 ¹

261 1508 389 1586 lterum,
416 1508 478 1569 alio
510 1508 582 1570 mihi
609 1507 739 1588 abrupto
771 1507 918 1586 elaberis,
946 1527 1010 1569 nou
1033 1507 1103 1569 dico

182 1593 318 1671 (inquis)
350 1598 402 1652 tua
428 1592 535 1652 iactari
564 1590 726 1672 dogmata,
755 1589 810 1650 sed
841 1590 942 1652 aliena
971 1598 1003 1652 et
1031 1610 1104 1652 suos

181 1694 299 1736 errores
321 1682 374 1736 tuo
397 1675 532 1735 nomine.
576 1675 725 1752 Primum,
755 1675 822 1753 quis
845 1673 885 1735 de
905 1673 967 1734 hoe
988 1682 1103 1735 certum

180 1767 211 1820 te
239 1758 330 1821 lecit?
363 1757 484 1819 adeone
513 1756 567 1818 tibi
596 1757 635 1817 de
657 1758 766 1837 quovis
790 1756 964 1817 mortalium
987 1755 1104 1839 fingere

180 1842 254 1903 licet
268 1842 406 1920 crimine,
427 1849 520 1919 atque
541 1839 572 1900 id
594 1859 658 1901 non
680 1841 740 1901 nisi
761 1846 794 1899 ut
814 1841 1025 1900 innocentium
1050 1841 1103 1903 cri·

182 1924 314 1987 minibus
335 1923 414 1984 fictis
436 1925 646 1984 innocentiam
669 1923 799 1983 aliorum
821 1921 950 1983 laedas?
993 1923 1104 1995 Nonne

181 2009 360 2087 scriptorem
391 2007 585 2084 historicum,
616 2007 796 2087 praesertim
827 2005 1023 2068 sacerdotem
1045 2007 1104 2069 Du·

182 2092 266 2168 mini,
286 2096 397 2151 testem
418 2090 565 2168 veritatis,
588 2091 724 2170 oportuit
744 2088 824 2150 haec
846 2089 953 2149 omnia
975 2091 1104 2168 primum

181 2173 356 2254 explorare,
378 2178 410 2232 et
426 2191 488 2232 non
509 2172 548 2234 de
570 2192 625 2233 suo
649 2171 776 2232 cerebro
800 2171 944 2232 historias
967 2171 1104 2254 fingere?

183 2254 263 2331 Quid
286 2257 312 2315 si
332 2255 378 2315 illi
400 2264 524 2337 negent,
547 2257 680 2316 iactasse
699 2273 834 2333 unquam
856 2256 915 2314 nisi
940 2275 1010 2315 mea
1032 2255 1104 2336 dog·

155 2347 157 2349 ’
182 2345 278 2416 mata,
326 2357 404 2417 quae
434 2358 490 2419 per
521 2340 667 2419 regiones
700 2344 867 2418 vagantur,
909 2357 988 2416 quae
1022 2338 1105 2401 multi

183 2421 434 2482 Christianissimi
456 2421 548 2499 Galli,
570 2421 649 2500 Itali,
673 2420 777 2502 Angli,
800 2419 957 2498 Germani,
978 2421 1104 2502 Hispani

182 2523 306 2584 quoque
333 2504 471 2565 iactant?
514 2504 564 2564 An
586 2503 733 2585 sperabas
757 2523 811 2564 eos
836 2505 981 2565 tacituros
1004 2504 1104 2566 audax

181 2587 376 2648 mendesium
398 2588 506 2649 tuum?

265 2705 327 2767 Sed
349 2712 434 2783 esto,
463 2724 567 2765 verum
590 2707 630 2764 sit
653 2702 736 2783 quod
758 2704 912 2776 somnias,
938 2700 982 2761 illi
1005 2701 1106 2761 aliena

183 2787 331 2870 dogmata
354 2807 423 2849 meo
447 2790 572 2849 nomine
594 2789 724 2864 iactent,
754 2787 805 2865 qui
828 2785 878 2864 fit,
906 2791 940 2844 ut
961 2802 1021 2863 ego
1043 2803 1104 2844 non

183 2872 261 2932 baec
283 2871 441 2945 audierim,
463 2871 503 2931 ad
526 2890 616 2950 quem
640 2869 774 2930 maxime
796 2867 971 2948 pertinent?
996 2866 1059 2927 Aut
1081 2866 1105 2926 si

184 2955 265 3015 mala
287 2962 393 3015 nostra
414 2955 574 3015 novissimi
598 2954 728 3030 scimus,
758 2960 843 3013 tuum
867 2958 934 3011 erat
954 2950 1105 3029 profecto,

181 3040 232 3118 qui
250 3040 383 3098 nominis
402 3039 463 3098 mei
482 3044 543 3097 tam
565 3037 720 3097 studiosus
743 3055 786 3114 es,
811 3035 883 3094 mihi
903 3033 934 3092 id
957 3032 1105 3107 indicare,

181 3127 213 3182 et
241 3140 392 3200 quaenam
421 3120 567 3201 dogmata
595 3121 659 3180 illic
686 3118 811 3179 nomine
833 3136 903 3177 meo
926 3115 1005 3176 falsa
1026 3116 1104 3176 falso

181 3205 376 3279 iactarentur,
399 3206 533 3285 signare,
556 3212 589 3263 ut
605 3206 672 3282 ipse
692 3202 792 3280 (quod
815 3201 962 3260 maiorem
984 3198 1104 3259 hebolo

183 3293 232 3348 set
248 3289 461 3362 autoritatem)
486 3289 592 3347 ineos
618 3285 782 3346 scriberem
806 3301 982 3361 nomenque
1005 3300 1106 3342 meum

181 3389 360 3432 assererem.
404 3371 446 3430 At
474 3379 520 3448 tu,
550 3369 631 3430 bone
661 3367 801 3442 Ruffine,
829 3366 872 3426 tili
900 3364 1105 3443 tenebrarum,

181 3453 259 3513 baec
273 3459 327 3513 eut
340 3454 491 3526 nesciens,
514 3459 567 3513 aut
588 3453 707 3512 nescire
730 3458 761 3512 te
777 3451 907 3530 fingens,
929 3467 991 3509 non
1012 3447 1104 3509 modo

181 3535 256 3596 nibil
287 3537 358 3596 ruibi
388 3535 561 3616 significare
590 3536 720 3611 curasti,
751 3534 823 3614 quin
851 3532 946 3613 duplo
970 3531 1105 3610 vulnere,

182 3625 312 3699 uboque
370 3620 526 3697 avissimo,
550 3638 598 3679 me
620 3619 769 3698 percutis,
801 3623 831 3677 et
861 3621 1038 3695 suspectum
1068 3614 1107 3675 de

181 3703 301 3763 haeresi
342 3703 463 3782 aciens,
497 3710 529 3762 et
556 3701 739 3782 suspicionis
766 3700 855 3761 huius
878 3699 1034 3781 pessimae
1055 3715 1107 3778 pa·

102 3858 107 3866 ¹
181 3785 395 3847 dendsurnum
437 3784 694 3848 dissimulatorem
730 3782 901 3862 adornans,
940 3781 1015 3842 dum
1049 3798 1106 3864 pro
