2346 4208
120 275 182 343 196
316 276 475 347 Disputatio
493 278 601 346 Lipsiae
619 277 715 331 habita
732 291 758 331 a.
777 220 838 331 1le

121 474 199 527 tates
221 466 280 525 iam
305 483 466 544 expressas
485 463 622 543 oportuit
639 461 822 542 confutatas,
845 467 877 524 ct
897 461 985 523 illam
1004 460 1035 523 B.

122 549 284 630 Augustini
307 567 374 627 cap.
397 549 426 610 3.
459 546 498 607 de
530 547 601 626 spir.
637 554 669 605 et
701 545 762 606 lit:
796 545 874 607 Cum
905 544 1038 625 coeperit

121 650 184 692 non
206 631 311 710 latere,
334 629 490 709 quomodo
515 628 681 690 vivendum
704 635 760 705 est,
786 630 844 689 nisi
865 630 967 710 gratia
988 627 1037 689 do·

122 722 219 793 uetur,
241 734 304 775 non
319 715 491 793 suscipitur,
513 731 577 772 non
599 711 679 773 bene
696 713 816 775 vivitur.
841 710 947 772 Vadat
968 728 1037 793 argo

122 816 191 858 oum
204 816 260 860 suo
278 796 381 857 servili
397 797 516 873 timore,
540 796 669 875 quinon
689 802 843 875 operatur,
865 795 926 855 nisi
939 792 1038 857 odiunt

121 880 198 962 legis
221 886 253 941 et
273 879 346 958 Dei,
375 889 405 940 et
433 898 501 940 oum
523 879 632 939 iniuria
661 886 790 940 vocatur
811 878 984 958 disponens
1002 872 1041 939 sd

122 965 271 1044 gratiam,
548 966 556 987 ⁶
825 1042 829 1049 Ι
974 978 977 983 ·

204 1063 324 1124 Invenit
330 1064 422 1123 etiam
428 1063 717 1141 aequivocationem
729 1062 857 1143 gratiae,
870 1060 966 1122 aliam
976 1060 1041 1123 tetras¹

123 1147 302 1226 caritatem,
330 1146 422 1207 aliam
451 1143 580 1224 donum,
611 1164 672 1224 quo
703 1147 832 1225 primurn
874 1150 1039 1209 movemur.

124 1231 275 1291 Transeat
296 1229 374 1288 haec
395 1228 568 1306 distinctio,
603 1228 678 1288 nihil
701 1226 741 1288 ad
762 1228 976 1309 propositum,
998 1228 1041 1289 au

123 1314 221 1374 elusio
244 1311 406 1374 verborum
419 1311 515 1374 Pauli.
539 1310 733 1372 Clarissimus
755 1317 803 1371 est
823 1316 927 1372 textus
948 1308 1040 1391 Pau'll,

124 1397 181 1456 nisi
208 1397 308 1476 gratia
343 1402 374 1456 ct
406 1397 515 1454 caritas
553 1393 645 1454 faciat
677 1412 734 1455 nos
768 1394 897 1475 diligere
932 1392 1041 1477 legam,

126 1479 178 1540 lex
202 1486 324 1558 semper
345 1479 421 1538 iram
444 1485 597 1559 operatur.
619 1474 688 1538 Hoc
710 1477 824 1538 donum
848 1483 963 1562 autem,
986 1484 1046 1559 quo'

123 1563 253 1642 primum
282 1580 461 1640 movemur,
499 1579 561 1621 non
584 1559 692 1641 diliget
712 1560 837 1642 legem,
859 1560 914 1621 sed
933 1560 1041 1623 carim

124 1647 256 1725 spiritus.
835 1642 845 1665 ⁸

206 1763 331 1842 Tertio,
366 1761 520 1824 concessit
554 1762 695 1839 timorem
725 1780 795 1822 esse
822 1762 1040 1833 infructuosum

126 1848 193 1907 sine
216 1848 364 1924 caritate,
398 1853 428 1905 et
449 1845 510 1904 hoc
532 1844 648 1903 nullum
671 1863 813 1924 negasse.
835 1842 1041 1924 Respondco:

125 1931 186 1991 Gur
207 1949 281 2010 ergo
304 1928 418 1990 docent
440 1927 644 1987 infructuosas
666 1929 896 2006 poenitentias,
919 1932 952 1989 et
971 1926 1041 1989 rasi-

125 2019 209 2074 stunt
230 2012 304 2072 mihi
316 2013 504 2071 fructuosam
522 2009 673 2070 docenti?
697 2010 851 2092 Relinquo
874 2009 957 2071 hanc
978 2026 1041 2071 asso

126 2098 251 2156 omnino
276 2093 454 2156 subversam
478 2113 547 2153 cum
570 2100 617 2154 tot
637 2093 793 2173 opusculis
818 2093 995 2175 Augustini,
1014 2098 1042 2153 al

127 2180 152 2238 si
174 2178 364 2259 Augustinus
387 2196 450 2237 non
472 2177 607 2255 faceret,
643 2181 690 2236 tot
711 2175 912 2256 fulminibus,
942 2182 1041 2239 mmcd

127 2282 204 2322 unus
227 2261 339 2321 Paulus
362 2258 538 2337 concludit,
561 2278 656 2340 opera
678 2278 881 2342 quaecunque
903 2265 977 2322 ante
997 2276 1041 2323 ot·

126 2346 247 2406 ritatem
269 2362 338 2404 esse
359 2350 489 2425 peccata
510 2350 541 2403 et
563 2341 751 2404 damnabilia
787 2354 818 2404 et
846 2340 1040 2424 indispon'ttn·¹

127 2430 170 2488 tia
190 2426 229 2488 ad
251 2429 390 2509 gratiam.
420 2425 460 2487 Et
482 2445 537 2507 per
558 2426 636 2486 haec
656 2424 740 2487 dicta
761 2426 858 2488 ferme
879 2425 922 2487 ad
943 2424 1041 2511 omnip

127 2531 183 2571 sua
210 2511 359 2592 replicata
392 2508 574 2590 responderi
596 2515 709 2590 potest.
750 2508 821 2591 Ipse
843 2510 969 2589 quidem
988 2524 1040 2607 pro

127 2613 213 2655 more
236 2613 292 2654 suo
315 2592 396 2654 dicta
410 2593 586 2673 Scripturas
601 2591 724 2653 divinae
736 2597 889 2675 temperat
903 2591 944 2655 ad
966 2590 1042 2655 drea

128 2678 268 2755 Patrum,
302 2678 364 2738 imo
387 2676 479 2736 trahit
499 2675 540 2736 ad
561 2675 797 2757 intelligentiam
821 2696 931 2756 suam,
956 2692 1042 2757 quam

126 2759 219 2821 habat
240 2761 271 2821 in
286 2758 434 2839 Patribus,
458 2778 526 2820 cum
549 2760 652 2839 potius
666 2765 775 2821 eontra
798 2761 914 2841 scripta
922 2759 1041 2835 Panum

128 2843 262 2905 debeant
283 2843 424 2921 conferri,
447 2849 478 2903 et
499 2841 626 2903 iudicari
647 2841 686 2903 ad
710 2841 791 2903 dicta
813 2841 1035 2924 Scripturas..¹

209 2962 337 3039 Quarto,
358 2980 422 3021 non
445 2962 558 3039 accipit
570 2960 654 3040 qnod
675 2963 838 3041 assumpsi,
861 2979 920 3022 nos
933 2961 1043 3025 debers

126 3048 228 3107 lacere
250 3043 482 3105 laudabiliorem
506 3043 590 3104 illam
612 3046 853 3123 poenitentiam,
883 3045 940 3106 scd
967 3044 1044 3121 dicit,

128 3149 186 3189 nos
208 3146 302 3209 posse
315 3129 406 3188 etiam
430 3127 542 3213 dignos
565 3128 681 3188 fructus
702 3128 914 3208 poenitentiae
935 3128 1044 3205 lecara,

129 3213 154 3272 si
176 3231 197 3271 a
217 3213 327 3271 timore
349 3212 564 3289 inceperimus.
606 3209 676 3271 Hoc
696 3210 866 3272 secundum
889 3211 923 3272 B.
947 3212 1045 3293 Augu·

129 3296 241 3356 atinum
264 3296 309 3354 sic
331 3312 473 3374 expono:
496 3291 528 3354 Si
541 3301 670 3373 peecata
682 3294 818 3373 peccatis
831 3292 1045 3369 addiderimus,

129 3397 208 3456 oum,
231 3383 264 3438 ut
285 3377 407 3457 saepius
429 3379 489 3436 iam
513 3376 626 3438 dictum
649 3384 713 3455 est,
738 3376 886 3457 quidquid
909 3384 985 3440 ants
1004 3394 1046 3445 st·

129 3471 232 3522 natam
267 3480 322 3540 per
347 3461 476 3541 gratiam
505 3460 696 3521 voluntatem
719 3460 773 3540 lit,
803 3461 919 3521 fruetus
949 3461 1046 3522 malac

129 3544 247 3605 arboris
269 3545 325 3621 sit,
360 3562 439 3624 quae
467 3562 529 3604 non
552 3552 656 3624 potest
678 3542 778 3606 bonos
800 3545 915 3605 fructus
938 3544 1044 3609 facua.

128 3626 212 3709 Ergo
235 3647 291 3708 per
313 3628 452 3687 timorem
468 3627 610 3689 servilem
632 3647 788 3709 nunquam
810 3628 991 3710 pervenitur
1010 3623 1044 3691 ad

130 3711 299 3775 caritatem.

212 3792 344 3870 Quinto,
381 3793 504 3852 innixus
535 3791 689 3875 Gregorio
721 3813 814 3877 super
841 3791 1043 3871 Ezechielem,
