2346 4208
120 246 184 317 330
473 246 680 320 captatores

122 439 249 516 homini,
271 439 323 517 qui
346 438 498 501 maiestati
510 435 669 501 Pontificio
689 434 901 499 canusinam?
921 454 942 496 a
961 434 1042 497 auius

124 522 203 584 facie
225 540 287 581 non
312 521 412 582 solum
435 541 524 602 regas
546 529 692 586 terrarum
714 526 746 581 st
766 527 851 583 totus
876 519 970 597 orbis,
991 517 1041 587 ssd

121 606 222 686 ipsum
245 603 365 686 coelum
389 611 420 664 et
443 607 519 665 trina
543 610 595 680 (ut
616 601 743 685 dicitur)
768 623 873 665 rerum
906 601 1043 664 machina

122 686 288 770 pavebant,
310 692 341 746 et
361 685 400 747 ab
423 689 487 748 eius
510 695 584 748 nutu
605 685 791 767 pendebant.

206 768 293 845 Quas
315 776 346 829 st
369 769 472 848 qualia
493 789 665 831 cormeum
687 771 747 831 isto
769 769 921 850 primast
942 787 1045 829 secun·

123 852 163 916 do
186 871 268 914 anno
291 871 414 935 passum
437 853 541 932 suerit,
574 859 749 933 quantaque
770 853 865 913 suerit
886 871 961 913 mea
985 858 1041 913 turn

123 955 185 998 non
210 934 283 995 licta
301 934 471 1014 humilitas,
501 955 538 997 ac
560 954 639 1017 pens
661 936 857 1016 desperatio,
896 935 937 995 ah
960 953 1043 1014 quau

122 1037 229 1099 parum
252 1024 364 1078 norunt
384 1018 444 1095 illi,
472 1020 524 1098 qui
545 1025 656 1099 postea
677 1019 871 1081 vulneratam
892 1016 1042 1099 pontilicis

123 1100 315 1162 maiestatem
339 1108 508 1182 coeperunt
518 1102 735 1182 superbissime
749 1100 913 1178 invadere,
937 1109 1040 1161 etcum

123 1202 185 1245 non
215 1183 362 1243 fecissent
392 1184 451 1245 hos
486 1184 654 1246 versiculos
690 1181 742 1266 (ut
773 1184 906 1265 Vergilii
947 1184 1042 1246 verbis

16 1324 20 1331 .
122 1263 218 1347 utar),
242 1264 375 1326 tulerunt
396 1273 498 1329 tamen
519 1268 671 1344 honores,
702 1286 780 1347 quos
803 1272 912 1328 tamen
934 1262 1042 1329 illisl'a

122 1348 230 1410 beuter
249 1349 403 1411 favebam.
481 1420 483 1424 ¹

151 1509 154 1513 ι
204 1431 271 1509 Ego
295 1452 379 1512 vero,
401 1431 472 1493 dum
493 1434 538 1494 illi
555 1438 744 1514 spectatores
757 1439 874 1509 essent,
898 1439 932 1493 et
955 1451 1039 1493 unum

122 1534 172 1576 me
194 1514 521 1597 sinebantpericlitari,
544 1521 606 1581 tam
628 1517 737 1594 laetus,
751 1514 927 1605 confidens
940 1522 973 1577 et
988 1534 1040 1576 cer·

122 1604 170 1659 tus
193 1618 254 1659 non
268 1598 320 1679 fui,
344 1600 530 1660 multasnim
552 1598 744 1680 ignorabam,
765 1617 847 1678 quae
864 1617 952 1659 nunc
975 1599 1041 1660 scio.

121 1680 263 1761 Denique
286 1681 325 1743 dc
347 1680 556 1764 indulgentiis,
580 1682 652 1762 quid
675 1686 795 1761 esseut,
818 1701 952 1762 prorsus
975 1678 1040 1742 nibil

123 1765 269 1845 sciebam,
292 1766 370 1826 sicut
392 1784 451 1826 nec
471 1768 538 1846 ipse
560 1773 642 1827 totus
665 1770 796 1845 papatus
821 1765 990 1844 quicquam
1010 1762 1041 1840 dc

124 1849 168 1908 eis
190 1849 316 1923 sciebat,
341 1855 456 1909 tantum
479 1869 536 1909 usu
559 1850 739 1910 colebantur
761 1854 792 1908 et
811 1848 1042 1908 consuetudine.

123 1931 196 1991 Ideo
220 1951 280 1992 non
305 1931 507 2012 disputabam,
530 1939 629 1992 uteas
653 1931 803 2008 tollerem,
827 1930 884 1991 sed
902 1930 1042 2011 cumpul-

123 2014 195 2074 chre
216 2015 341 2092 scirem,
375 2015 447 2094 quid
476 2035 539 2077 non
568 2019 688 2091 essent,
726 2013 890 2092 cupiebam
922 2013 1042 2091 discere,

123 2096 267 2176 quidnam
291 2105 404 2158 essent.
446 2098 488 2159 Et
511 2117 578 2159 curn
597 2097 735 2177 Magistri
758 2098 868 2157 mortui
884 2116 943 2157 seu
966 2097 1042 2172 muti,

123 2179 154 2238 id
180 2185 243 2257 est,
275 2180 341 2239 libri
364 2180 579 2261 theologorum
603 2187 634 2240 et
662 2181 855 2259 iuristarum,
891 2180 968 2240 mihi
989 2198 1042 2239 nou

123 2263 345 2342 satisfacerent,
369 2265 460 2324 statui
482 2266 570 2324 vivos
592 2263 762 2340 consulere,
785 2268 817 2323 ct
827 2263 934 2342 ipsam
956 2261 1043 2323 eccle·

122 2346 200 2404 siam
221 2345 277 2405 Dei
301 2346 421 2407 audire:
450 2353 502 2422 ut,
525 2348 550 2406 si
572 2367 633 2425 qua
652 2345 770 2425 reliqua
791 2352 900 2406 essent
923 2365 1044 2424 usquam

123 2447 240 2508 organa
253 2428 381 2508 Spiritus
400 2432 508 2508 sancti,
532 2432 591 2490 mei
613 2430 838 2504 misererentur,
861 2429 1000 2489 etsimul
1018 2430 1044 2488 iu

122 2529 316 2572 communem
340 2514 501 2573 utilitatem
525 2534 573 2573 me
604 2513 643 2572 de
663 2512 862 2591 indulgentiis
886 2514 1044 2573 certiorem

121 2594 294 2657 redderent.

205 2678 262 2738 Hic
284 2679 369 2738 multi
398 2678 471 2739 boni
500 2680 553 2738 viri
577 2697 661 2738 meas
683 2675 920 2756 Propositiones
953 2675 1042 2738 extol·

121 2761 248 2838 lebant,
271 2761 325 2821 sed
358 2762 415 2821 hos
452 2769 485 2822 ut
507 2762 670 2822 ecclesiam
698 2765 751 2820 aut
777 2778 900 2837 organa
923 2759 1047 2840 Spiritus

122 2845 220 2902 sancti
242 2863 459 2924 agnoscerem,
482 2846 538 2905 fuit
559 2843 758 2923 impossibile.
800 2842 932 2922 Papam,
956 2842 1048 2904 cardi·

123 2925 226 3001 nales,
248 2929 427 3007 episcopos,
450 2928 632 3008 theologos,
655 2928 785 3002 iuristas,
808 2927 986 2988 monachos
1008 2945 1048 2985 su·

122 3008 299 3087 spiciebam,
322 3018 356 3071 et
374 3031 412 3070 ex
425 3012 472 3071 his
484 3012 623 3090 spiritum
635 3007 865 3089 exspectabam.
912 3010 962 3070 Ita
976 3009 1050 3070 enirn

123 3093 250 3171 crapula
271 3099 302 3152 et
324 3093 471 3156 ebrietate
494 3095 652 3154 doctrinae
672 3093 808 3171 ipsorum
834 3110 922 3151 eram
943 3092 1051 3154 disten·

123 3181 191 3253 tus,
226 3180 259 3236 ut
280 3177 347 3255 ipse
370 3196 418 3238 me
441 3197 500 3237 uec
522 3177 744 3251 dormientem,
779 3192 838 3232 nac
869 3176 1050 3255 vigilantem

122 3260 276 3319 sentirem.
327 3259 367 3320 Et
398 3280 466 3319 cum
501 3260 606 3320 omnia
637 3263 818 3338 argumenta
853 3276 1051 3338 superassem

122 3361 178 3420 per
200 3340 384 3420 scripturae,
418 3343 478 3403 hoc
500 3362 592 3402 unum
626 3358 693 3401 cum
717 3359 837 3399 summa
861 3339 1053 3416 difficultate,

123 3427 155 3484 et
175 3425 335 3504 angustia,
359 3425 482 3486 tandem
506 3426 628 3486 Christo
646 3425 786 3499 favente,
820 3422 875 3481 vix
900 3425 1052 3506 superavi,

123 3507 285 3568 ecclesiam
316 3508 433 3570 scilicet
464 3528 533 3569 esse
564 3506 758 3568 audiendam.
803 3504 1002 3568 Pertinacius
1029 3515 1053 3567 et

122 3591 311 3650 reverentius
337 3593 431 3653 multo
452 3590 542 3674 (quia
560 3609 634 3650 vero
658 3587 752 3651 corde
767 3586 946 3666 faciebam)
963 3592 1053 3653 ecclc

122 3674 199 3733 siam
222 3692 321 3752 papas
345 3695 400 3752 pro
425 3673 643 3737 veraccclesia
659 3673 751 3749 colui,
774 3690 866 3750 quam
887 3675 942 3734 isti
957 3683 1054 3756 turpes

118 3757 351 3850 sycophantae,
373 3759 425 3842 qui
443 3757 539 3821 bodie
558 3757 722 3816 ecclesiam
745 3773 848 3834 papae
871 3764 991 3820 contra
1014 3776 1054 3819 mc
