<?xml version="1.0" encoding="UTF-8"?>
<!DOCTYPE html PUBLIC "-//W3C//DTD XHTML 1.0 Transitional//EN"
    "http://www.w3.org/TR/xhtml1/DTD/xhtml1-transitional.dtd">
<html xmlns="http://www.w3.org/1999/xhtml" xml:lang="en" lang="en">
 <head>
  <title>
</title>
<meta http-equiv="Content-Type" content="text/html;charset=utf-8" />
  <meta name='ocr-system' content='tesseract 3.04.00' />
  <meta name='ocr-capabilities' content='ocr_page ocr_carea ocr_par ocr_line ocrx_word'/>
</head>
<body>
  <div class='ocr_page' id='page_1' title='image "./dmartinilutheri04luthgoog_0368.png"; bbox 0 0 2346 4208; ppageno 0'>
   <div class='ocr_carea' id='block_1_1' title="bbox 368 253 1035 325">
    <p class='ocr_par' dir='ltr' id='par_1_1' title="bbox 368 253 1035 325">
     <span class='ocr_line' id='line_1_1' title="bbox 368 253 1035 325; baseline -0.004 -16"><span class='ocrx_word' id='word_1_1' title='bbox 368 253 439 309; x_wconf 84' lang='lat' dir='ltr'>xm.</span> <span class='ocrx_word' id='word_1_2' title='bbox 461 254 495 310; x_wconf 88' lang='lat' dir='ltr'>ds</span> <span class='ocrx_word' id='word_1_3' title='bbox 512 260 652 324; x_wconf 70' lang='lat' dir='ltr'><strong>potestate</strong></span> <span class='ocrx_word' id='word_1_4' title='bbox 667 253 769 325; x_wconf 71' lang='lat' dir='ltr'>Papae</span> <span class='ocrx_word' id='word_1_5' title='bbox 972 253 1035 322; x_wconf 71' lang='lat'>357</span> 
     </span>
    </p>
   </div>
   <div class='ocr_carea' id='block_1_2' title="bbox 114 442 1072 3601">
    <p class='ocr_par' dir='ltr' id='par_1_2' title="bbox 114 442 1037 1523">
     <span class='ocr_line' id='line_1_2' title="bbox 115 442 1036 525; baseline 0.001 -18"><span class='ocrx_word' id='word_1_6' title='bbox 115 443 172 507; x_wconf 86' lang='lat' dir='ltr'>Dei</span> <span class='ocrx_word' id='word_1_7' title='bbox 194 450 395 524; x_wconf 87' lang='lat' dir='ltr'>praeceptum</span> <span class='ocrx_word' id='word_1_8' title='bbox 416 442 534 506; x_wconf 90' lang='lat' dir='ltr'>illudat.</span> <span class='ocrx_word' id='word_1_9' title='bbox 578 444 610 507; x_wconf 82' lang='lat' dir='ltr'>Si</span> <span class='ocrx_word' id='word_1_10' title='bbox 632 444 712 521; x_wconf 90' lang='lat' dir='ltr'>hoo,</span> <span class='ocrx_word' id='word_1_11' title='bbox 735 452 896 525; x_wconf 82' lang='lat' dir='ltr'>tanquam,</span> <span class='ocrx_word' id='word_1_12' title='bbox 927 446 1036 508; x_wconf 90' lang='lat' dir='ltr'>minuit</span> 
     </span>
     <span class='ocr_line' id='line_1_3' title="bbox 114 527 1034 610; baseline 0.003 -22"><span class='ocrx_word' id='word_1_13' title='bbox 114 527 291 602; x_wconf 87' lang='lat' dir='ltr'>veritatem,</span> <span class='ocrx_word' id='word_1_14' title='bbox 325 527 373 588; x_wconf 91' lang='lat' dir='ltr'>vel</span> <span class='ocrx_word' id='word_1_15' title='bbox 396 528 493 608; x_wconf 87' lang='lat' dir='ltr'>regis,</span> <span class='ocrx_word' id='word_1_16' title='bbox 525 528 577 589; x_wconf 85' lang='lat' dir='ltr'>vel</span> <span class='ocrx_word' id='word_1_17' title='bbox 598 529 774 608; x_wconf 83' lang='lat' dir='ltr'>praecepti,</span> <span class='ocrx_word' id='word_1_18' title='bbox 808 547 862 591; x_wconf 89' lang='lat' dir='ltr'>cur</span> <span class='ocrx_word' id='word_1_19' title='bbox 894 531 1034 610; x_wconf 86' lang='lat' dir='ltr'>superins</span> 
     </span>
     <span class='ocr_line' id='line_1_4' title="bbox 115 610 1035 691; baseline 0.003 -21"><span class='ocrx_word' id='word_1_20' title='bbox 115 629 177 673; x_wconf 90' lang='lat' dir='ltr'>non</span> <span class='ocrx_word' id='word_1_21' title='bbox 199 610 340 672; x_wconf 89' lang='lat' dir='ltr'>similiter</span> <span class='ocrx_word' id='word_1_22' title='bbox 361 611 453 671; x_wconf 86' lang='lat' dir='ltr'>dixit:</span> <span class='ocrx_word' id='word_1_23' title='bbox 497 610 616 673; x_wconf 82' lang='lat' dir='ltr'>Subditi</span> <span class='ocrx_word' id='word_1_24' title='bbox 642 618 743 673; x_wconf 87' lang='lat' dir='ltr'>estote</span> <span class='ocrx_word' id='word_1_25' title='bbox 771 617 917 691; x_wconf 89' lang='lat' dir='ltr'>tanquam</span> <span class='ocrx_word' id='word_1_26' title='bbox 951 614 1035 674; x_wconf 88' lang='lat' dir='ltr'>omui</span> 
     </span>
     <span class='ocr_line' id='line_1_5' title="bbox 114 694 1032 775; baseline 0.002 -21"><span class='ocrx_word' id='word_1_27' title='bbox 114 695 268 755; x_wconf 87' lang='lat' dir='ltr'>humanae</span> <span class='ocrx_word' id='word_1_28' title='bbox 291 694 471 757; x_wconf 74' lang='lat' dir='ltr'><strong>creaturae?</strong></span> <span class='ocrx_word' id='word_1_29' title='bbox 517 694 578 757; x_wconf 88' lang='lat' dir='ltr'>Cur</span> <span class='ocrx_word' id='word_1_30' title='bbox 598 696 749 775; x_wconf 87' lang='lat' dir='ltr'>praecipit</span> <span class='ocrx_word' id='word_1_31' title='bbox 771 694 859 756; x_wconf 89' lang='lat' dir='ltr'>subdi</span> <span class='ocrx_word' id='word_1_32' title='bbox 881 696 948 755; x_wconf 90' lang='lat' dir='ltr'>sine</span> <span class='ocrx_word' id='word_1_33' title='bbox 971 703 1032 756; x_wconf 83' lang='lat' dir='ltr'>tan·</span> 
     </span>
     <span class='ocr_line' id='line_1_6' title="bbox 115 776 1035 857; baseline 0.004 -21"><span class='ocrx_word' id='word_1_34' title='bbox 115 777 227 857; x_wconf 88' lang='lat' dir='ltr'>quam?</span> <span class='ocrx_word' id='word_1_35' title='bbox 279 776 340 839; x_wconf 92' lang='lat' dir='ltr'>Cur</span> <span class='ocrx_word' id='word_1_36' title='bbox 367 798 430 839; x_wconf 92' lang='lat' dir='ltr'>non</span> <span class='ocrx_word' id='word_1_37' title='bbox 460 777 552 838; x_wconf 87' lang='lat' dir='ltr'>dixit:</span> <span class='ocrx_word' id='word_1_38' title='bbox 596 778 704 839; x_wconf 79' lang='lat' dir='ltr'>Estote</span> <span class='ocrx_word' id='word_1_39' title='bbox 739 783 885 856; x_wconf 86' lang='lat' dir='ltr'>tanquam</span> <span class='ocrx_word' id='word_1_40' title='bbox 913 777 1035 855; x_wconf 86' lang='lat' dir='ltr'>subditi,</span> 
     </span>
     <span class='ocr_line' id='line_1_7' title="bbox 115 860 1034 942; baseline 0.002 -21"><span class='ocrx_word' id='word_1_41' title='bbox 115 860 296 923; x_wconf 74' lang='lat' dir='ltr'>simulantes</span> <span class='ocrx_word' id='word_1_42' title='bbox 320 862 559 938; x_wconf 88' lang='lat' dir='ltr'>subiectionem,</span> <span class='ocrx_word' id='word_1_43' title='bbox 593 862 672 921; x_wconf 90' lang='lat' dir='ltr'>sicut</span> <span class='ocrx_word' id='word_1_44' title='bbox 700 861 754 922; x_wconf 87' lang='lat' dir='ltr'>ille</span> <span class='ocrx_word' id='word_1_45' title='bbox 776 861 899 923; x_wconf 78' lang='lat' dir='ltr'>simulat</span> <span class='ocrx_word' id='word_1_46' title='bbox 918 879 1034 942; x_wconf 84' lang='lat' dir='ltr'>regam,</span> 
     </span>
     <span class='ocr_line' id='line_1_8' title="bbox 115 942 1037 1024; baseline 0.001 -20"><span class='ocrx_word' id='word_1_47' title='bbox 115 950 260 1022; x_wconf 88' lang='lat' dir='ltr'>tanquam</span> <span class='ocrx_word' id='word_1_48' title='bbox 285 945 324 1004; x_wconf 89' lang='lat' dir='ltr'>sit</span> <span class='ocrx_word' id='word_1_49' title='bbox 335 945 411 1006; x_wconf 81' lang='lat' dir='ltr'>rex?</span> <span class='ocrx_word' id='word_1_50' title='bbox 439 945 586 1005; x_wconf 77' lang='lat' dir='ltr'>insulsior</span> <span class='ocrx_word' id='word_1_51' title='bbox 606 949 656 1005; x_wconf 88' lang='lat' dir='ltr'>est</span> <span class='ocrx_word' id='word_1_52' title='bbox 676 945 736 1005; x_wconf 87' lang='lat' dir='ltr'>ista</span> <span class='ocrx_word' id='word_1_53' title='bbox 756 942 873 1024; x_wconf 87' lang='lat' dir='ltr'>glossa,</span> <span class='ocrx_word' id='word_1_54' title='bbox 890 962 980 1022; x_wconf 88' lang='lat' dir='ltr'>quam</span> <span class='ocrx_word' id='word_1_55' title='bbox 1003 950 1037 1005; x_wconf 91' lang='lat' dir='ltr'>ut</span> 
     </span>
     <span class='ocr_line' id='line_1_9' title="bbox 115 1027 1034 1107; baseline 0.001 -19"><span class='ocrx_word' id='word_1_56' title='bbox 115 1033 269 1088; x_wconf 87' lang='lat' dir='ltr'>mereatur</span> <span class='ocrx_word' id='word_1_57' title='bbox 291 1028 424 1089; x_wconf 82' lang='lat' dir='ltr'>refutari.</span> <span class='ocrx_word' id='word_1_58' title='bbox 467 1028 576 1088; x_wconf 89' lang='lat' dir='ltr'>Petrus</span> <span class='ocrx_word' id='word_1_59' title='bbox 597 1028 672 1104; x_wconf 85' lang='lat' dir='ltr'>vult,</span> <span class='ocrx_word' id='word_1_60' title='bbox 693 1027 755 1088; x_wconf 91' lang='lat' dir='ltr'>hoo</span> <span class='ocrx_word' id='word_1_61' title='bbox 776 1035 922 1107; x_wconf 91' lang='lat' dir='ltr'>tauquam</span> <span class='ocrx_word' id='word_1_62' title='bbox 943 1028 1034 1089; x_wconf 86' lang='lat' dir='ltr'>ratio·</span> 
     </span>
     <span class='ocr_line' id='line_1_10' title="bbox 117 1110 1037 1190; baseline 0 -20"><span class='ocrx_word' id='word_1_63' title='bbox 117 1110 219 1172; x_wconf 90' lang='lat' dir='ltr'>nalem</span> <span class='ocrx_word' id='word_1_64' title='bbox 248 1129 318 1171; x_wconf 87' lang='lat' dir='ltr'>esse</span> <span class='ocrx_word' id='word_1_65' title='bbox 351 1112 617 1184; x_wconf 87' lang='lat' dir='ltr'>coniunctionem,</span> <span class='ocrx_word' id='word_1_66' title='bbox 651 1110 836 1189; x_wconf 86' lang='lat' dir='ltr'>ostendens,</span> <span class='ocrx_word' id='word_1_67' title='bbox 869 1128 963 1190; x_wconf 87' lang='lat' dir='ltr'>quare</span> <span class='ocrx_word' id='word_1_68' title='bbox 996 1110 1037 1172; x_wconf 87' lang='lat' dir='ltr'>sit</span> 
     </span>
     <span class='ocr_line' id='line_1_11' title="bbox 115 1192 1036 1273; baseline 0.001 -19"><span class='ocrx_word' id='word_1_69' title='bbox 115 1192 320 1271; x_wconf 86' lang='lat' dir='ltr'>subdendum,</span> <span class='ocrx_word' id='word_1_70' title='bbox 342 1194 435 1272; x_wconf 77' lang='lat' dir='ltr'>Quia,</span> <span class='ocrx_word' id='word_1_71' title='bbox 457 1195 571 1272; x_wconf 85' lang='lat' dir='ltr'>inquit,</span> <span class='ocrx_word' id='word_1_72' title='bbox 595 1193 771 1273; x_wconf 83' lang='lat' dir='ltr'>praecellit,</span> <span class='ocrx_word' id='word_1_73' title='bbox 794 1200 826 1254; x_wconf 81' lang='lat' dir='ltr'>et</span> <span class='ocrx_word' id='word_1_74' title='bbox 847 1194 921 1273; x_wconf 85' lang='lat' dir='ltr'>quia</span> <span class='ocrx_word' id='word_1_75' title='bbox 942 1192 1036 1255; x_wconf 87' lang='lat' dir='ltr'>ducas</span> 
     </span>
     <span class='ocr_line' id='line_1_12' title="bbox 116 1276 1037 1357; baseline 0.002 -21"><span class='ocrx_word' id='word_1_76' title='bbox 116 1277 292 1337; x_wconf 89' lang='lat' dir='ltr'>missisunt</span> <span class='ocrx_word' id='word_1_77' title='bbox 312 1278 351 1340; x_wconf 91' lang='lat' dir='ltr'>ab</span> <span class='ocrx_word' id='word_1_78' title='bbox 374 1298 430 1354; x_wconf 73' lang='lat' dir='ltr'>eo:</span> <span class='ocrx_word' id='word_1_79' title='bbox 451 1276 513 1339; x_wconf 93' lang='lat' dir='ltr'>hoc</span> <span class='ocrx_word' id='word_1_80' title='bbox 535 1285 591 1354; x_wconf 89' lang='lat' dir='ltr'>est,</span> <span class='ocrx_word' id='word_1_81' title='bbox 614 1278 682 1356; x_wconf 86' lang='lat' dir='ltr'>ipsa</span> <span class='ocrx_word' id='word_1_82' title='bbox 696 1276 916 1357; x_wconf 83' lang='lat' dir='ltr'>praecellentia</span> <span class='ocrx_word' id='word_1_83' title='bbox 936 1280 968 1337; x_wconf 87' lang='lat' dir='ltr'>ct</span> <span class='ocrx_word' id='word_1_84' title='bbox 983 1294 1037 1356; x_wconf 80' lang='lat' dir='ltr'>po</span> 
     </span>
     <span class='ocr_line' id='line_1_13' title="bbox 116 1361 1036 1440; baseline -0.001 -20"><span class='ocrx_word' id='word_1_85' title='bbox 116 1365 227 1436; x_wconf 86' lang='lat' dir='ltr'>testas,</span> <span class='ocrx_word' id='word_1_86' title='bbox 250 1365 323 1438; x_wconf 85' lang='lat' dir='ltr'>quia</span> <span class='ocrx_word' id='word_1_87' title='bbox 343 1361 411 1422; x_wconf 87' lang='lat' dir='ltr'>Deo</span> <span class='ocrx_word' id='word_1_88' title='bbox 434 1361 560 1421; x_wconf 87' lang='lat' dir='ltr'>volente</span> <span class='ocrx_word' id='word_1_89' title='bbox 581 1361 713 1440; x_wconf 79' lang='lat' dir='ltr'>geritur,</span> <span class='ocrx_word' id='word_1_90' title='bbox 746 1366 794 1421; x_wconf 82' lang='lat' dir='ltr'>cst</span> <span class='ocrx_word' id='word_1_91' title='bbox 815 1378 918 1435; x_wconf 87' lang='lat' dir='ltr'>causa,</span> <span class='ocrx_word' id='word_1_92' title='bbox 941 1377 1036 1439; x_wconf 80' lang='lat' dir='ltr'>quare</span> 
     </span>
     <span class='ocr_line' id='line_1_14' title="bbox 117 1441 697 1523; baseline 0.003 -21"><span class='ocrx_word' id='word_1_93' title='bbox 117 1448 244 1523; x_wconf 87' lang='lat' dir='ltr'>propter</span> <span class='ocrx_word' id='word_1_94' title='bbox 263 1443 361 1505; x_wconf 86' lang='lat' dir='ltr'>Deum</span> <span class='ocrx_word' id='word_1_95' title='bbox 387 1441 475 1505; x_wconf 88' lang='lat' dir='ltr'>subdi</span> <span class='ocrx_word' id='word_1_96' title='bbox 498 1444 527 1505; x_wconf 89' lang='lat' dir='ltr'>ei</span> <span class='ocrx_word' id='word_1_97' title='bbox 548 1443 697 1504; x_wconf 79' lang='lat' dir='ltr'>debeatis.</span> 
     </span>
    </p>

    <p class='ocr_par' dir='ltr' id='par_1_3' title="bbox 116 1524 1039 1938">
     <span class='ocr_line' id='line_1_15' title="bbox 199 1524 1036 1605; baseline -0.001 -19"><span class='ocrx_word' id='word_1_98' title='bbox 199 1524 290 1600; x_wconf 77' lang='lat' dir='ltr'>Quod</span> <span class='ocrx_word' id='word_1_99' title='bbox 312 1533 414 1589; x_wconf 89' lang='lat' dir='ltr'>autam</span> <span class='ocrx_word' id='word_1_100' title='bbox 438 1528 588 1605; x_wconf 86' lang='lat' dir='ltr'>sequitur:</span> <span class='ocrx_word' id='word_1_101' title='bbox 610 1525 649 1586; x_wconf 88' lang='lat' dir='ltr'>ad</span> <span class='ocrx_word' id='word_1_102' title='bbox 679 1525 847 1585; x_wconf 88' lang='lat' dir='ltr'>vindictam</span> <span class='ocrx_word' id='word_1_103' title='bbox 874 1525 1036 1600; x_wconf 86' lang='lat' dir='ltr'>malorum,</span> 
     </span>
     <span class='ocr_line' id='line_1_16' title="bbox 116 1606 1037 1690; baseline 0.001 -22"><span class='ocrx_word' id='word_1_104' title='bbox 116 1607 238 1670; x_wconf 88' lang='lat' dir='ltr'>laudem</span> <span class='ocrx_word' id='word_1_105' title='bbox 253 1628 328 1671; x_wconf 90' lang='lat' dir='ltr'>vero</span> <span class='ocrx_word' id='word_1_106' title='bbox 351 1610 514 1688; x_wconf 87' lang='lat' dir='ltr'>bonorum,</span> <span class='ocrx_word' id='word_1_107' title='bbox 535 1607 769 1690; x_wconf 87' lang='lat' dir='ltr'>intelligendum</span> <span class='ocrx_word' id='word_1_108' title='bbox 790 1628 853 1669; x_wconf 91' lang='lat' dir='ltr'>uon</span> <span class='ocrx_word' id='word_1_109' title='bbox 876 1614 932 1686; x_wconf 88' lang='lat' dir='ltr'>est,</span> <span class='ocrx_word' id='word_1_110' title='bbox 954 1606 1037 1687; x_wconf 89' lang='lat' dir='ltr'>quod</span> 
     </span>
     <span class='ocr_line' id='line_1_17' title="bbox 117 1691 1039 1773; baseline -0.002 -21"><span class='ocrx_word' id='word_1_111' title='bbox 117 1710 171 1752; x_wconf 86' lang='lat' dir='ltr'>rex</span> <span class='ocrx_word' id='word_1_112' title='bbox 191 1693 243 1753; x_wconf 88' lang='lat' dir='ltr'>vel</span> <span class='ocrx_word' id='word_1_113' title='bbox 264 1694 434 1773; x_wconf 89' lang='lat' dir='ltr'>imperator</span> <span class='ocrx_word' id='word_1_114' title='bbox 463 1712 555 1771; x_wconf 90' lang='lat' dir='ltr'>super</span> <span class='ocrx_word' id='word_1_115' title='bbox 580 1692 681 1753; x_wconf 88' lang='lat' dir='ltr'>bonos</span> <span class='ocrx_word' id='word_1_116' title='bbox 704 1698 735 1752; x_wconf 92' lang='lat' dir='ltr'>et</span> <span class='ocrx_word' id='word_1_117' title='bbox 757 1691 855 1751; x_wconf 88' lang='lat' dir='ltr'>malos</span> <span class='ocrx_word' id='word_1_118' title='bbox 882 1691 1039 1770; x_wconf 84' lang='lat' dir='ltr'>acceperit</span> 
     </span>
     <span class='ocr_line' id='line_1_18' title="bbox 117 1772 1036 1856; baseline -0.001 -22"><span class='ocrx_word' id='word_1_119' title='bbox 117 1773 211 1856; x_wconf 81' lang='lat' dir='ltr'>gladii</span> <span class='ocrx_word' id='word_1_120' title='bbox 236 1782 436 1856; x_wconf 81' lang='lat' dir='ltr'>potestatem,</span> <span class='ocrx_word' id='word_1_121' title='bbox 455 1776 509 1836; x_wconf 85' lang='lat' dir='ltr'>sed</span> <span class='ocrx_word' id='word_1_122' title='bbox 533 1776 636 1836; x_wconf 89' lang='lat' dir='ltr'>ineos</span> <span class='ocrx_word' id='word_1_123' title='bbox 658 1772 864 1851; x_wconf 88' lang='lat' dir='ltr'>solummodo,</span> <span class='ocrx_word' id='word_1_124' title='bbox 888 1774 939 1852; x_wconf 89' lang='lat' dir='ltr'>qui</span> <span class='ocrx_word' id='word_1_125' title='bbox 951 1778 1036 1834; x_wconf 87' lang='lat' dir='ltr'>uten-</span> 
     </span>
     <span class='ocr_line' id='line_1_19' title="bbox 119 1856 898 1938; baseline -0.003 -20"><span class='ocrx_word' id='word_1_126' title='bbox 119 1865 165 1918; x_wconf 88' lang='lat' dir='ltr'>tes</span> <span class='ocrx_word' id='word_1_127' title='bbox 188 1858 292 1938; x_wconf 91' lang='lat' dir='ltr'>gladio</span> <span class='ocrx_word' id='word_1_128' title='bbox 317 1861 381 1921; x_wconf 87' lang='lat' dir='ltr'>eius</span> <span class='ocrx_word' id='word_1_129' title='bbox 414 1865 485 1919; x_wconf 89' lang='lat' dir='ltr'>sunt</span> <span class='ocrx_word' id='word_1_130' title='bbox 507 1858 710 1920; x_wconf 88' lang='lat' dir='ltr'>iurisdictioni</span> <span class='ocrx_word' id='word_1_131' title='bbox 732 1856 898 1918; x_wconf 88' lang='lat' dir='ltr'>commissi.</span> 
     </span>
    </p>

    <p class='ocr_par' dir='ltr' id='par_1_4' title="bbox 117 1938 1040 2853">
     <span class='ocr_line' id='line_1_20' title="bbox 200 1938 1035 2004; baseline -0.002 -3"><span class='ocrx_word' id='word_1_132' title='bbox 200 1940 227 2001; x_wconf 91' lang='lat'>0</span> <span class='ocrx_word' id='word_1_133' title='bbox 249 1944 457 2004; x_wconf 88' lang='lat' dir='ltr'>necessariam</span> <span class='ocrx_word' id='word_1_134' title='bbox 480 1942 641 2003; x_wconf 82' lang='lat' dir='ltr'>Romanae</span> <span class='ocrx_word' id='word_1_135' title='bbox 663 1941 766 2001; x_wconf 88' lang='lat' dir='ltr'>euriae</span> <span class='ocrx_word' id='word_1_136' title='bbox 788 1945 819 2000; x_wconf 89' lang='lat' dir='ltr'>et</span> <span class='ocrx_word' id='word_1_137' title='bbox 846 1938 921 2000; x_wconf 87' lang='lat' dir='ltr'>cleri</span> <span class='ocrx_word' id='word_1_138' title='bbox 943 1938 1035 2000; x_wconf 87' lang='lat' dir='ltr'>licen·</span> 
     </span>
     <span class='ocr_line' id='line_1_21' title="bbox 119 2023 1040 2106; baseline -0.002 -22"><span class='ocrx_word' id='word_1_139' title='bbox 119 2026 180 2084; x_wconf 88' lang='lat' dir='ltr'>tiae</span> <span class='ocrx_word' id='word_1_140' title='bbox 207 2027 466 2106; x_wconf 88' lang='lat' dir='ltr'>impunitissimae</span> <span class='ocrx_word' id='word_1_141' title='bbox 495 2024 642 2105; x_wconf 86' lang='lat' dir='ltr'>glossam.</span> <span class='ocrx_word' id='word_1_142' title='bbox 685 2023 742 2083; x_wconf 89' lang='lat' dir='ltr'>Hic</span> <span class='ocrx_word' id='word_1_143' title='bbox 764 2042 838 2084; x_wconf 89' lang='lat' dir='ltr'>sanc</span> <span class='ocrx_word' id='word_1_144' title='bbox 863 2041 942 2101; x_wconf 89' lang='lat' dir='ltr'>opus</span> <span class='ocrx_word' id='word_1_145' title='bbox 974 2028 1040 2082; x_wconf 88' lang='lat' dir='ltr'>erat</span> 
     </span>
     <span class='ocr_line' id='line_1_22' title="bbox 118 2104 1037 2188; baseline -0.002 -22"><span class='ocrx_word' id='word_1_146' title='bbox 118 2107 225 2169; x_wconf 89' lang='lat' dir='ltr'>oculos</span> <span class='ocrx_word' id='word_1_147' title='bbox 248 2108 417 2185; x_wconf 83' lang='lat' dir='ltr'>intendere,</span> <span class='ocrx_word' id='word_1_148' title='bbox 438 2109 489 2168; x_wconf 89' lang='lat' dir='ltr'>hic</span> <span class='ocrx_word' id='word_1_149' title='bbox 511 2107 596 2168; x_wconf 90' lang='lat' dir='ltr'>ulcus</span> <span class='ocrx_word' id='word_1_150' title='bbox 620 2106 817 2188; x_wconf 86' lang='lat' dir='ltr'>tangebatur,</span> <span class='ocrx_word' id='word_1_151' title='bbox 842 2104 897 2166; x_wconf 89' lang='lat' dir='ltr'>sed</span> <span class='ocrx_word' id='word_1_152' title='bbox 918 2104 1037 2165; x_wconf 80' lang='lat' dir='ltr'>frustra.</span> 
     </span>
     <span class='ocr_line' id='line_1_23' title="bbox 117 2187 1038 2269; baseline -0.003 -20"><span class='ocrx_word' id='word_1_153' title='bbox 117 2190 239 2267; x_wconf 87' lang='lat' dir='ltr'>lterum,</span> <span class='ocrx_word' id='word_1_154' title='bbox 262 2192 311 2251; x_wconf 88' lang='lat' dir='ltr'>hic</span> <span class='ocrx_word' id='word_1_155' title='bbox 334 2211 402 2251; x_wconf 90' lang='lat' dir='ltr'>cum</span> <span class='ocrx_word' id='word_1_156' title='bbox 425 2210 481 2251; x_wconf 89' lang='lat' dir='ltr'>suo</span> <span class='ocrx_word' id='word_1_157' title='bbox 506 2191 655 2252; x_wconf 87' lang='lat' dir='ltr'>duntaxat</span> <span class='ocrx_word' id='word_1_158' title='bbox 682 2191 799 2269; x_wconf 87' lang='lat' dir='ltr'>prodit,</span> <span class='ocrx_word' id='word_1_159' title='bbox 833 2188 957 2248; x_wconf 90' lang='lat' dir='ltr'>verbum</span> <span class='ocrx_word' id='word_1_160' title='bbox 982 2187 1038 2247; x_wconf 88' lang='lat' dir='ltr'>Dei</span> 
     </span>
     <span class='ocr_line' id='line_1_24' title="bbox 118 2269 1040 2354; baseline -0.005 -20"><span class='ocrx_word' id='word_1_161' title='bbox 118 2276 263 2353; x_wconf 89' lang='lat' dir='ltr'>generale</span> <span class='ocrx_word' id='word_1_162' title='bbox 288 2282 435 2352; x_wconf 83' lang='lat' dir='ltr'>torquens</span> <span class='ocrx_word' id='word_1_163' title='bbox 457 2277 487 2333; x_wconf 95' lang='lat' dir='ltr'>in</span> <span class='ocrx_word' id='word_1_164' title='bbox 511 2281 628 2354; x_wconf 90' lang='lat' dir='ltr'>partem</span> <span class='ocrx_word' id='word_1_165' title='bbox 651 2273 758 2353; x_wconf 89' lang='lat' dir='ltr'>populi</span> <span class='ocrx_word' id='word_1_166' title='bbox 782 2272 902 2333; x_wconf 84' lang='lat' dir='ltr'>Christi.</span> <span class='ocrx_word' id='word_1_167' title='bbox 937 2269 1040 2344; x_wconf 78' lang='lat' dir='ltr'>Quare</span> 
     </span>
     <span class='ocr_line' id='line_1_25' title="bbox 119 2354 1040 2436; baseline -0.002 -20"><span class='ocrx_word' id='word_1_168' title='bbox 119 2364 150 2417; x_wconf 88' lang='lat' dir='ltr'>et</span> <span class='ocrx_word' id='word_1_169' title='bbox 171 2377 229 2417; x_wconf 90' lang='lat' dir='ltr'>nos</span> <span class='ocrx_word' id='word_1_170' title='bbox 253 2358 360 2418; x_wconf 83' lang='lat' dir='ltr'>eadem</span> <span class='ocrx_word' id='word_1_171' title='bbox 384 2356 527 2434; x_wconf 89' lang='lat' dir='ltr'>absurda,</span> <span class='ocrx_word' id='word_1_172' title='bbox 550 2377 606 2436; x_wconf 90' lang='lat' dir='ltr'>pro</span> <span class='ocrx_word' id='word_1_173' title='bbox 630 2357 724 2417; x_wconf 86' lang='lat' dir='ltr'>verbo</span> <span class='ocrx_word' id='word_1_174' title='bbox 739 2355 806 2430; x_wconf 89' lang='lat' dir='ltr'>Dei,</span> <span class='ocrx_word' id='word_1_175' title='bbox 831 2362 937 2416; x_wconf 89' lang='lat' dir='ltr'>contra</span> <span class='ocrx_word' id='word_1_176' title='bbox 956 2354 1040 2414; x_wconf 89' lang='lat' dir='ltr'>vani·</span> 
     </span>
     <span class='ocr_line' id='line_1_26' title="bbox 119 2437 1039 2517; baseline -0.005 -17"><span class='ocrx_word' id='word_1_177' title='bbox 119 2445 212 2501; x_wconf 88' lang='lat' dir='ltr'>tatem</span> <span class='ocrx_word' id='word_1_178' title='bbox 238 2442 319 2501; x_wconf 85' lang='lat' dir='ltr'>hanc</span> <span class='ocrx_word' id='word_1_179' title='bbox 340 2440 533 2501; x_wconf 87' lang='lat' dir='ltr'>reducamus.</span> <span class='ocrx_word' id='word_1_180' title='bbox 576 2440 617 2499; x_wconf 83' lang='lat' dir='ltr'>Et</span> <span class='ocrx_word' id='word_1_181' title='bbox 639 2458 835 2517; x_wconf 84' lang='lat' dir='ltr'>quaeramus:</span> <span class='ocrx_word' id='word_1_182' title='bbox 859 2437 906 2499; x_wconf 81' lang='lat' dir='ltr'>An</span> <span class='ocrx_word' id='word_1_183' title='bbox 931 2456 1039 2497; x_wconf 89' lang='lat' dir='ltr'>omues</span> 
     </span>
     <span class='ocr_line' id='line_1_27' title="bbox 119 2519 1040 2585; baseline -0.004 -3"><span class='ocrx_word' id='word_1_184' title='bbox 119 2542 194 2583; x_wconf 90' lang='lat' dir='ltr'>oves</span> <span class='ocrx_word' id='word_1_185' title='bbox 218 2524 330 2585; x_wconf 83' lang='lat' dir='ltr'>Christi</span> <span class='ocrx_word' id='word_1_186' title='bbox 358 2526 420 2583; x_wconf 87' lang='lat' dir='ltr'>sint</span> <span class='ocrx_word' id='word_1_187' title='bbox 441 2525 532 2583; x_wconf 88' lang='lat' dir='ltr'>Petro</span> <span class='ocrx_word' id='word_1_188' title='bbox 566 2522 727 2583; x_wconf 81' lang='lat' dir='ltr'>subditae?</span> <span class='ocrx_word' id='word_1_189' title='bbox 764 2526 795 2581; x_wconf 90' lang='lat' dir='ltr'>et</span> <span class='ocrx_word' id='word_1_190' title='bbox 830 2540 870 2580; x_wconf 90' lang='lat' dir='ltr'>an</span> <span class='ocrx_word' id='word_1_191' title='bbox 899 2519 937 2579; x_wconf 91' lang='lat' dir='ltr'>ad</span> <span class='ocrx_word' id='word_1_192' title='bbox 968 2538 1040 2580; x_wconf 92' lang='lat' dir='ltr'>suos</span> 
     </span>
     <span class='ocr_line' id='line_1_28' title="bbox 120 2600 1040 2686; baseline -0.003 -20"><span class='ocrx_word' id='word_1_193' title='bbox 120 2606 258 2667; x_wconf 90' lang='lat' dir='ltr'>subditos</span> <span class='ocrx_word' id='word_1_194' title='bbox 280 2607 360 2667; x_wconf 89' lang='lat' dir='ltr'>haec</span> <span class='ocrx_word' id='word_1_195' title='bbox 381 2606 559 2686; x_wconf 80' lang='lat' dir='ltr'>scripserit?</span> <span class='ocrx_word' id='word_1_196' title='bbox 581 2613 611 2666; x_wconf 87' lang='lat' dir='ltr'>et</span> <span class='ocrx_word' id='word_1_197' title='bbox 634 2626 673 2665; x_wconf 87' lang='lat' dir='ltr'>an</span> <span class='ocrx_word' id='word_1_198' title='bbox 695 2605 747 2664; x_wconf 91' lang='lat' dir='ltr'>alii</span> <span class='ocrx_word' id='word_1_199' title='bbox 771 2605 831 2663; x_wconf 88' lang='lat' dir='ltr'>sint</span> <span class='ocrx_word' id='word_1_200' title='bbox 853 2602 965 2663; x_wconf 89' lang='lat' dir='ltr'>subditi</span> <span class='ocrx_word' id='word_1_201' title='bbox 987 2600 1040 2663; x_wconf 89' lang='lat' dir='ltr'>Pe·</span> 
     </span>
     <span class='ocr_line' id='line_1_29' title="bbox 121 2684 1040 2771; baseline -0.007 -22"><span class='ocrx_word' id='word_1_202' title='bbox 121 2692 156 2749; x_wconf 89' lang='lat' dir='ltr'>tri</span> <span class='ocrx_word' id='word_1_203' title='bbox 181 2697 211 2750; x_wconf 89' lang='lat' dir='ltr'>et</span> <span class='ocrx_word' id='word_1_204' title='bbox 233 2690 337 2771; x_wconf 86' lang='lat' dir='ltr'>regis?</span> <span class='ocrx_word' id='word_1_205' title='bbox 359 2692 437 2751; x_wconf 87' lang='lat' dir='ltr'>haec</span> <span class='ocrx_word' id='word_1_206' title='bbox 459 2691 540 2750; x_wconf 87' lang='lat' dir='ltr'>eninr</span> <span class='ocrx_word' id='word_1_207' title='bbox 563 2691 635 2766; x_wconf 89' lang='lat' dir='ltr'>tria,</span> <span class='ocrx_word' id='word_1_208' title='bbox 658 2706 786 2748; x_wconf 88' lang='lat' dir='ltr'>necesse</span> <span class='ocrx_word' id='word_1_209' title='bbox 811 2693 873 2758; x_wconf 87' lang='lat' dir='ltr'>est,</span> <span class='ocrx_word' id='word_1_210' title='bbox 896 2684 1040 2745; x_wconf 83' lang='lat' dir='ltr'>conlitea</span> 
     </span>
     <span class='ocr_line' id='line_1_30' title="bbox 120 2773 688 2853; baseline -0.002 -21"><span class='ocrx_word' id='word_1_211' title='bbox 120 2782 167 2833; x_wconf 86' lang='lat' dir='ltr'>tur</span> <span class='ocrx_word' id='word_1_212' title='bbox 187 2793 270 2850; x_wconf 86' lang='lat' dir='ltr'>vera,</span> <span class='ocrx_word' id='word_1_213' title='bbox 293 2781 326 2834; x_wconf 89' lang='lat' dir='ltr'>ut</span> <span class='ocrx_word' id='word_1_214' title='bbox 348 2794 387 2834; x_wconf 88' lang='lat' dir='ltr'>ex</span> <span class='ocrx_word' id='word_1_215' title='bbox 408 2773 572 2853; x_wconf 85' lang='lat' dir='ltr'>praedictis</span> <span class='ocrx_word' id='word_1_216' title='bbox 595 2779 688 2850; x_wconf 88' lang='lat' dir='ltr'>patet.</span> 
     </span>
    </p>

    <p class='ocr_par' dir='ltr' id='par_1_5' title="bbox 119 2849 1072 3601">
     <span class='ocr_line' id='line_1_31' title="bbox 202 2849 1041 2935; baseline -0.008 -19"><span class='ocrx_word' id='word_1_217' title='bbox 202 2855 321 2935; x_wconf 78' lang='lat' dir='ltr'>Quare,</span> <span class='ocrx_word' id='word_1_218' title='bbox 357 2858 383 2916; x_wconf 88' lang='lat' dir='ltr'>si</span> <span class='ocrx_word' id='word_1_219' title='bbox 415 2857 477 2916; x_wconf 91' lang='lat' dir='ltr'>suis</span> <span class='ocrx_word' id='word_1_220' title='bbox 505 2855 634 2917; x_wconf 91' lang='lat' dir='ltr'>subditis</span> <span class='ocrx_word' id='word_1_221' title='bbox 663 2854 741 2915; x_wconf 90' lang='lat' dir='ltr'>haec</span> <span class='ocrx_word' id='word_1_222' title='bbox 768 2852 904 2929; x_wconf 81' lang='lat' dir='ltr'>scripsit,</span> <span class='ocrx_word' id='word_1_223' title='bbox 944 2857 974 2910; x_wconf 89' lang='lat' dir='ltr'>et</span> <span class='ocrx_word' id='word_1_224' title='bbox 1010 2849 1041 2910; x_wconf 93' lang='lat' dir='ltr'>hi</span> 
     </span>
     <span class='ocr_line' id='line_1_32' title="bbox 119 2934 1040 3018; baseline -0.007 -20"><span class='ocrx_word' id='word_1_225' title='bbox 119 2940 170 2998; x_wconf 90' lang='lat' dir='ltr'>alii</span> <span class='ocrx_word' id='word_1_226' title='bbox 201 2947 272 2999; x_wconf 89' lang='lat' dir='ltr'>sunt</span> <span class='ocrx_word' id='word_1_227' title='bbox 310 2960 329 2999; x_wconf 92' lang='lat' dir='ltr'>a</span> <span class='ocrx_word' id='word_1_228' title='bbox 360 2939 489 3000; x_wconf 88' lang='lat' dir='ltr'>subditis</span> <span class='ocrx_word' id='word_1_229' title='bbox 523 2939 732 3018; x_wconf 85' lang='lat' dir='ltr'>imperatoris,</span> <span class='ocrx_word' id='word_1_230' title='bbox 766 2934 860 3016; x_wconf 90' lang='lat' dir='ltr'>gladii</span> <span class='ocrx_word' id='word_1_231' title='bbox 891 2940 1040 3013; x_wconf 89' lang='lat' dir='ltr'>potestas,</span> 
     </span>
     <span class='ocr_line' id='line_1_33' title="bbox 122 3016 1040 3100; baseline -0.009 -19"><span class='ocrx_word' id='word_1_232' title='bbox 122 3022 215 3082; x_wconf 88' lang='lat' dir='ltr'>verbo</span> <span class='ocrx_word' id='word_1_233' title='bbox 248 3023 345 3098; x_wconf 89' lang='lat' dir='ltr'>Petri,</span> <span class='ocrx_word' id='word_1_234' title='bbox 378 3023 476 3082; x_wconf 90' lang='lat' dir='ltr'>solum</span> <span class='ocrx_word' id='word_1_235' title='bbox 506 3041 598 3100; x_wconf 86' lang='lat' dir='ltr'>super</span> <span class='ocrx_word' id='word_1_236' title='bbox 626 3020 772 3093; x_wconf 87' lang='lat' dir='ltr'>clericos,</span> <span class='ocrx_word' id='word_1_237' title='bbox 810 3019 841 3077; x_wconf 92' lang='lat' dir='ltr'>in</span> <span class='ocrx_word' id='word_1_238' title='bbox 875 3016 1040 3075; x_wconf 87' lang='lat' dir='ltr'>vindictam</span> 
     </span>
     <span class='ocr_line' id='line_1_34' title="bbox 121 3103 1040 3177; baseline -0.008 -13"><span class='ocrx_word' id='word_1_239' title='bbox 121 3107 270 3165; x_wconf 86' lang='lat' dir='ltr'>malorum</span> <span class='ocrx_word' id='word_1_240' title='bbox 295 3112 326 3166; x_wconf 88' lang='lat' dir='ltr'>et</span> <span class='ocrx_word' id='word_1_241' title='bbox 353 3105 475 3166; x_wconf 89' lang='lat' dir='ltr'>laudem</span> <span class='ocrx_word' id='word_1_242' title='bbox 502 3105 654 3167; x_wconf 91' lang='lat' dir='ltr'>bonorum</span> <span class='ocrx_word' id='word_1_243' title='bbox 678 3103 800 3175; x_wconf 87' lang='lat' dir='ltr'>valebit,</span> <span class='ocrx_word' id='word_1_244' title='bbox 823 3107 971 3177; x_wconf 87' lang='lat' dir='ltr'>eruntque</span> <span class='ocrx_word' id='word_1_245' title='bbox 989 3117 1040 3158; x_wconf 86' lang='lat' dir='ltr'>ex·</span> 
     </span>
     <span class='ocr_line' id='line_1_35' title="bbox 120 3180 1040 3267; baseline -0.009 -19"><span class='ocrx_word' id='word_1_246' title='bbox 120 3189 214 3267; x_wconf 86' lang='lat' dir='ltr'>empti</span> <span class='ocrx_word' id='word_1_247' title='bbox 238 3208 344 3249; x_wconf 89' lang='lat' dir='ltr'>omnes</span> <span class='ocrx_word' id='word_1_248' title='bbox 368 3195 399 3248; x_wconf 89' lang='lat' dir='ltr'>et</span> <span class='ocrx_word' id='word_1_249' title='bbox 422 3188 480 3250; x_wconf 90' lang='lat' dir='ltr'>soli</span> <span class='ocrx_word' id='word_1_250' title='bbox 502 3188 589 3264; x_wconf 68' lang='lat' dir='ltr'>laici:</span> <span class='ocrx_word' id='word_1_251' title='bbox 613 3207 666 3247; x_wconf 92' lang='lat' dir='ltr'>cur</span> <span class='ocrx_word' id='word_1_252' title='bbox 688 3205 761 3267; x_wconf 87' lang='lat' dir='ltr'>ergo</span> <span class='ocrx_word' id='word_1_253' title='bbox 786 3184 939 3244; x_wconf 89' lang='lat' dir='ltr'>contraria</span> <span class='ocrx_word' id='word_1_254' title='bbox 958 3180 1040 3241; x_wconf 89' lang='lat' dir='ltr'>vide-</span> 
     </span>
     <span class='ocr_line' id='line_1_36' title="bbox 122 3263 1041 3347; baseline -0.008 -17"><span class='ocrx_word' id='word_1_255' title='bbox 122 3291 188 3331; x_wconf 90' lang='lat' dir='ltr'>mus</span> <span class='ocrx_word' id='word_1_256' title='bbox 211 3271 294 3347; x_wconf 85' lang='lat' dir='ltr'>lieri,</span> <span class='ocrx_word' id='word_1_257' title='bbox 328 3270 407 3331; x_wconf 87' lang='lat' dir='ltr'>adeo</span> <span class='ocrx_word' id='word_1_258' title='bbox 435 3278 468 3330; x_wconf 90' lang='lat' dir='ltr'>ut</span> <span class='ocrx_word' id='word_1_259' title='bbox 497 3271 626 3330; x_wconf 88' lang='lat' dir='ltr'>clericos</span> <span class='ocrx_word' id='word_1_260' title='bbox 655 3270 777 3330; x_wconf 88' lang='lat' dir='ltr'>tradant</span> <span class='ocrx_word' id='word_1_261' title='bbox 806 3267 936 3328; x_wconf 89' lang='lat' dir='ltr'>seculari</span> <span class='ocrx_word' id='word_1_262' title='bbox 963 3263 1041 3340; x_wconf 86' lang='lat' dir='ltr'>foro,</span> 
     </span>
     <span class='ocr_line' id='line_1_37' title="bbox 121 3346 1040 3416; baseline -0.008 -3"><span class='ocrx_word' id='word_1_263' title='bbox 121 3375 183 3415; x_wconf 89' lang='lat' dir='ltr'>non</span> <span class='ocrx_word' id='word_1_264' title='bbox 206 3356 264 3414; x_wconf 87' lang='lat' dir='ltr'>nisi</span> <span class='ocrx_word' id='word_1_265' title='bbox 287 3362 398 3416; x_wconf 87' lang='lat' dir='ltr'>exutos</span> <span class='ocrx_word' id='word_1_266' title='bbox 421 3354 588 3414; x_wconf 81' lang='lat' dir='ltr'>clericatu?</span> <span class='ocrx_word' id='word_1_267' title='bbox 632 3354 684 3413; x_wconf 85' lang='lat' dir='ltr'>Sin</span> <span class='ocrx_word' id='word_1_268' title='bbox 707 3371 814 3412; x_wconf 89' lang='lat' dir='ltr'>omnes</span> <span class='ocrx_word' id='word_1_269' title='bbox 838 3357 907 3409; x_wconf 88' lang='lat' dir='ltr'>suut</span> <span class='ocrx_word' id='word_1_270' title='bbox 929 3346 1040 3409; x_wconf 89' lang='lat' dir='ltr'>subditi</span> 
     </span>
     <span class='ocr_line' id='line_1_38' title="bbox 120 3435 1041 3513; baseline -0.009 -16"><span class='ocrx_word' id='word_1_271' title='bbox 120 3438 228 3510; x_wconf 88' lang='lat' dir='ltr'>Petro,</span> <span class='ocrx_word' id='word_1_272' title='bbox 260 3438 351 3498; x_wconf 89' lang='lat' dir='ltr'>etad</span> <span class='ocrx_word' id='word_1_273' title='bbox 374 3457 482 3498; x_wconf 88' lang='lat' dir='ltr'>omnes</span> <span class='ocrx_word' id='word_1_274' title='bbox 505 3437 582 3496; x_wconf 86' lang='lat' dir='ltr'>haec</span> <span class='ocrx_word' id='word_1_275' title='bbox 604 3435 825 3513; x_wconf 87' lang='lat' dir='ltr'>scripsit,·qui</span> <span class='ocrx_word' id='word_1_276' title='bbox 861 3440 932 3492; x_wconf 92' lang='lat' dir='ltr'>sunt</span> <span class='ocrx_word' id='word_1_277' title='bbox 966 3449 1041 3491; x_wconf 88' lang='lat' dir='ltr'>oves</span> 
     </span>
     <span class='ocr_line' id='line_1_39' title="bbox 121 3517 1072 3601; baseline -0.009 -20"><span class='ocrx_word' id='word_1_278' title='bbox 121 3521 249 3595; x_wconf 86' lang='lat' dir='ltr'>Christi,</span> <span class='ocrx_word' id='word_1_279' title='bbox 273 3541 347 3601; x_wconf 88' lang='lat' dir='ltr'>ergo</span> <span class='ocrx_word' id='word_1_280' title='bbox 381 3521 431 3582; x_wconf 90' lang='lat' dir='ltr'>vel</span> <span class='ocrx_word' id='word_1_281' title='bbox 464 3520 567 3581; x_wconf 89' lang='lat' dir='ltr'>elerici</span> <span class='ocrx_word' id='word_1_282' title='bbox 596 3519 700 3599; x_wconf 85' lang='lat' dir='ltr'>gladio</span> <span class='ocrx_word' id='word_1_283' title='bbox 724 3517 859 3595; x_wconf 86' lang='lat' dir='ltr'>exempti</span> <span class='ocrx_word' id='word_1_284' title='bbox 886 3535 946 3575; x_wconf 91' lang='lat' dir='ltr'>uon</span> <span class='ocrx_word' id='word_1_285' title='bbox 971 3520 1042 3575; x_wconf 91' lang='lat' dir='ltr'>suut</span> <span class='ocrx_word' id='word_1_286' title='bbox 1070 3557 1072 3567; x_wconf 82' lang='grc'>.</span> 
     </span>
    </p>
   </div>
   <div class='ocr_carea' id='block_1_3' title="bbox 119 3598 1042 3832">
    <p class='ocr_par' dir='ltr' id='par_1_6' title="bbox 119 3598 1042 3832">
     <span class='ocr_line' id='line_1_40' title="bbox 122 3598 1040 3682; baseline -0.009 -18"><span class='ocrx_word' id='word_1_287' title='bbox 122 3623 197 3664; x_wconf 87' lang='lat' dir='ltr'>oves</span> <span class='ocrx_word' id='word_1_288' title='bbox 219 3603 340 3681; x_wconf 84' lang='lat' dir='ltr'>Christi,</span> <span class='ocrx_word' id='word_1_289' title='bbox 365 3605 411 3664; x_wconf 90' lang='lat' dir='ltr'>vel</span> <span class='ocrx_word' id='word_1_290' title='bbox 434 3604 512 3663; x_wconf 86' lang='lat' dir='ltr'>haec</span> <span class='ocrx_word' id='word_1_291' title='bbox 535 3603 714 3682; x_wconf 91' lang='lat' dir='ltr'>depravatio</span> <span class='ocrx_word' id='word_1_292' title='bbox 746 3607 778 3660; x_wconf 89' lang='lat' dir='ltr'>et</span> <span class='ocrx_word' id='word_1_293' title='bbox 798 3598 953 3659; x_wconf 85' lang='lat' dir='ltr'>distinctio</span> <span class='ocrx_word' id='word_1_294' title='bbox 977 3616 1040 3656; x_wconf 88' lang='lat' dir='ltr'>ver·</span> 
     </span>
     <span class='ocr_line' id='line_1_41' title="bbox 119 3681 1042 3766; baseline -0.01 -19"><span class='ocrx_word' id='word_1_295' title='bbox 119 3686 228 3747; x_wconf 91' lang='lat' dir='ltr'>borum</span> <span class='ocrx_word' id='word_1_296' title='bbox 262 3688 341 3746; x_wconf 85' lang='lat' dir='ltr'>Petri</span> <span class='ocrx_word' id='word_1_297' title='bbox 378 3706 502 3766; x_wconf 89' lang='lat' dir='ltr'>prorsus</span> <span class='ocrx_word' id='word_1_298' title='bbox 540 3685 636 3765; x_wconf 91' lang='lat' dir='ltr'>impia</span> <span class='ocrx_word' id='word_1_299' title='bbox 680 3688 712 3744; x_wconf 89' lang='lat' dir='ltr'>et</span> <span class='ocrx_word' id='word_1_300' title='bbox 744 3683 865 3742; x_wconf 85' lang='lat' dir='ltr'>veritati</span> <span class='ocrx_word' id='word_1_301' title='bbox 909 3681 1042 3740; x_wconf 84' lang='lat' dir='ltr'>adversa</span> 
     </span>
     <span class='ocr_line' id='line_1_42' title="bbox 121 3775 176 3832; baseline 0.055 -3"><span class='ocrx_word' id='word_1_302' title='bbox 121 3775 176 3832; x_wconf 87' lang='lat' dir='ltr'>est.</span> 
     </span>
    </p>
   </div>
   <div class='ocr_carea' id='block_1_4' title="bbox 0 0 1187 4208">
    <p class='ocr_par' dir='ltr' id='par_1_7' title="bbox 0 0 1187 4208">
     <span class='ocr_line' id='line_1_43' title="bbox 0 0 1187 4208; baseline 0 0"><span class='ocrx_word' id='word_1_303' title='bbox 0 0 1187 4208; x_wconf 95' lang='lat' dir='ltr'> </span> 
     </span>
    </p>
   </div>
  </div>
 </body>
</html>
