2346 4208
401 249 498 296 contra
516 260 625 297 errores
646 243 679 298 Μ.
699 243 775 297 Luth.
988 239 1049 307 301

127 427 330 509 adverbum,
353 448 417 490 non
439 438 542 489 antem
564 449 620 510 per
640 428 795 489 clausulas
817 427 996 507 generales,
1018 425 1049 486 id

127 511 333 593 importantes
374 510 423 572 'de
475 513 606 592 indulto,
638 510 812 573 huiusmodi
853 510 1053 586 mentionem,

127 594 272 656 eiusdem
310 594 418 665 indulti
462 604 599 674 tenores,
652 615 781 672 causas,
847 600 878 653 et
927 593 1050 670 formas,

127 677 258 760 perinde
290 697 328 738 ac
356 679 382 738 si
411 677 449 739 de
479 681 573 739 verbo
601 679 640 739 ad
674 678 798 738 verbum
836 677 1049 754 insererentur,

125 762 170 822 ita
194 768 227 820 ut
247 761 374 822 omnino
396 761 535 839 tollatur,
577 761 788 842 praesentibus
817 777 872 839 pro
896 761 1049 839 expressis

124 843 286 907 babentes.

171 946 209 1021 a)
233 943 344 1004 Omnia
379 946 546 1024 perrumpit
574 945 634 1004 hoc
660 944 792 1019 fulmen,
828 943 947 1002 etiamsi
977 962 1070 1023 apo·=

169 1026 312 1087 stolicum
336 1037 510 1107 opponatur
531 1027 613 1106 quid.
648 1028 757 1106 Atque,
771 1028 814 1086 ita
831 1025 975 1086 satanam
999 1047 1048 1085 ex-

131 1166 138 1173 .
168 1109 258 1192 pellit
281 1109 422 1188 Satanas,
445 1118 478 1171 ut
502 1129 573 1190 spes
596 1111 654 1187 sit,
675 1109 806 1170 divisum
828 1110 893 1168 eius
915 1110 993 1169 intra
1015 1129 1048 1169 ae

171 1211 299 1273 regnum
322 1211 397 1255 mox
419 1195 576 1255 ruiturum.
619 1192 654 1267 b)
681 1192 893 1254 Adamantinis
914 1191 990 1269 illia,
1018 1203 1050 1252 et

167 1277 293 1336 uroximi
314 1277 413 1337 emtis.

210 1373 335 1457 Nullis)
360 1395 434 1456 ergo
457 1377 584 1438 omnino
602 1376 759 1439 hominum
782 1375 875 1435 liceat
895 1375 975 1449 hanc
996 1394 1048 1456 pa-

124 1460 231 1540 ginam
255 1468 380 1519 nostrae
403 1457 610 1521 damnationis
623 1461 674 1537 b),
696 1456 932 1538 reprobationis,
954 1459 1047 1519 reiec-

121 1543 234 1616 tionis,
257 1541 382 1618 decreti,
405 1541 633 1616 declarationis,
655 1540 856 1617 inhibitionis,
871 1540 1046 1619 voluntatis,
1112 1548 1116 1567 ¹

121 1623 271 1703 mandati,
292 1624 486 1700 hortationis,
499 1623 731 1702 obsecrationis,
752 1624 968 1703 requisitionis,
983 1643 1046 1685 mo·

122 1708 261 1786 nitionis,
283 1708 513 1789 assignationis,
536 1706 765 1769 concesssionis
784 1705 838 1784 ¹),
861 1705 1044 1768 condemna·

122 1791 235 1871 tionis,
257 1791 471 1867 subiectionis,
494 1790 839 1867 excommunicationis,
869 1795 900 1849 et
921 1789 1045 1850 anathe-

122 1874 331 1935 matizationis
353 1873 533 1954 infringere,
567 1874 616 1934 vel
638 1874 667 1933 ei
689 1891 764 1933 ausu
786 1874 951 1932 temerario
973 1890 1045 1932 con-

123 1956 226 2020 traire.
270 1955 392 2035 Siquis
415 1963 516 2016 autem
540 1957 601 2017 hoc
622 1964 774 2017 attentare
796 1958 1045 2035 praesumpserit,

123 2036 370 2120 indignationem
386 2048 416 2113 ο)
452 2041 673 2119 omnipotentis
702 2038 777 2116 Dei,
817 2057 854 2098 ac
887 2038 1045 2099 beatorum

122 2120 207 2193 Petri
230 2127 262 2183 et
284 2121 370 2182 Pauli
392 2121 604 2203 apostolorum
628 2124 710 2200 eius,
742 2141 775 2182 se
807 2122 930 2182 noverit
950 2123 1048 2182 incur·

121 2224 237 2266 surum.

165 2309 200 2381 a)
227 2304 349 2366 Utinam
364 2325 472 2366 omnes
487 2306 592 2386 legant
614 2324 652 2366 ac
672 2304 859 2386 intelligent,
882 2313 923 2382 ut,
947 2303 1045 2384 qualis

165 2388 335 2467 sitarbor,
359 2407 398 2448 ex
420 2388 519 2449 fructu
542 2388 660 2449 arboris
683 2398 878 2468 pernoscant.
925 2387 992 2449 Hoc
1010 2388 1043 2474 ¹in¹

163 2472 269 2552 primis
292 2480 450 2552 optamus,
479 2472 615 2530 Decime.
659 2471 789 2531 'lantum
813 2473 915 2549 abest,
945 2478 979 2531 ut
999 2476 1044 2530 ress

163 2555 270 2635 ingere
288 2555 348 2615 hoo
370 2562 455 2615 tuum
472 2552 637 2614 edictulum
658 2553 810 2620 volumus.
845 2555 890 2617 Sit
910 2553 971 2614 hoc
992 2554 1044 2633 igi·

164 2648 213 2700 tur
235 2643 396 2700 anteactae
413 2639 494 2699 vitae
508 2637 716 2698 testimonium
739 2637 803 2717 tibi,
824 2639 874 2699 hic
896 2647 925 2698 te
945 2637 1046 2698 foetus

184 2723 283 2786 sobet.

162 2745 204 2889 b)
228 2806 390 2868 Sexcentis
419 2806 593 2868 nominibus
620 2805 758 2867 inscribit
786 2805 847 2866 tale
869 2824 956 2865 suum
980 2813 1043 2866 tan·

165 2898 228 2950 tum
251 2889 408 2950 decretum
432 2891 584 2951 Decimus.

164 2970 201 3054 c)
226 2970 323 3047 Quam
344 2974 375 3033 in
398 2980 450 3033 tua
464 2973 672 3033 manuhabes.
709 2971 787 3032 Nam
812 2970 883 3051 quid
907 2971 1042 3032 omnium

164 3064 222 3134 est,
247 3055 329 3135 quod
352 3074 414 3116 non
427 3058 577 3137 arrogetis
599 3056 698 3133 vobis,
720 3053 906 3116 Pontifices?
927 3052 1044 3130 Quibus

165 3158 223 3199 nos
246 3140 378 3199 vicissim
402 3158 470 3199 cum
493 3139 682 3200 Tertulliano
705 3137 942 3218 respondemus:
966 3136 1044 3197 Cum

163 3221 344 3282 damnamur
360 3221 391 3295 ²)
417 3242 436 3281 a
459 3221 561 3298 vobis,
590 3222 696 3282 aDeo
726 3220 931 3283 absolvemur.
975 3219 1042 3281 Hoc

163 3323 222 3365 nos
244 3304 374 3367 dirimat.

184 3405 294 3467 Datum
317 3406 436 3469 Romae
458 3405 539 3487 apud
561 3413 700 3468 sanctum
718 3405 855 3481 Petrum,
885 3404 977 3465 Anno
1000 3405 1042 3465 in-

192 3693 224 3753 1)
247 3690 277 3742 ln
308 3691 349 3744 ed.
372 3690 450 3744 den:
479 3693 669 3746 confessionis.
731 3694 763 3755 2)
785 3692 816 3744 In
846 3692 888 3746 ed.
916 3693 1038 3746 llllncb:

119 3761 351 3818 condemnamur.
