2346 4208
438 238 693 328 5551555·
956 246 1019 333 uua

137 435 216 497 fine:
238 436 394 498 Excusum
417 435 660 518 Wittenbergae,
683 437 764 517 typis
785 436 914 499 Ioannis
939 433 1017 500 Lutt.

137 520 231 581 Anno
253 520 292 584 Μ.
313 520 351 582 D.
373 519 539 582 XXXVIII.
562 519 589 580 V
612 519 681 580 idus
704 519 902 600 Septembris.
932 519 1018 582 Haec

143 602 238 667 editio
260 604 415 666 conticet:
438 603 670 668 Praelhtionem
688 601 830 665 temeri:
852 602 1019 683 Disputati-

137 705 214 746 ones
246 705 301 746 seu
324 686 558 767 Propositiones
585 705 669 746 meas
700 692 758 748 etc.
794 685 1018 747 Praefationem

137 768 397 847 Melouchthonis,
419 768 651 849 Disputationes
664 769 790 829 Lutheri
810 775 841 829 51
858 774 1019 849 praeterea

126 850 311 912 *Positlones
323 851 403 912 lusti
415 851 526 927 donee,
547 851 669 912 Nicolai
690 850 867 930 AmsdortiI,
888 852 1019 912 Ioannis

136 934 270 1014 Aepini,
293 935 415 1010 Henrici
437 934 684 1014 Zutphaniensis.
729 932 780 1018 (In
803 934 862 995 hae
883 934 1020 996 editione

134 1017 260 1078 Lutheri
280 1019 463 1098 gravissima
484 1017 538 1078 illa
560 1016 878 1097 dePrcpositionibus
901 1018 963 1078 suis
989 1025 1022 1078 et

134 1099 178 1160 de
198 1105 265 1160 tota
287 1119 343 1160 sna
365 1099 518 1160 sentiendi
540 1099 713 1180 agendique
735 1101 854 1161 ratione
868 1101 1019 1181 praelatio

134 1183 267 1263 primum
291 1181 444 1263 prodiisse
465 1182 614 1257 videtur).
800 1208 803 1214 ·

137 1265 302 1344 (Biblioth.
325 1265 503 1329 Schwebae.
527 1263 715 1326 Riedererl.
739 1264 758 1327 l.
780 1264 822 1324 IV
844 1283 874 1344 p.
897 1266 989 1339 293).

164 1348 398 1427 Propositicnes
408 1348 605 1429 theologicae
617 1346 867 1408 Reuerendorum
879 1347 1020 1407 Virorum

135 1431 178 1493 D.
200 1431 287 1495 liert.
309 1431 396 1492 luth.
418 1431 459 1492 st
480 1432 516 1492 D.
540 1431 672 1510 Philippi
686 1428 831 1492 Melanth.
856 1430 1030 1490 Contineo-v

134 1521 185 1574 tes
214 1533 367 1575 summam
403 1513 561 1574 doctrinae
584 1513 790 1589 Christianae,
823 1513 958 1592 scriptae
991 1521 1023 1572 ct
1093 1573 1105 1578 ,

134 1596 312 1677 disputatus
328 1596 536 1677 Witsbergae,
557 1595 631 1656 inde
651 1613 748 1674 usque
769 1594 809 1655 55
821 1613 903 1654 enno
929 1598 1019 1660 1518.

134 1681 262 1758 Deque
286 1686 426 1760 tempore
447 1680 631 1740 nctieinatus
654 1687 703 1738 est
721 1677 883 1755 Iohannes
903 1675 1020 1753 Hilten‚

134 1763 255 1823 initium
286 1762 352 1823 fore
387 1762 614 1823 reformationis
635 1760 799 1822 EcclesIaa
819 1778 904 1820 anno
929 1763 1022 1824 1516.

137 1845 215 1906 (lum
238 1846 430 1925 praefatione
452 1846 487 1908 D.
511 1844 620 1925 Philip.
641 1843 787 1905 Melanth.
812 1841 1022 1924 Witebergae.

139 1930 231 1993 1558.
254 1929 283 1991 8.
306 1928 352 1989 ed.
375 1928 510 1991 lacobus
536 1926 717 2008 Eysenberg
738 1926 903 1990 Halleusis.

523 2008 688 2085 (Riederer
709 2009 729 2070 l.
752 2008 771 2072 l.
795 1994 841 2068 IV
858 2029 888 2088 p.
910 2011 979 2084 55.)

167 2094 399 2175 Propositiones
418 2091 616 2175 theologicae
631 2092 707 2155 Reu.
721 2088 784 2153 Vir.
796 2092 882 2152 Mart.
894 2091 982 2150 Luth.
995 2097 1026 2150 et

140 2176 217 2238 Phil.
240 2176 495 2255 Melanchthonis,
518 2178 713 2239 continentes
734 2195 888 2237 summam
906 2173 1024 2237 Doctri-

141 2279 215 2338 uae,
245 2261 379 2339 scriptae
406 2266 437 2319 et
459 2260 632 2340 disputatae
652 2257 852 2338 Witebergae
882 2256 954 2317 Inde
975 2276 1025 2321 us·

121 2361 201 2422 -que
232 2341 271 2403 ab
303 2361 385 2402 anno
410 2345 489 2406 1516
512 2377 551 2388 -
576 2361 644 2409 cum
678 2342 772 2421 praef.
802 2341 839 2402 D.
863 2339 939 2402 Phil.
962 2339 1024 2399 Ille·

142 2424 348 2487 lanehthonis.
372 2424 572 2504 Witebergae
585 2422 678 2506 (cura
690 2423 800 2486 Iacchi
819 2421 1024 2502 Eysenhergii
1040 2465 1041 2468 ,

142 2506 315 2584 Hellensis)
342 2509 431 2571 1561.
454 2508 482 2570 8.
519 2506 781 2586 (Melanchthonis
803 2505 1027 2585 disputatIcnes

143 2591 266 2650 suntin
289 2609 327 2650 ea
340 2589 477 2662 editione
500 2589 699 2649 continuatae
711 2607 808 2666 usque
830 2587 870 2649 ad
892 2607 920 2649 a.
934 2585 1024 2651 1559.

120 2751 122 2755 ¹
143 2671 340 2736 5151515555
362 2674 384 2735 l.
404 2673 423 2734 l.
441 2673 487 2735 ‘IV
511 2692 541 2752 p.
556 2674 606 2735 55.
629 2671 762 2733 Fabricii
775 2670 884 2733 655111
898 2668 1021 2732 Luther.

171 2775 327 2918 IIeguntur
349 2837 408 2898 hae
429 2837 664 2918 Propositiones
677 2835 799 2895 Lutheri
820 2831 915 2895 latine
937 2833 1029 2895 etiem

111 2973 113 2976 .
144 2923 176 2982 in
199 2922 321 2984 collect.
344 2920 424 3002 Opp.
434 2921 521 2984 Loth.
546 2919 757 2998 Wittemberg.
781 2917 790 2976 l
812 2937 842 2997 p.
865 2919 935 2982 371.
979 2915 1029 2977 Je-

146 3004 248 3078 55551,
280 3024 311 3084 p.
334 3007 411 3080 521,
435 3004 659 3084 germanice
688 3003 720 3062 in
741 2999 876 3061 Walchii
898 2996 1030 3076 Collectt

146 3088 225 3166 Opp.
239 3086 325 3146 Luth.
348 3086 476 3146 dlversis
500 3087 592 3147 locis:
615 3080 1030 3163 inreliquisoollectionibus

148 3188 211 3229 non
235 3188 343 3229 omnes
365 3169 460 3229 lctine
482 3168 651 3229 redduntur
672 3168 731 3228 hae
755 3166 992 3246 propositiones.

188 3251 254 3312 Nos
293 3258 409 3312 textum
443 3252 550 3312 herum
585 3250 834 3330 Propositionum
869 3249 933 3307 sive
966 3247 1031 3306 Disu

146 3335 339 3416 putationum
384 3333 592 3395 recudendum
642 3333 815 3394 curavimus
864 3328 1031 3390 secundum

149 3416 301 3478 editiones
323 3437 351 3477 a.
378 3421 466 3483 1536.
493 3419 571 3482 1588
593 3417 746 3494 1511558,
768 3413 798 3474 id
822 3412 907 3494 quod
929 3413 1032 3493 singu-

150 3500 187 3561 lis
210 3500 428 3579 adscripsimus
450 3502 480 3561 in
498 3501 594 3563 notis:
619 3499 758 3560 ordinem
780 3517 884 3558 earum
909 3496 960 3573 qui
984 3501 1032 3555 est

150 3584 182 3643 in
211 3582 346 3643 editione
367 3584 493 3644 denensi
523 3584 714 3653 servarimus
741 3600 842 3662 paene
870 3580 1034 3659 integrum.

152 3666 382 3746 Disputationes
404 3667 537 3740 Lutheri,
560 3685 636 3746 quas
658 3665 710 3726 ille
731 3671 804 3726 ante
826 3684 853 3726 a.
878 3665 958 3727 1519
980 3661 1030 3720 55-

153 3748 228 3828 buit,
250 3750 311 3810 iam
331 3751 363 3810 in
385 3749 591 3811 voluminIhus
613 3747 820 3848 superioribus
838 3744 1034 3808 reddidimus.
