2346 4208
275 283 328 336 pra
346 268 548 323 Labodantibus
568 278 595 323 at
613 269 751 325 Oneraticr
924 266 986 336 117

60 453 190 532 parvulo
214 454 322 533 David,
345 454 453 535 idest,
476 455 613 535 Christo,
636 459 687 536 qul
716 458 800 519 solus
818 477 888 519 euru
917 469 987 540 pto-

59 537 170 596 stravit
192 545 222 597 et
245 537 383 599 abscisso
407 540 508 619 capite
531 542 655 621 proprio
679 542 761 601 illius
783 541 902 620 gladio,
924 544 989 602 iau)

58 619 318 788 Itnellitzmmfflnssn
350 641 419 682 esse
453 623 588 703 gladium
621 624 694 684 dicit
727 643 817 704 quam
848 624 989 747 (loliatltr,1

82 750 90 764 ·
145 723 190 847 S?
204 807 277 868 ergo
306 750 391 847 'haec
417 787 530 868 gaudia
551 789 671 849 virtutis
694 789 805 849 Christi
836 755 877 849 et
901 789 984 850 dona

59 870 126 928 eius
148 871 269 952 gratiae
291 869 489 949 meditemur,
519 871 591 950 quid
614 892 671 931 nos
694 871 848 950 torquebit
871 873 983 933 malum

58 952 235 1033 parvulum,
266 953 390 1033 quando
413 955 442 1013 in
473 961 535 1014 tam
556 974 669 1036 magno
694 955 777 1015 malo
797 955 897 1016 futuro
922 965 988 1016 tam·

61 1055 176 1115 magna
199 1036 281 1097 bona
303 1036 465 1097 videmus?
870 1070 873 1076 ·

58 1270 256 1350 Caputlll.
280 1271 468 1332 detentio
491 1278 674 1351 spectro,
706 1273 807 1351 quod
836 1279 895 1333 est
916 1248 984 1333 bo.-

198 1374 283 1414 num
307 1355 569 1434 praeteritum
593 1374 660 1415 seu
682 1362 772 1415 ante
795 1373 844 1416 se.

142 1486 236 1547 Huius
259 1487 331 1549 boni
359 1488 457 1548 facilis
487 1496 534 1548 est
560 1488 766 1548 consideratio
790 1509 829 1549 ex
858 1492 981 1568 spectro

56 1588 114 1630 suo
138 1572 313 1647 contrario,
336 1571 375 1631 de
397 1573 560 1651 praeterito
584 1571 685 1643 ma10,
720 1578 822 1631 tamen
844 1571 983 1633 iuvemus

56 1652 315 1715 considerantem.
365 1655 398 1714 ln
430 1655 488 1713 hac
516 1674 549 1714 re
582 1655 711 1713 eximius
741 1662 788 1713 est
817 1652 927 1713 artifex
949 1655 982 1715 B.

56 1736 247 1817 Augustinus
270 1739 300 1797 in
323 1740 385 1796 suis
408 1736 676 1812 Confessionibus,
706 1736 756 1795 ubi
779 1736 983 1816 pulcherrime

55 1821 167 1879 recitat
188 1820 244 1880 Dei
267 1819 416 1881 beneficia
454 1821 485 1879 in
515 1840 549 1881 se
579 1820 616 1879 ab
650 1825 736 1879 utero
770 1821 874 1880 matris
896 1839 981 1882 suae.

57 1902 140 1963 ldem
167 1903 241 1962 facit
273 1905 401 1984 insignis
425 1903 503 1963 Psal.
530 1902 649 1982 138²):
679 1903 822 1980 Domine,
844 1903 981 1982 probasti

53 2005 115 2045 me.
159 1984 217 2046 Ubi
250 1988 329 2047 inter
364 1995 466 2046 cetera
501 1986 725 2066 providentiam
749 1986 805 2046 Dei
835 2004 927 2065 super
948 2006 990 2055 se,

55 2070 198 2147 miratus,
226 2068 318 2129 dicit:
353 2068 531 2130 Intellexisti
565 2070 770 2150 cogitationes
816 2088 899 2129 meas
943 2068 983 2131 de

54 2152 159 2232 longe,
183 2153 323 2213 semitam
347 2171 446 2212 meam
473 2159 505 2212 et
531 2152 698 2212 funiculum
728 2172 827 2211 meum
859 2148 982 2212 investi·

55 2235 147 2315 gasti,
165 2237 251 2313 quasi
273 2235 402 2295 diceret:
427 2234 578 2315 Quicquid
601 2255 660 2316 ego
687 2255 817 2313 unquam
836 2236 980 2315 cogitavi,

56 2317 201 2397 quicquid
225 2323 368 2398 operatus
390 2318 441 2392 fui,
465 2326 496 2378 et
518 2326 663 2397 quantum
687 2337 786 2378 essem
801 2325 990 2401 consecuta,

55 2420 108 2460 rus
131 2420 167 2460 ac
188 2419 401 2480 possessums,
430 2403 491 2460 iam
519 2401 610 2461 video
642 2421 732 2480 quarn
762 2421 823 2461 nou
848 2421 916 2462 mea
937 2404 979 2462 in·

56 2484 175 2544 dustria
195 2492 284 2564 gesta
305 2487 375 2571 sint,
397 2482 450 2544 sed
465 2491 517 2544 tua
529 2504 601 2544 cura
624 2485 716 2564 longe
741 2491 812 2545 ante
834 2484 912 2544 haec
934 2504 980 2545 or·-

56 2567 172 2627 dinata.
215 2562 485 2647 Denique't'rmnes
514 2570 581 2627 vias
611 2587 694 2626 meas
722 2568 919 2646 praevidisti,
950 2563 981 2628 e't

56 2669 120 2710 non
145 2657 193 2709 est
214 2670 315 2711 sermo
338 2651 368 2710 in
392 2652 497 2732 lingua
521 2671 595 2709 mea.
640 2650 699 2709 Ubi
723 2650 815 2708 tunc?
839 2652 868 2708 irr
895 2657 980 2730 pote·

56 2740 138 2794 state
159 2738 221 2794 tua.

139 2815 224 2876 Haec
259 2816 402 2876 discimus
420 2818 627 2896 experientia
666 2816 805 2896 propria,
840 2817 865 2874 si
898 2818 979 2876 enim

57 2902 150 2960 vitam
175 2901 370 2978 praeteritam
395 2902 575 2973 recolimus,
598 2919 702 2960 nonne
725 2906 831 2978 stupor
853 2907 900 2957 est
920 2919 978 2959 nos

56 2983 131 3043 talia
153 2984 318 3062 cogitasse,
342 2984 486 3058 voluisse,
508 2984 628 3058 secisse,
652 2983 777 3058 dixisse,
797 2981 899 3060 qualia
922 3001 979 3059 nos

56 3084 115 3126 nec
137 3065 318 3145 praevidere
340 3068 509 3145 potuimus,
543 3087 633 3146 quam
668 3067 762 3145 longe
784 3065 845 3123 alia
867 3064 975 3144 gessis-

55 3169 169 3225 semus,
193 3151 218 3208 si
240 3159 345 3208 nostro
370 3149 466 3210 libero
490 3150 613 3209 arbitrio
630 3148 727 3208 relicti
745 3149 915 3209 fuissemus.
946 3146 978 3207 ld

55 3231 139 3311 quod
168 3251 250 3291 nuno
278 3233 407 3311 primum
441 3233 655 3312 intelligimus,
689 3239 749 3291 tem
783 3237 977 3309 praesentem

55 3315 175 3376 scilicet
197 3334 301 3374 curam
323 3315 396 3392 Dei,
428 3324 490 3375 tam
518 3323 710 3376 constantem
740 3313 978 3374 sollicitudinem

55 3401 122 3459 eiu's
145 3416 315 3478 supernos
338 3399 431 3458 luisse
454 3401 622 3474 cernimus,
652 3407 685 3458 ut
707 3416 765 3456 nec
788 3397 888 3475 loqui,
921 3415 979 3457 rree

55 3482 145 3557 velle,
169 3501 228 3541 nec
248 3483 385 3560 cogitare
408 3484 607 3562 potuerimus,
625 3482 682 3540 nisi
705 3479 786 3559 quod
809 3481 860 3540 ille
879 3479 978 3539 dedis-

54 3574 112 3644 set,
137 3567 216 3625 sicut
238 3563 361 3648 Sapien.
385 3568 413 3628 7.
436 3564 524 3624 dicit:
557 3565 590 3625 ln
621 3585 711 3624 manu
741 3565 822 3623 enirn
845 3563 925 3622 illius
949 3571 979 3622 et

56 3721 268 3732 ..-----—

129 3807 159 3875 t)
181 3807 211 3858 ln
227 3805 271 3862 ed.
284 3805 358 3860 lem:
380 3757 489 3861 lSum.¹
500 3806 544 3862 21.
580 3805 611 3870 2)
634 3803 719 3858 ibid:
740 3803 799 3860 139.
