<?xml version="1.0" encoding="UTF-8"?>
<!DOCTYPE html PUBLIC "-//W3C//DTD XHTML 1.0 Transitional//EN"
    "http://www.w3.org/TR/xhtml1/DTD/xhtml1-transitional.dtd">
<html xmlns="http://www.w3.org/1999/xhtml" xml:lang="en" lang="en">
 <head>
  <title>
</title>
<meta http-equiv="Content-Type" content="text/html;charset=utf-8" />
  <meta name='ocr-system' content='tesseract 3.04.00' />
  <meta name='ocr-capabilities' content='ocr_page ocr_carea ocr_par ocr_line ocrx_word'/>
</head>
<body>
  <div class='ocr_page' id='page_1' title='image "./dmartinilutheri04luthgoog_0299.png"; bbox 0 0 2346 4208; ppageno 0'>
   <div class='ocr_carea' id='block_1_1' title="bbox 119 226 991 323">
    <p class='ocr_par' dir='ltr' id='par_1_1' title="bbox 119 226 991 323">
     <span class='ocr_line' id='line_1_1' title="bbox 119 226 991 323; baseline 0.008 -19"><span class='ocrx_word' id='word_1_1' title='bbox 119 252 185 319; x_wconf 81' lang='grc'><strong>288</strong></span> <span class='ocrx_word' id='word_1_2' title='bbox 383 253 476 308; x_wconf 84' lang='lat' dir='ltr'><strong>Resol.</strong></span> <span class='ocrx_word' id='word_1_3' title='bbox 495 254 524 307; x_wconf 87' lang='lat' dir='ltr'><strong>L.</strong></span> <span class='ocrx_word' id='word_1_4' title='bbox 542 268 628 323; x_wconf 83' lang='lat' dir='ltr'><strong>super</strong></span> <span class='ocrx_word' id='word_1_5' title='bbox 644 252 835 323; x_wconf 85' lang='lat' dir='ltr'><strong>Propositioo.</strong></span> <span class='ocrx_word' id='word_1_6' title='bbox 963 308 966 315; x_wconf 92' lang='grc'>,</span> <span class='ocrx_word' id='word_1_7' title='bbox 984 226 991 239; x_wconf 26' lang='grc' dir='ltr'>ι</span> 
     </span>
    </p>
   </div>
   <div class='ocr_carea' id='block_1_2' title="bbox 123 437 1070 3511">
    <p class='ocr_par' dir='ltr' id='par_1_2' title="bbox 124 437 1070 937">
     <span class='ocr_line' id='line_1_2' title="bbox 206 437 1020 515; baseline -0.001 -13"><span class='ocrx_word' id='word_1_8' title='bbox 206 441 249 502; x_wconf 80' lang='lat' dir='ltr'><strong>At</strong></span> <span class='ocrx_word' id='word_1_9' title='bbox 274 442 384 503; x_wconf 88' lang='lat' dir='ltr'><strong>iterum</strong></span> <span class='ocrx_word' id='word_1_10' title='bbox 407 440 506 502; x_wconf 87' lang='lat' dir='ltr'><strong>simile</strong></span> <span class='ocrx_word' id='word_1_11' title='bbox 529 448 607 508; x_wconf 88' lang='lat' dir='ltr'><strong>esto.</strong></span> <span class='ocrx_word' id='word_1_12' title='bbox 629 442 741 505; x_wconf 85' lang='lat' dir='ltr'><strong>Johsn.</strong></span> <span class='ocrx_word' id='word_1_13' title='bbox 771 441 864 503; x_wconf 83' lang='lat' dir='ltr'><strong>dicit:</strong></span> <span class='ocrx_word' id='word_1_14' title='bbox 894 437 952 515; x_wconf 74' lang='lat' dir='ltr'><strong>Qui</strong></span> <span class='ocrx_word' id='word_1_15' title='bbox 970 454 1020 501; x_wconf 85' lang='lat' dir='ltr'><strong>oon</strong></span> 
     </span>
     <span class='ocr_line' id='line_1_3' title="bbox 124 518 1070 606; baseline 0 -21"><span class='ocrx_word' id='word_1_16' title='bbox 124 524 226 606; x_wconf 86' lang='lat' dir='ltr'><strong>diligit</strong></span> <span class='ocrx_word' id='word_1_17' title='bbox 246 526 381 601; x_wconf 80' lang='lat' dir='ltr'><strong>fratrem,</strong></span> <span class='ocrx_word' id='word_1_18' title='bbox 404 518 494 603; x_wconf 84' lang='lat' dir='ltr'><strong>qu&#39;em</strong></span> <span class='ocrx_word' id='word_1_19' title='bbox 517 523 618 604; x_wconf 82' lang='lat' dir='ltr'><strong>videt,</strong></span> <span class='ocrx_word' id='word_1_20' title='bbox 640 526 741 587; x_wconf 88' lang='lat' dir='ltr'><strong>Deum</strong></span> <span class='ocrx_word' id='word_1_21' title='bbox 762 522 921 605; x_wconf 86' lang='lat' dir='ltr'><strong>quomodo</strong></span> <span class='ocrx_word' id='word_1_22' title='bbox 940 526 1023 605; x_wconf 76' lang='lat' dir='ltr'><strong>pollsl</strong></span> <span class='ocrx_word' id='word_1_23' title='bbox 1060 552 1070 604; x_wconf 75' lang='lat' dir='ltr'><strong>i</strong></span> 
     </span>
     <span class='ocr_line' id='line_1_4' title="bbox 126 604 1023 689; baseline -0.002 -20"><span class='ocrx_word' id='word_1_24' title='bbox 126 607 263 689; x_wconf 84' lang='lat' dir='ltr'><strong>diligere,</strong></span> <span class='ocrx_word' id='word_1_25' title='bbox 286 627 375 688; x_wconf 87' lang='lat' dir='ltr'><strong>quem</strong></span> <span class='ocrx_word' id='word_1_26' title='bbox 391 626 454 666; x_wconf 92' lang='lat' dir='ltr'><strong>non</strong></span> <span class='ocrx_word' id='word_1_27' title='bbox 466 607 573 667; x_wconf 82' lang='lat' dir='ltr'><strong>videt?</strong></span> <span class='ocrx_word' id='word_1_28' title='bbox 596 608 672 669; x_wconf 83' lang='lat' dir='ltr'><strong>Cum</strong></span> <span class='ocrx_word' id='word_1_29' title='bbox 684 610 724 671; x_wconf 88' lang='lat' dir='ltr'><strong>sit</strong></span> <span class='ocrx_word' id='word_1_30' title='bbox 734 607 911 689; x_wconf 74' lang='lat' dir='ltr'><strong>imposibile</strong></span> <span class='ocrx_word' id='word_1_31' title='bbox 921 604 1023 667; x_wconf 60' lang='grc' dir='ltr'><strong>ΜΩ</strong></span> 
     </span>
     <span class='ocr_line' id='line_1_5' title="bbox 127 690 1023 772; baseline 0 -21"><span class='ocrx_word' id='word_1_32' title='bbox 127 691 230 772; x_wconf 85' lang='lat' dir='ltr'><strong>diligi,</strong></span> <span class='ocrx_word' id='word_1_33' title='bbox 251 692 309 751; x_wconf 90' lang='lat' dir='ltr'><strong>nisi</strong></span> <span class='ocrx_word' id='word_1_34' title='bbox 330 692 361 750; x_wconf 93' lang='lat' dir='ltr'><strong>in</strong></span> <span class='ocrx_word' id='word_1_35' title='bbox 384 690 454 751; x_wconf 91' lang='lat' dir='ltr'><strong>Deo</strong></span> <span class='ocrx_word' id='word_1_36' title='bbox 477 692 560 769; x_wconf 90' lang='lat' dir='ltr'><strong>prius</strong></span> <span class='ocrx_word' id='word_1_37' title='bbox 582 690 705 754; x_wconf 87' lang='lat' dir='ltr'><strong>dilecto.</strong></span> <span class='ocrx_word' id='word_1_38' title='bbox 747 690 806 752; x_wconf 78' lang='lat' dir='ltr'><strong>Est</strong></span> <span class='ocrx_word' id='word_1_39' title='bbox 826 708 903 771; x_wconf 79' lang='lat' dir='ltr'><strong>argo</strong></span> <span class='ocrx_word' id='word_1_40' title='bbox 918 702 1023 751; x_wconf 69' lang='lat' dir='ltr'><strong>seon:</strong></span> 
     </span>
     <span class='ocr_line' id='line_1_6' title="bbox 128 768 1024 854; baseline -0.001 -20"><span class='ocrx_word' id='word_1_41' title='bbox 128 774 200 835; x_wconf 83' lang='lat' dir='ltr'><strong>Non</strong></span> <span class='ocrx_word' id='word_1_42' title='bbox 221 774 370 854; x_wconf 88' lang='lat' dir='ltr'><strong>probatur</strong></span> <span class='ocrx_word' id='word_1_43' title='bbox 391 772 518 853; x_wconf 86' lang='lat' dir='ltr'><strong>diligere</strong></span> <span class='ocrx_word' id='word_1_44' title='bbox 537 774 653 851; x_wconf 79' lang='lat' dir='ltr'><strong>Deum,</strong></span> <span class='ocrx_word' id='word_1_45' title='bbox 675 793 767 854; x_wconf 85' lang='lat' dir='ltr'><strong>quom</strong></span> <span class='ocrx_word' id='word_1_46' title='bbox 787 793 852 835; x_wconf 90' lang='lat' dir='ltr'><strong>non</strong></span> <span class='ocrx_word' id='word_1_47' title='bbox 874 771 970 849; x_wconf 73' lang='lat' dir='ltr'><strong>ridet,</strong></span> <span class='ocrx_word' id='word_1_48' title='bbox 984 768 1024 851; x_wconf 75' lang='lat' dir='ltr'><strong>qui</strong></span> 
     </span>
     <span class='ocr_line' id='line_1_7' title="bbox 126 854 996 937; baseline 0 -20"><span class='ocrx_word' id='word_1_49' title='bbox 126 877 189 918; x_wconf 93' lang='lat' dir='ltr'><strong>non</strong></span> <span class='ocrx_word' id='word_1_50' title='bbox 213 856 348 919; x_wconf 90' lang='lat' dir='ltr'><strong>ostendit</strong></span> <span class='ocrx_word' id='word_1_51' title='bbox 370 875 403 916; x_wconf 90' lang='lat' dir='ltr'><strong>se</strong></span> <span class='ocrx_word' id='word_1_52' title='bbox 426 856 553 937; x_wconf 81' lang='lat' dir='ltr'><strong>diligere</strong></span> <span class='ocrx_word' id='word_1_53' title='bbox 572 856 714 937; x_wconf 82' lang='lat' dir='ltr'><strong>fratrem,</strong></span> <span class='ocrx_word' id='word_1_54' title='bbox 736 876 828 937; x_wconf 84' lang='lat' dir='ltr'><strong>quem</strong></span> <span class='ocrx_word' id='word_1_55' title='bbox 849 854 944 918; x_wconf 77' lang='lat' dir='ltr'><strong>videt</strong></span> <span class='ocrx_word' id='word_1_56' title='bbox 992 892 996 901; x_wconf 94' lang='lat'>·</span> 
     </span>
    </p>

    <p class='ocr_par' dir='ltr' id='par_1_3' title="bbox 123 936 1026 1252">
     <span class='ocr_line' id='line_1_8' title="bbox 209 936 1026 1021; baseline 0.002 -22"><span class='ocrx_word' id='word_1_57' title='bbox 209 939 304 1000; x_wconf 83' lang='lat' dir='ltr'><strong>Vides</strong></span> <span class='ocrx_word' id='word_1_58' title='bbox 318 957 403 1020; x_wconf 83' lang='lat' dir='ltr'><strong>ergo,</strong></span> <span class='ocrx_word' id='word_1_59' title='bbox 425 957 516 1017; x_wconf 85' lang='lat' dir='ltr'><strong>quam</strong></span> <span class='ocrx_word' id='word_1_60' title='bbox 538 940 633 1021; x_wconf 82' lang='lat' dir='ltr'><strong>longe</strong></span> <span class='ocrx_word' id='word_1_61' title='bbox 656 941 786 1001; x_wconf 81' lang='lat' dir='ltr'><strong>abierint</strong></span> <span class='ocrx_word' id='word_1_62' title='bbox 805 939 847 1002; x_wconf 85' lang='lat' dir='ltr'><strong>ab</strong></span> <span class='ocrx_word' id='word_1_63' title='bbox 863 936 1026 1021; x_wconf 63' lang='lat' dir='ltr'><strong>anguntur</strong></span> 
     </span>
     <span class='ocr_line' id='line_1_9' title="bbox 128 1022 1026 1103; baseline 0 -20"><span class='ocrx_word' id='word_1_64' title='bbox 128 1025 180 1102; x_wconf 90' lang='lat' dir='ltr'><strong>qui</strong></span> <span class='ocrx_word' id='word_1_65' title='bbox 203 1023 285 1084; x_wconf 89' lang='lat' dir='ltr'><strong>hunc</strong></span> <span class='ocrx_word' id='word_1_66' title='bbox 295 1029 415 1102; x_wconf 89' lang='lat' dir='ltr'><strong>tropum</strong></span> <span class='ocrx_word' id='word_1_67' title='bbox 435 1041 497 1082; x_wconf 90' lang='lat' dir='ltr'><strong>non</strong></span> <span class='ocrx_word' id='word_1_68' title='bbox 512 1023 764 1101; x_wconf 84' lang='lat' dir='ltr'><strong>observaverunt,</strong></span> <span class='ocrx_word' id='word_1_69' title='bbox 786 1029 819 1086; x_wconf 90' lang='lat' dir='ltr'><strong>et</strong></span> <span class='ocrx_word' id='word_1_70' title='bbox 840 1041 933 1103; x_wconf 87' lang='lat' dir='ltr'><strong>quam</strong></span> <span class='ocrx_word' id='word_1_71' title='bbox 941 1022 1026 1101; x_wconf 74' lang='lat' dir='ltr'><strong>intph</strong></span> 
     </span>
     <span class='ocr_line' id='line_1_10' title="bbox 123 1104 1026 1181; baseline 0 -14"><span class='ocrx_word' id='word_1_72' title='bbox 123 1105 163 1167; x_wconf 86' lang='lat' dir='ltr'><strong>sd</strong></span> <span class='ocrx_word' id='word_1_73' title='bbox 192 1106 366 1167; x_wconf 88' lang='lat' dir='ltr'><strong>Romanum</strong></span> <span class='ocrx_word' id='word_1_74' title='bbox 396 1104 576 1167; x_wconf 85' lang='lat' dir='ltr'><strong>Pontificem</strong></span> <span class='ocrx_word' id='word_1_75' title='bbox 612 1114 644 1167; x_wconf 88' lang='lat' dir='ltr'><strong>et</strong></span> <span class='ocrx_word' id='word_1_76' title='bbox 675 1106 842 1181; x_wconf 78' lang='lat' dir='ltr'><strong>ecclesiam</strong></span> <span class='ocrx_word' id='word_1_77' title='bbox 874 1104 1026 1167; x_wconf 73' lang='lat' dir='ltr'><strong>Roma-</strong></span> 
     </span>
     <span class='ocr_line' id='line_1_11' title="bbox 124 1188 1012 1252; baseline 0.002 -3"><span class='ocrx_word' id='word_1_78' title='bbox 124 1190 184 1250; x_wconf 84' lang='lat' dir='ltr'><strong>ista</strong></span> <span class='ocrx_word' id='word_1_79' title='bbox 205 1188 321 1250; x_wconf 85' lang='lat' dir='ltr'><strong>directa</strong></span> <span class='ocrx_word' id='word_1_80' title='bbox 341 1189 435 1252; x_wconf 75' lang='lat' dir='ltr'><strong>sint·</strong></span> <span class='ocrx_word' id='word_1_81' title='bbox 466 1198 469 1204; x_wconf 90' lang='lat'>&#39;</span> <span class='ocrx_word' id='word_1_82' title='bbox 796 1240 799 1249; x_wconf 95' lang='lat'><em>.</em></span> <span class='ocrx_word' id='word_1_83' title='bbox 1009 1224 1012 1229; x_wconf 95' lang='lat'>·</span> 
     </span>
    </p>

    <p class='ocr_par' dir='ltr' id='par_1_4' title="bbox 123 1268 1029 2264">
     <span class='ocr_line' id='line_1_12' title="bbox 208 1268 1026 1353; baseline 0.001 -21"><span class='ocrx_word' id='word_1_84' title='bbox 208 1273 291 1332; x_wconf 82' lang='lat' dir='ltr'><strong>Dicis</strong></span> <span class='ocrx_word' id='word_1_85' title='bbox 303 1274 426 1331; x_wconf 86' lang='lat' dir='ltr'><strong>iterum:</strong></span> <span class='ocrx_word' id='word_1_86' title='bbox 448 1270 587 1332; x_wconf 79' lang='lat' dir='ltr'><strong>christus</strong></span> <span class='ocrx_word' id='word_1_87' title='bbox 600 1269 894 1353; x_wconf 83' lang='lat' dir='ltr'><strong>rogavitproPstro</strong></span> <span class='ocrx_word' id='word_1_88' title='bbox 916 1268 1026 1333; x_wconf 72' lang='lat' dir='ltr'><strong>dim:</strong></span> 
     </span>
     <span class='ocr_line' id='line_1_13' title="bbox 123 1348 1025 1433; baseline -0.007 -17"><span class='ocrx_word' id='word_1_89' title='bbox 123 1354 249 1417; x_wconf 76' lang='lat' dir='ltr'><strong>utnon</strong></span> <span class='ocrx_word' id='word_1_90' title='bbox 271 1352 394 1415; x_wconf 82' lang='lat' dir='ltr'><strong>deficiat</strong></span> <span class='ocrx_word' id='word_1_91' title='bbox 414 1353 491 1415; x_wconf 82' lang='lat' dir='ltr'><strong>fides</strong></span> <span class='ocrx_word' id='word_1_92' title='bbox 514 1364 575 1416; x_wconf 87' lang='lat' dir='ltr'><strong>tua.</strong></span> <span class='ocrx_word' id='word_1_93' title='bbox 619 1354 651 1416; x_wconf 84' lang='lat' dir='ltr'><strong>si</strong></span> <span class='ocrx_word' id='word_1_94' title='bbox 672 1353 805 1415; x_wconf 79' lang='lat' dir='ltr'><strong>delicere</strong></span> <span class='ocrx_word' id='word_1_95' title='bbox 825 1348 1025 1433; x_wconf 65' lang='lat' dir='ltr'><strong>aooipilanlo</strong></span> 
     </span>
     <span class='ocr_line' id='line_1_14' title="bbox 125 1434 1025 1517; baseline -0.002 -18"><span class='ocrx_word' id='word_1_96' title='bbox 125 1440 190 1499; x_wconf 90' lang='lat' dir='ltr'><strong>tino</strong></span> <span class='ocrx_word' id='word_1_97' title='bbox 212 1446 318 1517; x_wconf 86' lang='lat' dir='ltr'><strong>tropo,</strong></span> <span class='ocrx_word' id='word_1_98' title='bbox 349 1437 542 1497; x_wconf 84' lang='lat' dir='ltr'><strong>manifestum</strong></span> <span class='ocrx_word' id='word_1_99' title='bbox 565 1445 628 1515; x_wconf 80' lang='lat' dir='ltr'><strong>est,</strong></span> <span class='ocrx_word' id='word_1_100' title='bbox 660 1437 742 1498; x_wconf 87' lang='lat' dir='ltr'><strong>Petri</strong></span> <span class='ocrx_word' id='word_1_101' title='bbox 763 1434 857 1497; x_wconf 88' lang='lat' dir='ltr'><strong>tidom</strong></span> <span class='ocrx_word' id='word_1_102' title='bbox 881 1436 1025 1507; x_wconf 70' lang='lat' dir='ltr'><strong>casura</strong></span> 
     </span>
     <span class='ocr_line' id='line_1_15' title="bbox 129 1514 1029 1601; baseline -0.001 -21"><span class='ocrx_word' id='word_1_103' title='bbox 129 1520 252 1601; x_wconf 88' lang='lat' dir='ltr'><strong>quando</strong></span> <span class='ocrx_word' id='word_1_104' title='bbox 281 1520 394 1580; x_wconf 88' lang='lat' dir='ltr'><strong>cecidit</strong></span> <span class='ocrx_word' id='word_1_105' title='bbox 425 1529 539 1599; x_wconf 87' lang='lat' dir='ltr'><strong>negato</strong></span> <span class='ocrx_word' id='word_1_106' title='bbox 564 1520 695 1586; x_wconf 83' lang='lat' dir='ltr'><strong>Christo.</strong></span> <span class='ocrx_word' id='word_1_107' title='bbox 738 1518 841 1594; x_wconf 78' lang='lat' dir='ltr'><strong>Quare</strong></span> <span class='ocrx_word' id='word_1_108' title='bbox 861 1518 945 1581; x_wconf 79' lang='lat' dir='ltr'><strong>Petri</strong></span> <span class='ocrx_word' id='word_1_109' title='bbox 968 1514 1029 1579; x_wconf 70' lang='lat' dir='ltr'><strong>tte</strong></span> 
     </span>
     <span class='ocr_line' id='line_1_16' title="bbox 129 1602 1029 1684; baseline -0.007 -19"><span class='ocrx_word' id='word_1_110' title='bbox 129 1611 193 1665; x_wconf 90' lang='lat' dir='ltr'><strong>tum</strong></span> <span class='ocrx_word' id='word_1_111' title='bbox 217 1622 280 1665; x_wconf 92' lang='lat' dir='ltr'><strong>non</strong></span> <span class='ocrx_word' id='word_1_112' title='bbox 302 1605 332 1664; x_wconf 90' lang='lat' dir='ltr'><strong>in</strong></span> <span class='ocrx_word' id='word_1_113' title='bbox 355 1603 465 1679; x_wconf 88' lang='lat' dir='ltr'><strong>Petro,</strong></span> <span class='ocrx_word' id='word_1_114' title='bbox 488 1603 541 1663; x_wconf 85' lang='lat' dir='ltr'><strong>sed</strong></span> <span class='ocrx_word' id='word_1_115' title='bbox 565 1605 596 1663; x_wconf 89' lang='lat' dir='ltr'><strong>in</strong></span> <span class='ocrx_word' id='word_1_116' title='bbox 620 1604 736 1684; x_wconf 83' lang='lat' dir='ltr'><strong>virgine</strong></span> <span class='ocrx_word' id='word_1_117' title='bbox 757 1602 856 1664; x_wconf 79' lang='lat' dir='ltr'><strong>liaris</strong></span> <span class='ocrx_word' id='word_1_118' title='bbox 875 1602 1029 1679; x_wconf 60' lang='lat' dir='ltr'><strong>mansitol</strong></span> 
     </span>
     <span class='ocr_line' id='line_1_17' title="bbox 128 1678 1029 1759; baseline -0.002 -12"><span class='ocrx_word' id='word_1_119' title='bbox 128 1689 159 1747; x_wconf 90' lang='lat' dir='ltr'><strong>in</strong></span> <span class='ocrx_word' id='word_1_120' title='bbox 180 1687 300 1747; x_wconf 87' lang='lat' dir='ltr'><strong>latrone</strong></span> <span class='ocrx_word' id='word_1_121' title='bbox 322 1685 432 1746; x_wconf 86' lang='lat' dir='ltr'><strong>dextro</strong></span> <span class='ocrx_word' id='word_1_122' title='bbox 466 1695 533 1746; x_wconf 86' lang='lat' dir='ltr'><strong>orta</strong></span> <span class='ocrx_word' id='word_1_123' title='bbox 560 1693 622 1759; x_wconf 81' lang='lat' dir='ltr'><strong>est,</strong></span> <span class='ocrx_word' id='word_1_124' title='bbox 654 1685 764 1746; x_wconf 79' lang='lat' dir='ltr'><strong>cladem</strong></span> <span class='ocrx_word' id='word_1_125' title='bbox 787 1685 868 1747; x_wconf 92' lang='lat' dir='ltr'><strong>enim</strong></span> <span class='ocrx_word' id='word_1_126' title='bbox 901 1678 1029 1747; x_wconf 71' lang='lat' dir='ltr'><strong>ostiari</strong></span> 
     </span>
     <span class='ocr_line' id='line_1_18' title="bbox 127 1764 1029 1855; baseline -0.001 -25"><span class='ocrx_word' id='word_1_127' title='bbox 127 1769 214 1848; x_wconf 83' lang='lat' dir='ltr'><strong>fides,</strong></span> <span class='ocrx_word' id='word_1_128' title='bbox 237 1789 316 1848; x_wconf 83' lang='lat' dir='ltr'><strong>quse</strong></span> <span class='ocrx_word' id='word_1_129' title='bbox 339 1770 485 1842; x_wconf 79' lang='lat' dir='ltr'><strong>omnium,</strong></span> <span class='ocrx_word' id='word_1_130' title='bbox 507 1770 586 1828; x_wconf 88' lang='lat' dir='ltr'><strong>sicut</strong></span> <span class='ocrx_word' id='word_1_131' title='bbox 597 1769 794 1855; x_wconf 51' lang='lat' dir='ltr'><strong>,Augustinus</strong></span> <span class='ocrx_word' id='word_1_132' title='bbox 815 1768 954 1831; x_wconf 77' lang='lat' dir='ltr'><strong>dcTrin.</strong></span> <span class='ocrx_word' id='word_1_133' title='bbox 971 1764 1029 1829; x_wconf 61' lang='grc' dir='ltr'>Η</span> 
     </span>
     <span class='ocr_line' id='line_1_19' title="bbox 127 1846 1029 1930; baseline -0.006 -15"><span class='ocrx_word' id='word_1_134' title='bbox 127 1853 194 1916; x_wconf 87' lang='lat' dir='ltr'><strong>libr.</strong></span> <span class='ocrx_word' id='word_1_135' title='bbox 219 1857 252 1915; x_wconf 89' lang='lat' dir='ltr'><strong>l:</strong></span> <span class='ocrx_word' id='word_1_136' title='bbox 274 1852 361 1912; x_wconf 84' lang='lat' dir='ltr'><strong>Haec</strong></span> <span class='ocrx_word' id='word_1_137' title='bbox 382 1850 547 1913; x_wconf 78' lang='lat' dir='ltr'><strong>meotides</strong></span> <span class='ocrx_word' id='word_1_138' title='bbox 569 1859 626 1930; x_wconf 72' lang='lat' dir='ltr'><strong>est</strong></span> <span class='ocrx_word' id='word_1_139' title='bbox 648 1851 886 1930; x_wconf 84' lang='lat' dir='ltr'><strong>quoniamlraeo</strong></span> <span class='ocrx_word' id='word_1_140' title='bbox 898 1846 1029 1913; x_wconf 68' lang='lat' dir='ltr'><strong>ostioli·</strong></span> 
     </span>
     <span class='ocr_line' id='line_1_20' title="bbox 130 1930 1028 2014; baseline -0.003 -16"><span class='ocrx_word' id='word_1_141' title='bbox 130 1935 208 1999; x_wconf 83' lang='lat' dir='ltr'><strong>fides</strong></span> <span class='ocrx_word' id='word_1_142' title='bbox 230 1944 287 1997; x_wconf 88' lang='lat' dir='ltr'><strong>est.</strong></span> <span class='ocrx_word' id='word_1_143' title='bbox 328 1935 431 2014; x_wconf 83' lang='lat' dir='ltr'><strong>Atque</strong></span> <span class='ocrx_word' id='word_1_144' title='bbox 453 1936 515 1996; x_wconf 90' lang='lat' dir='ltr'><strong>hoc</strong></span> <span class='ocrx_word' id='word_1_145' title='bbox 529 1935 623 1997; x_wconf 90' lang='lat' dir='ltr'><strong>modo</strong></span> <span class='ocrx_word' id='word_1_146' title='bbox 638 1934 715 1996; x_wconf 85' lang='lat' dir='ltr'><strong>fides</strong></span> <span class='ocrx_word' id='word_1_147' title='bbox 728 1934 809 1995; x_wconf 83' lang='lat' dir='ltr'><strong>Petri</strong></span> <span class='ocrx_word' id='word_1_148' title='bbox 830 1934 909 1997; x_wconf 88' lang='lat' dir='ltr'><strong>nihil</strong></span> <span class='ocrx_word' id='word_1_149' title='bbox 928 1932 967 1997; x_wconf 80' lang='lat' dir='ltr'><strong>sd</strong></span> <span class='ocrx_word' id='word_1_150' title='bbox 982 1930 1028 1995; x_wconf 64' lang='lat' dir='ltr'><strong>lle</strong></span> 
     </span>
     <span class='ocr_line' id='line_1_21' title="bbox 129 2010 1029 2098; baseline -0.001 -18"><span class='ocrx_word' id='word_1_151' title='bbox 129 2038 251 2080; x_wconf 87' lang='lat' dir='ltr'><strong>msnam</strong></span> <span class='ocrx_word' id='word_1_152' title='bbox 273 2018 454 2097; x_wconf 87' lang='lat' dir='ltr'><strong>ecclesiam,</strong></span> <span class='ocrx_word' id='word_1_153' title='bbox 480 2018 563 2098; x_wconf 88' lang='lat' dir='ltr'><strong>quod</strong></span> <span class='ocrx_word' id='word_1_154' title='bbox 585 2036 695 2080; x_wconf 86' lang='lat' dir='ltr'><strong>sensus</strong></span> <span class='ocrx_word' id='word_1_155' title='bbox 716 2025 777 2079; x_wconf 89' lang='lat' dir='ltr'><strong>est:</strong></span> <span class='ocrx_word' id='word_1_156' title='bbox 809 2016 918 2080; x_wconf 82' lang='lat' dir='ltr'><strong>Fidem</strong></span> <span class='ocrx_word' id='word_1_157' title='bbox 939 2010 1029 2079; x_wconf 59' lang='grc' dir='ltr'><strong>ΟΜ</strong></span> 
     </span>
     <span class='ocr_line' id='line_1_22' title="bbox 130 2096 1029 2185; baseline 0 -22"><span class='ocrx_word' id='word_1_158' title='bbox 130 2100 229 2185; x_wconf 80' lang='lat' dir='ltr'><strong>(quos</strong></span> <span class='ocrx_word' id='word_1_159' title='bbox 251 2102 344 2163; x_wconf 92' lang='lat' dir='ltr'><strong>totius</strong></span> <span class='ocrx_word' id='word_1_160' title='bbox 367 2101 518 2163; x_wconf 80' lang='lat' dir='ltr'><strong>ccclesiae</strong></span> <span class='ocrx_word' id='word_1_161' title='bbox 540 2101 611 2185; x_wconf 85' lang='lat' dir='ltr'><strong>est),</strong></span> <span class='ocrx_word' id='word_1_162' title='bbox 633 2120 714 2181; x_wconf 84' lang='lat' dir='ltr'><strong>quse</strong></span> <span class='ocrx_word' id='word_1_163' title='bbox 733 2108 807 2161; x_wconf 87' lang='lat' dir='ltr'><strong>tunc</strong></span> <span class='ocrx_word' id='word_1_164' title='bbox 826 2101 962 2163; x_wconf 88' lang='lat' dir='ltr'><strong>inPatro</strong></span> <span class='ocrx_word' id='word_1_165' title='bbox 979 2096 1029 2175; x_wconf 71' lang='lat' dir='ltr'><strong>lul,</strong></span> 
     </span>
     <span class='ocr_line' id='line_1_23' title="bbox 128 2184 1018 2264; baseline -0.003 -17"><span class='ocrx_word' id='word_1_166' title='bbox 128 2204 284 2264; x_wconf 89' lang='lat' dir='ltr'><strong>nunquam</strong></span> <span class='ocrx_word' id='word_1_167' title='bbox 308 2184 503 2246; x_wconf 75' lang='lat' dir='ltr'><strong>defecturam.</strong></span> <span class='ocrx_word' id='word_1_168' title='bbox 849 2222 853 2233; x_wconf 87' lang='lat'>·</span> <span class='ocrx_word' id='word_1_169' title='bbox 1007 2212 1018 2227; x_wconf 94' lang='lat'><strong>··</strong></span> 
     </span>
    </p>

    <p class='ocr_par' dir='ltr' id='par_1_5' title="bbox 129 2266 1048 2848">
     <span class='ocr_line' id='line_1_24' title="bbox 214 2266 1029 2348; baseline -0.001 -20"><span class='ocrx_word' id='word_1_170' title='bbox 214 2268 246 2328; x_wconf 82' lang='lat' dir='ltr'><strong>si</strong></span> <span class='ocrx_word' id='word_1_171' title='bbox 268 2275 371 2329; x_wconf 87' lang='lat' dir='ltr'><strong>autem</strong></span> <span class='ocrx_word' id='word_1_172' title='bbox 391 2266 514 2329; x_wconf 83' lang='lat' dir='ltr'><strong>Ebraeo</strong></span> <span class='ocrx_word' id='word_1_173' title='bbox 544 2276 633 2348; x_wconf 92' lang='lat' dir='ltr'><strong>tropo</strong></span> <span class='ocrx_word' id='word_1_174' title='bbox 663 2266 795 2329; x_wconf 85' lang='lat' dir='ltr'><strong>deficere</strong></span> <span class='ocrx_word' id='word_1_175' title='bbox 816 2268 969 2348; x_wconf 73' lang='lat' dir='ltr'><strong>accipitur</strong></span> <span class='ocrx_word' id='word_1_176' title='bbox 987 2278 1029 2345; x_wconf 78' lang='lat' dir='ltr'><strong>pm</strong></span> 
     </span>
     <span class='ocr_line' id='line_1_25' title="bbox 132 2344 1030 2432; baseline 0 -21"><span class='ocrx_word' id='word_1_177' title='bbox 132 2350 222 2411; x_wconf 87' lang='lat' dir='ltr'><strong>finire</strong></span> <span class='ocrx_word' id='word_1_178' title='bbox 242 2370 280 2412; x_wconf 86' lang='lat' dir='ltr'><strong>ac</strong></span> <span class='ocrx_word' id='word_1_179' title='bbox 300 2353 421 2432; x_wconf 89' lang='lat' dir='ltr'><strong>penitus</strong></span> <span class='ocrx_word' id='word_1_180' title='bbox 448 2370 587 2428; x_wconf 86' lang='lat' dir='ltr'><strong>cessare,</strong></span> <span class='ocrx_word' id='word_1_181' title='bbox 619 2370 677 2412; x_wconf 92' lang='lat' dir='ltr'><strong>neo</strong></span> <span class='ocrx_word' id='word_1_182' title='bbox 692 2350 877 2430; x_wconf 85' lang='lat' dir='ltr'><strong>-aliquando</strong></span> <span class='ocrx_word' id='word_1_183' title='bbox 905 2344 1030 2431; x_wconf 70' lang='lat' dir='ltr'><strong>rapturi,</strong></span> 
     </span>
     <span class='ocr_line' id='line_1_26' title="bbox 130 2430 1047 2513; baseline -0.002 -18"><span class='ocrx_word' id='word_1_184' title='bbox 130 2435 247 2495; x_wconf 83' lang='lat' dir='ltr'><strong>clarum</strong></span> <span class='ocrx_word' id='word_1_185' title='bbox 269 2443 331 2511; x_wconf 84' lang='lat' dir='ltr'><strong>est,</strong></span> <span class='ocrx_word' id='word_1_186' title='bbox 353 2434 434 2495; x_wconf 89' lang='lat' dir='ltr'><strong>Petri</strong></span> <span class='ocrx_word' id='word_1_187' title='bbox 455 2434 548 2495; x_wconf 83' lang='lat' dir='ltr'><strong>tidem</strong></span> <span class='ocrx_word' id='word_1_188' title='bbox 571 2434 721 2495; x_wconf 85' lang='lat' dir='ltr'><strong>cecidisse</strong></span> <span class='ocrx_word' id='word_1_189' title='bbox 741 2432 883 2513; x_wconf 90' lang='lat' dir='ltr'><strong>quidem,</strong></span> <span class='ocrx_word' id='word_1_190' title='bbox 911 2430 965 2495; x_wconf 83' lang='lat' dir='ltr'><strong>sed</strong></span> <span class='ocrx_word' id='word_1_191' title='bbox 983 2446 1047 2505; x_wconf 38' lang='lat' dir='ltr'><strong>nco.</strong></span> 
     </span>
     <span class='ocr_line' id='line_1_27' title="bbox 132 2512 1048 2598; baseline -0.003 -20"><span class='ocrx_word' id='word_1_192' title='bbox 132 2517 300 2596; x_wconf 83' lang='lat' dir='ltr'><strong>defecisse,</strong></span> <span class='ocrx_word' id='word_1_193' title='bbox 325 2518 542 2596; x_wconf 81' lang='lat' dir='ltr'><strong>quis&#39;reversa</strong></span> <span class='ocrx_word' id='word_1_194' title='bbox 565 2526 613 2579; x_wconf 90' lang='lat' dir='ltr'><strong>est</strong></span> <span class='ocrx_word' id='word_1_195' title='bbox 635 2538 654 2579; x_wconf 88' lang='lat' dir='ltr'><strong>a</strong></span> <span class='ocrx_word' id='word_1_196' title='bbox 675 2517 780 2598; x_wconf 87' lang='lat' dir='ltr'><strong>lapsu,</strong></span> <span class='ocrx_word' id='word_1_197' title='bbox 801 2534 910 2577; x_wconf 85' lang='lat' dir='ltr'><strong>verum</strong></span> <span class='ocrx_word' id='word_1_198' title='bbox 932 2534 970 2579; x_wconf 78' lang='lat' dir='ltr'><strong>ex</strong></span> <span class='ocrx_word' id='word_1_199' title='bbox 985 2512 1048 2575; x_wconf 72' lang='lat' dir='ltr'><strong>la·</strong></span> 
     </span>
     <span class='ocr_line' id='line_1_28' title="bbox 131 2598 1030 2682; baseline -0.004 -21"><span class='ocrx_word' id='word_1_200' title='bbox 131 2602 288 2682; x_wconf 87' lang='lat' dir='ltr'><strong>personali</strong></span> <span class='ocrx_word' id='word_1_201' title='bbox 310 2599 372 2661; x_wconf 88' lang='lat' dir='ltr'><strong>lide</strong></span> <span class='ocrx_word' id='word_1_202' title='bbox 394 2601 469 2661; x_wconf 87' lang='lat' dir='ltr'><strong>nihil</strong></span> <span class='ocrx_word' id='word_1_203' title='bbox 491 2621 548 2682; x_wconf 90' lang='lat' dir='ltr'><strong>pro</strong></span> <span class='ocrx_word' id='word_1_204' title='bbox 571 2602 633 2662; x_wconf 91' lang='lat' dir='ltr'><strong>ullo</strong></span> <span class='ocrx_word' id='word_1_205' title='bbox 656 2602 804 2681; x_wconf 88' lang='lat' dir='ltr'><strong>episcopo</strong></span> <span class='ocrx_word' id='word_1_206' title='bbox 825 2598 968 2671; x_wconf 83' lang='lat' dir='ltr'><strong>infertor,</strong></span> <span class='ocrx_word' id='word_1_207' title='bbox 985 2608 1030 2657; x_wconf 81' lang='lat' dir='ltr'><strong>not</strong></span> 
     </span>
     <span class='ocr_line' id='line_1_29' title="bbox 129 2680 1029 2765; baseline -0.002 -18"><span class='ocrx_word' id='word_1_208' title='bbox 129 2684 246 2764; x_wconf 77' lang='lat' dir='ltr'><strong>aliquid</strong></span> <span class='ocrx_word' id='word_1_209' title='bbox 267 2684 306 2745; x_wconf 88' lang='lat' dir='ltr'><strong>ad</strong></span> <span class='ocrx_word' id='word_1_210' title='bbox 331 2702 541 2745; x_wconf 75' lang='lat' dir='ltr'><strong>successorem</strong></span> <span class='ocrx_word' id='word_1_211' title='bbox 563 2684 696 2765; x_wconf 78' lang='lat' dir='ltr'><strong>pertinet</strong></span> <span class='ocrx_word' id='word_1_212' title='bbox 720 2682 759 2743; x_wconf 86' lang='lat' dir='ltr'><strong>ds</strong></span> <span class='ocrx_word' id='word_1_213' title='bbox 780 2683 840 2744; x_wconf 86' lang='lat' dir='ltr'><strong>hoo</strong></span> <span class='ocrx_word' id='word_1_214' title='bbox 860 2680 933 2747; x_wconf 81' lang='lat' dir='ltr'><strong>flos.</strong></span> <span class='ocrx_word' id='word_1_215' title='bbox 953 2696 1029 2763; x_wconf 65' lang='lat' dir='ltr'><strong>qu*</strong></span> 
     </span>
     <span class='ocr_line' id='line_1_30' title="bbox 130 2767 952 2848; baseline 0 -20"><span class='ocrx_word' id='word_1_216' title='bbox 130 2774 192 2847; x_wconf 82' lang='lat' dir='ltr'><strong>tum</strong></span> <span class='ocrx_word' id='word_1_217' title='bbox 215 2768 378 2830; x_wconf 84' lang='lat' dir='ltr'><strong>verborum</strong></span> <span class='ocrx_word' id='word_1_218' title='bbox 395 2769 568 2848; x_wconf 82' lang='lat' dir='ltr'><strong>proprietas</strong></span> <span class='ocrx_word' id='word_1_219' title='bbox 589 2767 669 2828; x_wconf 86' lang='lat' dir='ltr'><strong>facit</strong></span> <span class='ocrx_word' id='word_1_220' title='bbox 948 2802 952 2813; x_wconf 92' lang='lat'>·</span> 
     </span>
    </p>

    <p class='ocr_par' dir='ltr' id='par_1_6' title="bbox 428 2848 752 2912">
     <span class='ocr_line' id='line_1_31' title="bbox 428 2848 752 2912; baseline -0.006 -2"><span class='ocrx_word' id='word_1_221' title='bbox 428 2849 649 2912; x_wconf 80' lang='lat' dir='ltr'><strong>Conclusio</strong></span> <span class='ocrx_word' id='word_1_222' title='bbox 671 2848 752 2909; x_wconf 87' lang='lat' dir='ltr'><strong>Xlll.</strong></span> 
     </span>
    </p>

    <p class='ocr_par' dir='ltr' id='par_1_7' title="bbox 151 2930 1023 3435">
     <span class='ocr_line' id='line_1_32' title="bbox 194 2930 1017 3011; baseline -0.002 -17"><span class='ocrx_word' id='word_1_223' title='bbox 194 2932 366 2994; x_wconf 83' lang='lat' dir='ltr'><strong>Romanam</strong></span> <span class='ocrx_word' id='word_1_224' title='bbox 395 2933 557 2995; x_wconf 88' lang='lat' dir='ltr'><strong>ecclesiam</strong></span> <span class='ocrx_word' id='word_1_225' title='bbox 580 2952 650 2995; x_wconf 86' lang='lat' dir='ltr'><strong>esse</strong></span> <span class='ocrx_word' id='word_1_226' title='bbox 673 2930 814 2993; x_wconf 86' lang='lat' dir='ltr'><strong>omnibus</strong></span> <span class='ocrx_word' id='word_1_227' title='bbox 842 2930 912 2993; x_wconf 89' lang='lat' dir='ltr'><strong>aliis</strong></span> <span class='ocrx_word' id='word_1_228' title='bbox 939 2944 1017 3011; x_wconf 69' lang='lat' dir='ltr'><strong>supe·</strong></span> 
     </span>
     <span class='ocr_line' id='line_1_33' title="bbox 151 3008 1018 3180; baseline 0 -21"><span class='ocrx_word' id='word_1_229' title='bbox 151 3016 432 3160; x_wconf 62' lang='lat' dir='ltr'><strong>itttffltttltl‘</strong></span> <span class='ocrx_word' id='word_1_230' title='bbox 447 3008 1018 3180; x_wconf 55' lang='lat' dir='ltr'><strong>ttlltllttieltt‘tttltt</strong></span> 
     </span>
     <span class='ocr_line' id='line_1_34' title="bbox 153 3146 1017 3267; baseline -0.001 -23"><span class='ocrx_word' id='word_1_231' title='bbox 153 3193 259 3244; x_wconf 92' lang='lat' dir='ltr'><strong>contra</strong></span> <span class='ocrx_word' id='word_1_232' title='bbox 270 3202 349 3267; x_wconf 85' lang='lat' dir='ltr'><strong>quae</strong></span> <span class='ocrx_word' id='word_1_233' title='bbox 363 3146 434 3243; x_wconf 71' lang='lat' dir='ltr'><strong>sunt</strong></span> <span class='ocrx_word' id='word_1_234' title='bbox 447 3184 593 3244; x_wconf 87' lang='lat' dir='ltr'><strong>historiae</strong></span> <span class='ocrx_word' id='word_1_235' title='bbox 608 3181 799 3264; x_wconf 83' lang='lat' dir='ltr'><strong>approbatas</strong></span> <span class='ocrx_word' id='word_1_236' title='bbox 813 3180 900 3243; x_wconf 88' lang='lat' dir='ltr'><strong>mille</strong></span> <span class='ocrx_word' id='word_1_237' title='bbox 910 3185 944 3243; x_wconf 84' lang='lat' dir='ltr'><strong>et</strong></span> <span class='ocrx_word' id='word_1_238' title='bbox 960 3194 1017 3249; x_wconf 75' lang='lat' dir='ltr'><strong>oto·</strong></span> 
     </span>
     <span class='ocr_line' id='line_1_35' title="bbox 152 3262 1017 3348; baseline -0.003 -21"><span class='ocrx_word' id='word_1_239' title='bbox 152 3275 214 3327; x_wconf 88' lang='lat' dir='ltr'><strong>tum</strong></span> <span class='ocrx_word' id='word_1_240' title='bbox 228 3285 388 3348; x_wconf 86' lang='lat' dir='ltr'><strong>annorum,</strong></span> <span class='ocrx_word' id='word_1_241' title='bbox 411 3274 512 3329; x_wconf 87' lang='lat' dir='ltr'><strong>textus</strong></span> <span class='ocrx_word' id='word_1_242' title='bbox 528 3266 702 3347; x_wconf 70' lang='lat' dir='ltr'><strong>scripturos</strong></span> <span class='ocrx_word' id='word_1_243' title='bbox 716 3264 851 3344; x_wconf 84' lang='lat' dir='ltr'><strong>divinas,</strong></span> <span class='ocrx_word' id='word_1_244' title='bbox 873 3272 907 3325; x_wconf 85' lang='lat' dir='ltr'><strong>st</strong></span> <span class='ocrx_word' id='word_1_245' title='bbox 927 3262 1017 3325; x_wconf 74' lang='lat' dir='ltr'><strong>douc</strong></span> 
     </span>
     <span class='ocr_line' id='line_1_36' title="bbox 154 3348 885 3411; baseline -0.003 0"><span class='ocrx_word' id='word_1_246' title='bbox 154 3359 217 3411; x_wconf 89' lang='lat' dir='ltr'><strong>tum</strong></span> <span class='ocrx_word' id='word_1_247' title='bbox 241 3350 364 3410; x_wconf 88' lang='lat' dir='ltr'><strong>concilii</strong></span> <span class='ocrx_word' id='word_1_248' title='bbox 385 3350 493 3411; x_wconf 86' lang='lat' dir='ltr'><strong>Niceni</strong></span> <span class='ocrx_word' id='word_1_249' title='bbox 517 3352 654 3411; x_wconf 88' lang='lat' dir='ltr'><strong>omnium</strong></span> <span class='ocrx_word' id='word_1_250' title='bbox 676 3348 885 3410; x_wconf 80' lang='lat' dir='ltr'><strong>sacratissimi.</strong></span> 
     </span>
    </p>

    <p class='ocr_par' dir='ltr' id='par_1_8' title="bbox 215 3428 1027 3511">
     <span class='ocr_line' id='line_1_37' title="bbox 215 3428 1027 3511; baseline -0.001 -19"><span class='ocrx_word' id='word_1_251' title='bbox 215 3430 305 3492; x_wconf 88' lang='lat' dir='ltr'><strong>Hanc</strong></span> <span class='ocrx_word' id='word_1_252' title='bbox 344 3432 426 3493; x_wconf 84' lang='lat' dir='ltr'><strong>edito</strong></span> <span class='ocrx_word' id='word_1_253' title='bbox 455 3433 656 3495; x_wconf 86' lang='lat' dir='ltr'><strong>Resolutione</strong></span> <span class='ocrx_word' id='word_1_254' title='bbox 692 3431 850 3511; x_wconf 86' lang='lat' dir='ltr'><strong>aliquanto</strong></span> <span class='ocrx_word' id='word_1_255' title='bbox 885 3428 1027 3499; x_wconf 73' lang='lat' dir='ltr'><strong>(leolam.</strong></span> 
     </span>
    </p>
   </div>
   <div class='ocr_carea' id='block_1_3' title="bbox 45 3514 1028 3598">
    <p class='ocr_par' dir='ltr' id='par_1_9' title="bbox 45 3514 1028 3598">
     <span class='ocr_line' id='line_1_38' title="bbox 45 3514 1028 3598; baseline -0.005 -22"><span class='ocrx_word' id='word_1_256' title='bbox 45 3550 49 3559; x_wconf 88' lang='lat'><strong>·</strong></span> <span class='ocrx_word' id='word_1_257' title='bbox 131 3517 219 3598; x_wconf 80' lang='lat' dir='ltr'><strong>plura</strong></span> <span class='ocrx_word' id='word_1_258' title='bbox 242 3515 375 3576; x_wconf 89' lang='lat' dir='ltr'><strong>dicturus</strong></span> <span class='ocrx_word' id='word_1_259' title='bbox 385 3516 491 3577; x_wconf 83' lang='lat' dir='ltr'><strong>futuris</strong></span> <span class='ocrx_word' id='word_1_260' title='bbox 503 3516 693 3576; x_wconf 84' lang='lat' dir='ltr'><strong>adversariis.</strong></span> <span class='ocrx_word' id='word_1_261' title='bbox 716 3514 851 3592; x_wconf 86' lang='lat' dir='ltr'><strong>Interim,</strong></span> <span class='ocrx_word' id='word_1_262' title='bbox 873 3515 946 3595; x_wconf 81' lang='lat' dir='ltr'><strong>quia</strong></span> <span class='ocrx_word' id='word_1_263' title='bbox 961 3524 1028 3571; x_wconf 65' lang='lat' dir='ltr'><strong>aar</strong></span> 
     </span>
    </p>
   </div>
   <div class='ocr_carea' id='block_1_4' title="bbox 131 3590 1028 3848">
    <p class='ocr_par' dir='ltr' id='par_1_10' title="bbox 131 3590 1028 3848">
     <span class='ocr_line' id='line_1_39' title="bbox 132 3590 1028 3745; baseline -0.002 -84"><span class='ocrx_word' id='word_1_264' title='bbox 132 3599 241 3660; x_wconf 87' lang='lat' dir='ltr'><strong>dalosa</strong></span> <span class='ocrx_word' id='word_1_265' title='bbox 262 3606 311 3659; x_wconf 85' lang='lat' dir='ltr'><strong>est</strong></span> <span class='ocrx_word' id='word_1_266' title='bbox 332 3601 504 3681; x_wconf 87' lang='lat' dir='ltr'><strong>propositio</strong></span> <span class='ocrx_word' id='word_1_267' title='bbox 529 3602 558 3660; x_wconf 92' lang='lat' dir='ltr'><strong>iu</strong></span> <span class='ocrx_word' id='word_1_268' title='bbox 581 3599 703 3659; x_wconf 88' lang='lat' dir='ltr'><strong>auribus</strong></span> <span class='ocrx_word' id='word_1_269' title='bbox 719 3597 854 3678; x_wconf 83' lang='lat' dir='ltr'><strong>pietatis,</strong></span> <span class='ocrx_word' id='word_1_270' title='bbox 874 3595 907 3661; x_wconf 87' lang='lat' dir='ltr'><strong>id</strong></span> <span class='ocrx_word' id='word_1_271' title='bbox 928 3590 1028 3745; x_wconf 56' lang='lat' dir='ltr'><strong>esffi</strong></span> 
     </span>
     <span class='ocr_line' id='line_1_40' title="bbox 131 3670 964 3779; baseline -0.001 -35"><span class='ocrx_word' id='word_1_272' title='bbox 131 3682 232 3744; x_wconf 83' lang='lat' dir='ltr'><strong>vidiae</strong></span> <span class='ocrx_word' id='word_1_273' title='bbox 255 3689 286 3742; x_wconf 91' lang='lat' dir='ltr'><strong>et</strong></span> <span class='ocrx_word' id='word_1_274' title='bbox 305 3683 477 3763; x_wconf 84' lang='lat' dir='ltr'><strong>superbiae,</strong></span> <span class='ocrx_word' id='word_1_275' title='bbox 498 3701 598 3764; x_wconf 82' lang='lat' dir='ltr'><strong>pauca</strong></span> <span class='ocrx_word' id='word_1_276' title='bbox 612 3684 731 3758; x_wconf 89' lang='lat' dir='ltr'><strong>iterum,</strong></span> <span class='ocrx_word' id='word_1_277' title='bbox 753 3700 793 3743; x_wconf 82' lang='lat' dir='ltr'><strong>nc</strong></span> <span class='ocrx_word' id='word_1_278' title='bbox 814 3670 898 3779; x_wconf 76' lang='lat' dir='ltr'><strong>nuda</strong></span> <span class='ocrx_word' id='word_1_279' title='bbox 911 3696 964 3779; x_wconf 63' lang='grc' dir='ltr'><strong>ρῳ</strong></span> 
     </span>
     <span class='ocr_line' id='line_1_41' title="bbox 132 3763 1027 3848; baseline -0.002 -21"><span class='ocrx_word' id='word_1_280' title='bbox 132 3765 254 3827; x_wconf 82' lang='lat' dir='ltr'><strong>addam.</strong></span> <span class='ocrx_word' id='word_1_281' title='bbox 296 3766 355 3827; x_wconf 93' lang='lat' dir='ltr'><strong>Pro</strong></span> <span class='ocrx_word' id='word_1_282' title='bbox 367 3784 429 3845; x_wconf 91' lang='lat' dir='ltr'><strong>quo</strong></span> <span class='ocrx_word' id='word_1_283' title='bbox 442 3767 573 3846; x_wconf 89' lang='lat' dir='ltr'><strong>primum</strong></span> <span class='ocrx_word' id='word_1_284' title='bbox 585 3765 696 3848; x_wconf 86' lang='lat' dir='ltr'><strong>probo,</strong></span> <span class='ocrx_word' id='word_1_285' title='bbox 715 3763 884 3845; x_wconf 75' lang='lat' dir='ltr'><strong>quamlibet</strong></span> <span class='ocrx_word' id='word_1_286' title='bbox 894 3766 1027 3826; x_wconf 65' lang='lat' dir='ltr'><strong>ornulfi</strong></span> 
     </span>
    </p>
   </div>
   <div class='ocr_carea' id='block_1_5' title="bbox 0 0 1193 4208">
    <p class='ocr_par' dir='ltr' id='par_1_11' title="bbox 0 0 1193 4208">
     <span class='ocr_line' id='line_1_42' title="bbox 0 0 1193 4208; baseline 0 0"><span class='ocrx_word' id='word_1_287' title='bbox 0 0 1193 4208; x_wconf 95' lang='lat' dir='ltr'><strong> </strong></span> 
     </span>
    </p>
   </div>
  </div>
 </body>
</html>
