<?xml version="1.0" encoding="UTF-8"?>
<!DOCTYPE html PUBLIC "-//W3C//DTD XHTML 1.0 Transitional//EN"
    "http://www.w3.org/TR/xhtml1/DTD/xhtml1-transitional.dtd">
<html xmlns="http://www.w3.org/1999/xhtml" xml:lang="en" lang="en">
 <head>
  <title>
</title>
<meta http-equiv="Content-Type" content="text/html;charset=utf-8" />
  <meta name='ocr-system' content='tesseract 3.04.00' />
  <meta name='ocr-capabilities' content='ocr_page ocr_carea ocr_par ocr_line ocrx_word'/>
</head>
<body>
  <div class='ocr_page' id='page_1' title='image "./dmartinilutheri04luthgoog_0023.png"; bbox 0 0 2346 4208; ppageno 0'>
   <div class='ocr_carea' id='block_1_1' title="bbox 116 243 831 328">
    <p class='ocr_par' dir='ltr' id='par_1_1' title="bbox 116 243 831 328">
     <span class='ocr_line' id='line_1_1' title="bbox 116 243 831 328; baseline 0 -17"><span class='ocrx_word' id='word_1_1' title='bbox 116 255 163 320; x_wconf 82' lang='lat'>‘12</span> <span class='ocrx_word' id='word_1_2' title='bbox 307 249 311 256; x_wconf 80' lang='grc'><strong>’</strong></span> <span class='ocrx_word' id='word_1_3' title='bbox 328 259 481 328; x_wconf 71' lang='lat' dir='ltr'>Disputatio</span> <span class='ocrx_word' id='word_1_4' title='bbox 503 264 530 312; x_wconf 89' lang='lat' dir='ltr'>st</span> <span class='ocrx_word' id='word_1_5' title='bbox 548 259 700 312; x_wconf 81' lang='lat' dir='ltr'>Excusetio</span> <span class='ocrx_word' id='word_1_6' title='bbox 720 243 831 312; x_wconf 83' lang='lat' dir='ltr'>lutheri</span> 
     </span>
    </p>
   </div>
   <div class='ocr_carea' id='block_1_2' title="bbox 108 445 1091 1604">
    <p class='ocr_par' dir='ltr' id='par_1_2' title="bbox 108 445 1091 1337">
     <span class='ocr_line' id='line_1_2' title="bbox 122 445 1042 527; baseline -0.001 -21"><span class='ocrx_word' id='word_1_7' title='bbox 122 447 174 525; x_wconf 92' lang='lat' dir='ltr'>qui</span> <span class='ocrx_word' id='word_1_8' title='bbox 196 445 271 506; x_wconf 88' lang='lat' dir='ltr'><strong>nihil</strong></span> <span class='ocrx_word' id='word_1_9' title='bbox 305 447 444 507; x_wconf 87' lang='lat' dir='ltr'>continet</span> <span class='ocrx_word' id='word_1_10' title='bbox 476 447 534 506; x_wconf 91' lang='lat' dir='ltr'>nisi</span> <span class='ocrx_word' id='word_1_11' title='bbox 571 445 781 527; x_wconf 85' lang='lat' dir='ltr'>epistolam</span> <span class='ocrx_word' id='word_1_12' title='bbox 804 445 964 508; x_wconf 87' lang='lat' dir='ltr'>Lutheri</span> <span class='ocrx_word' id='word_1_13' title='bbox 997 445 1042 506; x_wconf 89' lang='lat' dir='ltr'>sd</span> 
     </span>
     <span class='ocr_line' id='line_1_3' title="bbox 121 528 1045 604; baseline -0.001 -15"><span class='ocrx_word' id='word_1_14' title='bbox 121 528 278 589; x_wconf 77' lang='lat' dir='ltr'>Decium</span> <span class='ocrx_word' id='word_1_15' title='bbox 318 530 443 590; x_wconf 90' lang='lat' dir='ltr'>datam</span> <span class='ocrx_word' id='word_1_16' title='bbox 478 534 516 590; x_wconf 87' lang='lat' dir='ltr'>et</span> <span class='ocrx_word' id='word_1_17' title='bbox 541 528 701 591; x_wconf 87' lang='lat' dir='ltr'>Lutheri</span> <span class='ocrx_word' id='word_1_18' title='bbox 734 529 869 604; x_wconf 71' lang='lat' dir='ltr'>theses</span> <span class='ocrx_word' id='word_1_19' title='bbox 902 534 1045 589; x_wconf 86' lang='lat' dir='ltr'>contra</span> 
     </span>
     <span class='ocr_line' id='line_1_4' title="bbox 122 611 1091 692; baseline 0 -21"><span class='ocrx_word' id='word_1_20' title='bbox 122 630 245 672; x_wconf 90' lang='lat' dir='ltr'>novos</span> <span class='ocrx_word' id='word_1_21' title='bbox 270 618 307 672; x_wconf 92' lang='lat' dir='ltr'>et</span> <span class='ocrx_word' id='word_1_22' title='bbox 327 619 483 673; x_wconf 53' lang='lat' dir='ltr'>,veteres</span> <span class='ocrx_word' id='word_1_23' title='bbox 507 629 674 673; x_wconf 89' lang='lat' dir='ltr'>errores.</span> <span class='ocrx_word' id='word_1_24' title='bbox 707 611 740 672; x_wconf 92' lang='lat' dir='ltr'>In</span> <span class='ocrx_word' id='word_1_25' title='bbox 764 611 934 692; x_wconf 86' lang='lat' dir='ltr'>exemplari</span> <span class='ocrx_word' id='word_1_26' title='bbox 954 611 1044 671; x_wconf 89' lang='lat' dir='ltr'>huius</span> <span class='ocrx_word' id='word_1_27' title='bbox 1089 674 1091 677; x_wconf 69' lang='grc'>,</span> 
     </span>
     <span class='ocr_line' id='line_1_5' title="bbox 108 694 1042 774; baseline 0 -20"><span class='ocrx_word' id='word_1_28' title='bbox 108 694 199 772; x_wconf 89' lang='lat' dir='ltr'>libri,</span> <span class='ocrx_word' id='word_1_29' title='bbox 221 695 303 773; x_wconf 93' lang='lat' dir='ltr'>quod</span> <span class='ocrx_word' id='word_1_30' title='bbox 327 695 416 756; x_wconf 93' lang='lat' dir='ltr'>nobis</span> <span class='ocrx_word' id='word_1_31' title='bbox 440 715 480 756; x_wconf 86' lang='lat' dir='ltr'>ex</span> <span class='ocrx_word' id='word_1_32' title='bbox 493 694 683 756; x_wconf 75' lang='lat' dir='ltr'>bibliotheca</span> <span class='ocrx_word' id='word_1_33' title='bbox 701 694 901 756; x_wconf 81' lang='lat' dir='ltr'>Scheurliana</span> <span class='ocrx_word' id='word_1_34' title='bbox 916 700 1042 774; x_wconf 89' lang='lat' dir='ltr'>praesto</span> 
     </span>
     <span class='ocr_line' id='line_1_6' title="bbox 121 778 1043 860; baseline -0.001 -22"><span class='ocrx_word' id='word_1_35' title='bbox 121 785 196 854; x_wconf 87' lang='lat' dir='ltr'>eret,</span> <span class='ocrx_word' id='word_1_36' title='bbox 219 778 297 838; x_wconf 91' lang='lat' dir='ltr'>tituli</span> <span class='ocrx_word' id='word_1_37' title='bbox 312 780 444 860; x_wconf 81' lang='lat' dir='ltr'>paginae</span> <span class='ocrx_word' id='word_1_38' title='bbox 458 779 540 858; x_wconf 79' lang='lat' dir='ltr'>typis</span> <span class='ocrx_word' id='word_1_39' title='bbox 558 796 616 838; x_wconf 87' lang='lat' dir='ltr'>neo</span> <span class='ocrx_word' id='word_1_40' title='bbox 629 779 719 858; x_wconf 85' lang='lat' dir='ltr'>nigro</span> <span class='ocrx_word' id='word_1_41' title='bbox 736 797 794 838; x_wconf 88' lang='lat' dir='ltr'>neo</span> <span class='ocrx_word' id='word_1_42' title='bbox 807 778 868 838; x_wconf 92' lang='lat' dir='ltr'>alio</span> <span class='ocrx_word' id='word_1_43' title='bbox 885 778 1043 858; x_wconf 84' lang='lat' dir='ltr'>pigmento</span> 
     </span>
     <span class='ocr_line' id='line_1_7' title="bbox 121 860 1042 941; baseline -0.001 -20"><span class='ocrx_word' id='word_1_44' title='bbox 121 861 224 921; x_wconf 90' lang='lat' dir='ltr'>tinctis</span> <span class='ocrx_word' id='word_1_45' title='bbox 246 861 324 921; x_wconf 85' lang='lat' dir='ltr'>haec</span> <span class='ocrx_word' id='word_1_46' title='bbox 346 872 417 921; x_wconf 90' lang='lat' dir='ltr'>sunt</span> <span class='ocrx_word' id='word_1_47' title='bbox 443 862 593 941; x_wconf 91' lang='lat' dir='ltr'>impressa</span> <span class='ocrx_word' id='word_1_48' title='bbox 622 860 790 921; x_wconf 88' lang='lat' dir='ltr'>vocabula:</span> <span class='ocrx_word' id='word_1_49' title='bbox 833 861 1042 920; x_wconf 88' lang='lat' dir='ltr'>Illustrissimo</span> 
     </span>
     <span class='ocr_line' id='line_1_8' title="bbox 122 943 1043 1024; baseline 0.002 -23"><span class='ocrx_word' id='word_1_50' title='bbox 122 945 254 1024; x_wconf 83' lang='lat' dir='ltr'>principi</span> <span class='ocrx_word' id='word_1_51' title='bbox 279 953 318 1004; x_wconf 87' lang='lat' dir='ltr'>et</span> <span class='ocrx_word' id='word_1_52' title='bbox 345 944 523 1007; x_wconf 82' lang='lat' dir='ltr'>Marohioni</span> <span class='ocrx_word' id='word_1_53' title='bbox 551 943 610 1006; x_wconf 87' lang='lat' dir='ltr'>No.</span> <span class='ocrx_word' id='word_1_54' title='bbox 642 944 676 1003; x_wconf 87' lang='lat' dir='ltr'>D.</span> <span class='ocrx_word' id='word_1_55' title='bbox 707 943 864 1004; x_wconf 83' lang='lat' dir='ltr'>Fridsrioo</span> <span class='ocrx_word' id='word_1_56' title='bbox 889 943 940 1006; x_wconf 89' lang='lat' dir='ltr'>III.</span> <span class='ocrx_word' id='word_1_57' title='bbox 963 943 1043 1003; x_wconf 87' lang='lat' dir='ltr'>Duci</span> 
     </span>
     <span class='ocr_line' id='line_1_9' title="bbox 121 1025 1044 1106; baseline -0.002 -18"><span class='ocrx_word' id='word_1_58' title='bbox 121 1025 278 1088; x_wconf 78' lang='lat' dir='ltr'>Saxoniae</span> <span class='ocrx_word' id='word_1_59' title='bbox 310 1026 340 1090; x_wconf 80' lang='lat' dir='ltr'>S.</span> <span class='ocrx_word' id='word_1_60' title='bbox 372 1027 460 1089; x_wconf 88' lang='lat' dir='ltr'>Rom.</span> <span class='ocrx_word' id='word_1_61' title='bbox 505 1026 582 1106; x_wconf 91' lang='lat' dir='ltr'>lmp.</span> <span class='ocrx_word' id='word_1_62' title='bbox 614 1026 880 1106; x_wconf 79' lang='lat' dir='ltr'>Archimarscalco</span> <span class='ocrx_word' id='word_1_63' title='bbox 911 1026 1044 1106; x_wconf 89' lang='lat' dir='ltr'>Principi</span> 
     </span>
     <span class='ocr_line' id='line_1_10' title="bbox 120 1108 1045 1192; baseline 0 -23"><span class='ocrx_word' id='word_1_64' title='bbox 120 1109 258 1170; x_wconf 79' lang='lat' dir='ltr'>Electori</span> <span class='ocrx_word' id='word_1_65' title='bbox 281 1117 312 1170; x_wconf 91' lang='lat' dir='ltr'>et</span> <span class='ocrx_word' id='word_1_66' title='bbox 332 1111 363 1169; x_wconf 92' lang='lat' dir='ltr'>in</span> <span class='ocrx_word' id='word_1_67' title='bbox 380 1109 564 1192; x_wconf 85' lang='lat' dir='ltr'>regionibus</span> <span class='ocrx_word' id='word_1_68' title='bbox 587 1108 733 1170; x_wconf 68' lang='lat' dir='ltr'>saxonici</span> <span class='ocrx_word' id='word_1_69' title='bbox 754 1111 836 1190; x_wconf 88' lang='lat' dir='ltr'>regis</span> <span class='ocrx_word' id='word_1_70' title='bbox 855 1109 991 1183; x_wconf 90' lang='lat' dir='ltr'>Vicario,</span> <span class='ocrx_word' id='word_1_71' title='bbox 1015 1116 1045 1169; x_wconf 87' lang='lat' dir='ltr'>et</span> 
     </span>
     <span class='ocr_line' id='line_1_11' title="bbox 120 1191 1046 1274; baseline 0 -23"><span class='ocrx_word' id='word_1_72' title='bbox 120 1193 151 1252; x_wconf 90' lang='lat' dir='ltr'>iu</span> <span class='ocrx_word' id='word_1_73' title='bbox 183 1193 291 1253; x_wconf 89' lang='lat' dir='ltr'>ultima</span> <span class='ocrx_word' id='word_1_74' title='bbox 326 1195 441 1273; x_wconf 86' lang='lat' dir='ltr'>pagina</span> <span class='ocrx_word' id='word_1_75' title='bbox 476 1193 542 1272; x_wconf 90' lang='lat' dir='ltr'>pari</span> <span class='ocrx_word' id='word_1_76' title='bbox 576 1193 697 1252; x_wconf 89' lang='lat' dir='ltr'>ratione</span> <span class='ocrx_word' id='word_1_77' title='bbox 725 1193 876 1274; x_wconf 91' lang='lat' dir='ltr'>impressa</span> <span class='ocrx_word' id='word_1_78' title='bbox 902 1191 1046 1272; x_wconf 79' lang='lat' dir='ltr'>leguntur</span> 
     </span>
     <span class='ocr_line' id='line_1_12' title="bbox 120 1274 690 1337; baseline -0.002 -1"><span class='ocrx_word' id='word_1_79' title='bbox 120 1275 213 1336; x_wconf 89' lang='lat' dir='ltr'>haec:</span> <span class='ocrx_word' id='word_1_80' title='bbox 257 1276 392 1337; x_wconf 91' lang='lat' dir='ltr'>Domino</span> <span class='ocrx_word' id='word_1_81' title='bbox 415 1295 471 1336; x_wconf 86' lang='lat' dir='ltr'>suo</span> <span class='ocrx_word' id='word_1_82' title='bbox 495 1274 690 1335; x_wconf 87' lang='lat' dir='ltr'>Clementiss.</span> 
     </span>
    </p>

    <p class='ocr_par' dir='ltr' id='par_1_3' title="bbox 121 1356 1043 1526">
     <span class='ocr_line' id='line_1_13' title="bbox 203 1356 1043 1439; baseline 0 -21"><span class='ocrx_word' id='word_1_83' title='bbox 203 1357 274 1418; x_wconf 79' lang='lat' dir='ltr'>Alia</span> <span class='ocrx_word' id='word_1_84' title='bbox 295 1358 383 1419; x_wconf 92' lang='lat' dir='ltr'>huius</span> <span class='ocrx_word' id='word_1_85' title='bbox 413 1357 509 1418; x_wconf 82' lang='lat' dir='ltr'>libelli</span> <span class='ocrx_word' id='word_1_86' title='bbox 528 1357 622 1418; x_wconf 91' lang='lat' dir='ltr'>editio</span> <span class='ocrx_word' id='word_1_87' title='bbox 637 1356 795 1439; x_wconf 78' lang='lat' dir='ltr'>originalis</span> <span class='ocrx_word' id='word_1_88' title='bbox 812 1359 842 1417; x_wconf 91' lang='lat' dir='ltr'>in</span> <span class='ocrx_word' id='word_1_89' title='bbox 857 1357 957 1417; x_wconf 91' lang='lat' dir='ltr'>lucem</span> <span class='ocrx_word' id='word_1_90' title='bbox 974 1374 1043 1437; x_wconf 88' lang='lat' dir='ltr'>pro-</span> 
     </span>
     <span class='ocr_line' id='line_1_14' title="bbox 121 1440 613 1526; baseline -0.004 -24"><span class='ocrx_word' id='word_1_91' title='bbox 121 1441 178 1502; x_wconf 88' lang='lat' dir='ltr'>diit</span> <span class='ocrx_word' id='word_1_92' title='bbox 197 1440 321 1521; x_wconf 83' lang='lat' dir='ltr'>Lipsiae</span> <span class='ocrx_word' id='word_1_93' title='bbox 342 1441 398 1502; x_wconf 89' lang='lat' dir='ltr'>sub</span> <span class='ocrx_word' id='word_1_94' title='bbox 420 1440 613 1526; x_wconf 71' lang='lat' dir='ltr'>hoatitulo:</span> 
     </span>
    </p>

    <p class='ocr_par' dir='ltr' id='par_1_4' title="bbox 204 1521 1044 1604">
     <span class='ocr_line' id='line_1_15' title="bbox 204 1521 1044 1604; baseline -0.005 -19"><span class='ocrx_word' id='word_1_95' title='bbox 204 1525 379 1604; x_wconf 83' lang='lat' dir='ltr'>Disputatio</span> <span class='ocrx_word' id='word_1_96' title='bbox 413 1531 444 1583; x_wconf 89' lang='lat' dir='ltr'>et</span> <span class='ocrx_word' id='word_1_97' title='bbox 476 1523 633 1583; x_wconf 85' lang='lat' dir='ltr'>excusatio</span> <span class='ocrx_word' id='word_1_98' title='bbox 657 1523 771 1584; x_wconf 86' lang='lat' dir='ltr'>Fratris</span> <span class='ocrx_word' id='word_1_99' title='bbox 793 1523 951 1583; x_wconf 85' lang='lat' dir='ltr'>Martini</span> <span class='ocrx_word' id='word_1_100' title='bbox 973 1521 1044 1582; x_wconf 87' lang='lat' dir='ltr'>Lu-</span> 
     </span>
    </p>
   </div>
   <div class='ocr_carea' id='block_1_3' title="bbox 33 1605 1043 1682">
    <p class='ocr_par' dir='ltr' id='par_1_5' title="bbox 33 1605 1043 1682">
     <span class='ocr_line' id='line_1_16' title="bbox 33 1605 1043 1682; baseline -0.002 -14"><span class='ocrx_word' id='word_1_101' title='bbox 33 1674 36 1679; x_wconf 45' lang='lat'>,</span> <span class='ocrx_word' id='word_1_102' title='bbox 121 1608 206 1668; x_wconf 91' lang='lat' dir='ltr'>ther</span> <span class='ocrx_word' id='word_1_103' title='bbox 229 1606 376 1667; x_wconf 86' lang='lat' dir='ltr'>adversus</span> <span class='ocrx_word' id='word_1_104' title='bbox 399 1606 636 1667; x_wconf 74' lang='lat' dir='ltr'>criminationes</span> <span class='ocrx_word' id='word_1_105' title='bbox 658 1607 695 1666; x_wconf 89' lang='lat' dir='ltr'>D.</span> <span class='ocrx_word' id='word_1_106' title='bbox 718 1606 869 1667; x_wconf 85' lang='lat' dir='ltr'>Johannis</span> <span class='ocrx_word' id='word_1_107' title='bbox 892 1605 977 1664; x_wconf 83' lang='lat' dir='ltr'>Eccii</span> <span class='ocrx_word' id='word_1_108' title='bbox 1001 1608 1043 1682; x_wconf 82' lang='lat' dir='ltr'>(s.</span> 
     </span>
    </p>
   </div>
   <div class='ocr_carea' id='block_1_4' title="bbox 68 1685 1070 2430">
    <p class='ocr_par' dir='ltr' id='par_1_6' title="bbox 68 1685 1043 1838">
     <span class='ocr_line' id='line_1_17' title="bbox 68 1685 1043 1832; baseline -0.002 -82"><span class='ocrx_word' id='word_1_109' title='bbox 68 1705 71 1709; x_wconf 76' lang='grc'><em>’</em></span> <span class='ocrx_word' id='word_1_110' title='bbox 119 1690 141 1832; x_wconf 47' lang='lat' dir='ltr'>h</span> <span class='ocrx_word' id='word_1_111' title='bbox 173 1690 295 1770; x_wconf 83' lang='lat' dir='ltr'>insigne</span> <span class='ocrx_word' id='word_1_112' title='bbox 330 1690 453 1750; x_wconf 88' lang='lat' dir='ltr'>Valent.</span> <span class='ocrx_word' id='word_1_113' title='bbox 493 1689 669 1751; x_wconf 76' lang='lat' dir='ltr'>Schumann</span> <span class='ocrx_word' id='word_1_114' title='bbox 707 1689 726 1749; x_wconf 93' lang='lat' dir='ltr'>i.</span> <span class='ocrx_word' id='word_1_115' title='bbox 759 1708 785 1752; x_wconf 87' lang='lat' dir='ltr'>e.</span> <span class='ocrx_word' id='word_1_116' title='bbox 815 1685 966 1770; x_wconf 86' lang='lat' dir='ltr'>Lipsiae).</span> <span class='ocrx_word' id='word_1_117' title='bbox 1010 1689 1043 1748; x_wconf 93' lang='lat' dir='ltr'>ln</span> 
     </span>
     <span class='ocr_line' id='line_1_18' title="bbox 143 1775 788 1838; baseline 0 -5"><span class='ocrx_word' id='word_1_118' title='bbox 143 1793 196 1834; x_wconf 91' lang='lat' dir='ltr'>ne:</span> <span class='ocrx_word' id='word_1_119' title='bbox 222 1776 311 1838; x_wconf 77' lang='lat'>1519.</span> <span class='ocrx_word' id='word_1_120' title='bbox 334 1775 363 1835; x_wconf 84' lang='lat'>4.</span> <span class='ocrx_word' id='word_1_121' title='bbox 598 1815 605 1821; x_wconf 86' lang='lat'>-</span> <span class='ocrx_word' id='word_1_122' title='bbox 771 1803 788 1821; x_wconf 85' lang='lat'>-·</span> 
     </span>
    </p>

    <p class='ocr_par' dir='ltr' id='par_1_7' title="bbox 203 1852 1044 1935">
     <span class='ocr_line' id='line_1_19' title="bbox 203 1852 1044 1935; baseline -0.001 -20"><span class='ocrx_word' id='word_1_123' title='bbox 203 1856 320 1916; x_wconf 84' lang='lat' dir='ltr'>Panzer</span> <span class='ocrx_word' id='word_1_124' title='bbox 340 1855 421 1917; x_wconf 86' lang='lat' dir='ltr'>Anu.</span> <span class='ocrx_word' id='word_1_125' title='bbox 444 1862 508 1935; x_wconf 80' lang='lat' dir='ltr'>typ.</span> <span class='ocrx_word' id='word_1_126' title='bbox 530 1854 598 1932; x_wconf 89' lang='lat' dir='ltr'>Vll,</span> <span class='ocrx_word' id='word_1_127' title='bbox 621 1856 691 1919; x_wconf 82' lang='lat'>209.</span> <span class='ocrx_word' id='word_1_128' title='bbox 713 1874 742 1915; x_wconf 89' lang='lat' dir='ltr'>v.</span> <span class='ocrx_word' id='word_1_129' title='bbox 766 1853 795 1915; x_wconf 89' lang='lat' dir='ltr'>d.</span> <span class='ocrx_word' id='word_1_130' title='bbox 816 1852 977 1935; x_wconf 79' lang='lat' dir='ltr'>Hardtlli,</span> <span class='ocrx_word' id='word_1_131' title='bbox 994 1855 1044 1918; x_wconf 92' lang='lat'>22.</span> 
     </span>
    </p>

    <p class='ocr_par' dir='ltr' id='par_1_8' title="bbox 120 1933 1070 2430">
     <span class='ocr_line' id='line_1_20' title="bbox 204 1933 1070 2020; baseline -0.005 -20"><span class='ocrx_word' id='word_1_132' title='bbox 204 1933 312 2000; x_wconf 66' lang='lat' dir='ltr'>latine</span> <span class='ocrx_word' id='word_1_133' title='bbox 335 1939 445 2020; x_wconf 89' lang='lat' dir='ltr'>legitur</span> <span class='ocrx_word' id='word_1_134' title='bbox 466 1938 517 1998; x_wconf 87' lang='lat' dir='ltr'>hio</span> <span class='ocrx_word' id='word_1_135' title='bbox 539 1936 662 1997; x_wconf 87' lang='lat' dir='ltr'>libellus</span> <span class='ocrx_word' id='word_1_136' title='bbox 694 1937 725 1996; x_wconf 90' lang='lat' dir='ltr'>iu</span> <span class='ocrx_word' id='word_1_137' title='bbox 754 1935 823 1999; x_wconf 89' lang='lat' dir='ltr'>coll.</span> <span class='ocrx_word' id='word_1_138' title='bbox 855 1935 939 2016; x_wconf 83' lang='lat' dir='ltr'>opp.</span> <span class='ocrx_word' id='word_1_139' title='bbox 957 1936 1044 1997; x_wconf 85' lang='lat' dir='ltr'>Luth.</span> <span class='ocrx_word' id='word_1_140' title='bbox 1068 1984 1070 1989; x_wconf 61' lang='grc'>,</span> 
     </span>
     <span class='ocr_line' id='line_1_21' title="bbox 120 2016 1046 2102; baseline -0.002 -20"><span class='ocrx_word' id='word_1_141' title='bbox 120 2021 248 2083; x_wconf 75' lang='lat' dir='ltr'>lenensi</span> <span class='ocrx_word' id='word_1_142' title='bbox 262 2022 286 2099; x_wconf 88' lang='lat' dir='ltr'>I,</span> <span class='ocrx_word' id='word_1_143' title='bbox 308 2042 338 2102; x_wconf 90' lang='lat' dir='ltr'>p.</span> <span class='ocrx_word' id='word_1_144' title='bbox 362 2023 422 2085; x_wconf 84' lang='lat'>239</span> <span class='ocrx_word' id='word_1_145' title='bbox 444 2039 522 2100; x_wconf 83' lang='lat' dir='ltr'>sqq,</span> <span class='ocrx_word' id='word_1_146' title='bbox 540 2019 691 2080; x_wconf 87' lang='lat' dir='ltr'>Wittenb.</span> <span class='ocrx_word' id='word_1_147' title='bbox 713 2019 725 2079; x_wconf 99' lang='grc' dir='ltr'>Ι</span> <span class='ocrx_word' id='word_1_148' title='bbox 747 2020 852 2099; x_wconf 76' lang='lat' dir='ltr'>pato</span> <span class='ocrx_word' id='word_1_149' title='bbox 874 2038 941 2100; x_wconf 89' lang='lat' dir='ltr'>sqq.</span> <span class='ocrx_word' id='word_1_150' title='bbox 963 2016 1046 2081; x_wconf 89' lang='lat' dir='ltr'>Loc-</span> 
     </span>
     <span class='ocr_line' id='line_1_22' title="bbox 122 2100 1044 2186; baseline -0.003 -22"><span class='ocrx_word' id='word_1_151' title='bbox 122 2104 376 2165; x_wconf 82' lang='lat' dir='ltr'>scherReiorm.</span> <span class='ocrx_word' id='word_1_152' title='bbox 404 2106 472 2165; x_wconf 85' lang='lat' dir='ltr'>Act.</span> <span class='ocrx_word' id='word_1_153' title='bbox 503 2103 559 2181; x_wconf 84' lang='grc' dir='ltr'>ΙΙΙ,</span> <span class='ocrx_word' id='word_1_154' title='bbox 582 2103 642 2166; x_wconf 83' lang='grc'>563</span> <span class='ocrx_word' id='word_1_155' title='bbox 665 2120 731 2181; x_wconf 89' lang='lat' dir='ltr'>sqq.</span> <span class='ocrx_word' id='word_1_156' title='bbox 757 2100 846 2186; x_wconf 87' lang='grc'><strong>(212.</strong></span> <span class='ocrx_word' id='word_1_157' title='bbox 869 2102 961 2180; x_wconf 82' lang='grc'><strong>814),</strong></span> <span class='ocrx_word' id='word_1_158' title='bbox 996 2103 1044 2179; x_wconf 88' lang='lat' dir='ltr'>(in</span> 
     </span>
     <span class='ocr_line' id='line_1_23' title="bbox 121 2182 1042 2267; baseline -0.004 -19"><span class='ocrx_word' id='word_1_159' title='bbox 121 2187 245 2250; x_wconf 85' lang='lat' dir='ltr'>collect.</span> <span class='ocrx_word' id='word_1_160' title='bbox 266 2187 429 2248; x_wconf 85' lang='lat' dir='ltr'>Basiliansi</span> <span class='ocrx_word' id='word_1_161' title='bbox 449 2185 611 2248; x_wconf 87' lang='lat' dir='ltr'>Lucubrst.</span> <span class='ocrx_word' id='word_1_162' title='bbox 638 2184 726 2245; x_wconf 86' lang='lat' dir='ltr'>Lutb.</span> <span class='ocrx_word' id='word_1_163' title='bbox 750 2188 830 2251; x_wconf 74' lang='lat'>1520</span> <span class='ocrx_word' id='word_1_164' title='bbox 861 2182 1042 2267; x_wconf 69' lang='lat' dir='ltr'>(nudatio)</span> 
     </span>
     <span class='ocr_line' id='line_1_24' title="bbox 122 2268 1045 2332; baseline -0.003 -1"><span class='ocrx_word' id='word_1_165' title='bbox 122 2270 335 2331; x_wconf 81' lang='lat' dir='ltr'>tautummodo</span> <span class='ocrx_word' id='word_1_166' title='bbox 369 2270 600 2332; x_wconf 90' lang='lat' dir='ltr'>Positiones</span> <span class='ocrx_word' id='word_1_167' title='bbox 627 2268 786 2328; x_wconf 84' lang='lat' dir='ltr'>Lutheri</span> <span class='ocrx_word' id='word_1_168' title='bbox 815 2275 949 2329; x_wconf 89' lang='lat' dir='ltr'>contra</span> <span class='ocrx_word' id='word_1_169' title='bbox 980 2286 1045 2328; x_wconf 92' lang='lat' dir='ltr'>no·</span> 
     </span>
     <span class='ocr_line' id='line_1_25' title="bbox 121 2349 1044 2430; baseline -0.003 -17"><span class='ocrx_word' id='word_1_170' title='bbox 121 2372 191 2413; x_wconf 88' lang='lat' dir='ltr'>vos</span> <span class='ocrx_word' id='word_1_171' title='bbox 213 2359 251 2413; x_wconf 91' lang='lat' dir='ltr'>et</span> <span class='ocrx_word' id='word_1_172' title='bbox 271 2359 433 2414; x_wconf 87' lang='lat' dir='ltr'>veteres</span> <span class='ocrx_word' id='word_1_173' title='bbox 455 2370 608 2412; x_wconf 90' lang='lat' dir='ltr'>errores</span> <span class='ocrx_word' id='word_1_174' title='bbox 630 2351 769 2412; x_wconf 86' lang='lat' dir='ltr'>redditae</span> <span class='ocrx_word' id='word_1_175' title='bbox 796 2354 897 2430; x_wconf 91' lang='lat' dir='ltr'>sunt),</span> <span class='ocrx_word' id='word_1_176' title='bbox 920 2349 1044 2412; x_wconf 82' lang='lat' dir='ltr'>Germa-</span> 
     </span>
    </p>
   </div>
   <div class='ocr_carea' id='block_1_5' title="bbox 123 2435 730 2517">
    <p class='ocr_par' dir='ltr' id='par_1_9' title="bbox 123 2435 730 2517">
     <span class='ocr_line' id='line_1_26' title="bbox 123 2435 730 2517; baseline -0.008 -20"><span class='ocrx_word' id='word_1_177' title='bbox 123 2437 192 2497; x_wconf 89' lang='lat' dir='ltr'>nice</span> <span class='ocrx_word' id='word_1_178' title='bbox 215 2456 265 2517; x_wconf 86' lang='lat' dir='ltr'>ap.</span> <span class='ocrx_word' id='word_1_179' title='bbox 287 2435 409 2498; x_wconf 90' lang='lat' dir='ltr'>Walch.</span> <span class='ocrx_word' id='word_1_180' title='bbox 432 2435 498 2513; x_wconf 89' lang='lat' dir='ltr'>XV,</span> <span class='ocrx_word' id='word_1_181' title='bbox 522 2435 582 2500; x_wconf 79' lang='lat'>974</span> <span class='ocrx_word' id='word_1_182' title='bbox 604 2452 671 2515; x_wconf 90' lang='lat' dir='ltr'>sqq.</span> <span class='ocrx_word' id='word_1_183' title='bbox 693 2470 730 2479; x_wconf 91' lang='lat'><strong>—</strong></span> 
     </span>
    </p>
   </div>
   <div class='ocr_carea' id='block_1_6' title="bbox 172 2861 878 2987">
    <p class='ocr_par' dir='ltr' id='par_1_10' title="bbox 172 2861 878 2987">
     <span class='ocr_line' id='line_1_27' title="bbox 172 2861 878 2987; baseline -0.006 -26"><span class='ocrx_word' id='word_1_184' title='bbox 172 2884 174 2891; x_wconf 83' lang='grc'><strong>’</strong></span> <span class='ocrx_word' id='word_1_185' title='bbox 289 2863 541 2987; x_wconf 86' lang='lat' dir='ltr'>Disputatio</span> <span class='ocrx_word' id='word_1_186' title='bbox 572 2868 616 2961; x_wconf 91' lang='lat' dir='ltr'>ot</span> <span class='ocrx_word' id='word_1_187' title='bbox 642 2861 878 2959; x_wconf 81' lang='lat' dir='ltr'>Excusatio</span> 
     </span>
    </p>
   </div>
   <div class='ocr_carea' id='block_1_7' title="bbox 122 3023 1046 3198">
    <p class='ocr_par' dir='ltr' id='par_1_11' title="bbox 122 3023 1046 3198">
     <span class='ocr_line' id='line_1_28' title="bbox 122 3023 1046 3120; baseline -0.012 0"><span class='ocrx_word' id='word_1_188' title='bbox 122 3053 156 3120; x_wconf 75' lang='lat' dir='ltr'>F.</span> <span class='ocrx_word' id='word_1_189' title='bbox 178 3053 311 3115; x_wconf 73' lang='lat' dir='ltr'>Martini</span> <span class='ocrx_word' id='word_1_190' title='bbox 338 3053 466 3116; x_wconf 84' lang='lat' dir='ltr'>Lnthsri</span> <span class='ocrx_word' id='word_1_191' title='bbox 500 3055 649 3115; x_wconf 86' lang='lat' dir='ltr'>advorsus</span> <span class='ocrx_word' id='word_1_192' title='bbox 682 3050 910 3113; x_wconf 83' lang='lat' dir='ltr'>criminationes</span> <span class='ocrx_word' id='word_1_193' title='bbox 938 3049 975 3110; x_wconf 85' lang='lat' dir='ltr'>D.</span> <span class='ocrx_word' id='word_1_194' title='bbox 995 3023 1046 3110; x_wconf 72' lang='lat' dir='ltr'>lo·</span> 
     </span>
     <span class='ocr_line' id='line_1_29' title="bbox 469 3133 695 3198; baseline -0.009 -1"><span class='ocrx_word' id='word_1_195' title='bbox 469 3136 580 3197; x_wconf 88' lang='lat' dir='ltr'>hannis</span> <span class='ocrx_word' id='word_1_196' title='bbox 601 3133 695 3198; x_wconf 75' lang='lat' dir='ltr'>Decii.</span> 
     </span>
    </p>
   </div>
   <div class='ocr_carea' id='block_1_8' title="bbox 245 3276 920 3365">
    <p class='ocr_par' dir='ltr' id='par_1_12' title="bbox 245 3276 920 3365">
     <span class='ocr_line' id='line_1_30' title="bbox 245 3276 920 3365; baseline -0.009 -15"><span class='ocrx_word' id='word_1_197' title='bbox 245 3290 281 3351; x_wconf 90' lang='lat' dir='ltr'>D.</span> <span class='ocrx_word' id='word_1_198' title='bbox 304 3287 452 3352; x_wconf 83' lang='lat' dir='ltr'>Martinus</span> <span class='ocrx_word' id='word_1_199' title='bbox 473 3287 585 3347; x_wconf 89' lang='lat' dir='ltr'>Luther</span> <span class='ocrx_word' id='word_1_200' title='bbox 608 3285 724 3365; x_wconf 88' lang='lat' dir='ltr'>optimo</span> <span class='ocrx_word' id='word_1_201' title='bbox 746 3276 868 3344; x_wconf 87' lang='lat' dir='ltr'>Lectori</span> <span class='ocrx_word' id='word_1_202' title='bbox 890 3281 920 3344; x_wconf 80' lang='lat' dir='ltr'>S.</span> 
     </span>
    </p>
   </div>
   <div class='ocr_carea' id='block_1_9' title="bbox 121 3435 1046 3853">
    <p class='ocr_par' dir='ltr' id='par_1_13' title="bbox 121 3435 1046 3853">
     <span class='ocr_line' id='line_1_31' title="bbox 186 3435 1046 3514; baseline -0.012 -12"><span class='ocrx_word' id='word_1_203' title='bbox 186 3443 297 3503; x_wconf 81' lang='lat' dir='ltr'>Eccius</span> <span class='ocrx_word' id='word_1_204' title='bbox 320 3461 405 3502; x_wconf 92' lang='lat' dir='ltr'>meus</span> <span class='ocrx_word' id='word_1_205' title='bbox 428 3440 577 3514; x_wconf 84' lang='lat' dir='ltr'>irascitur,</span> <span class='ocrx_word' id='word_1_206' title='bbox 600 3438 640 3496; x_wconf 93' lang='lat' dir='ltr'>mi</span> <span class='ocrx_word' id='word_1_207' title='bbox 657 3437 770 3513; x_wconf 86' lang='lat' dir='ltr'>lector,</span> <span class='ocrx_word' id='word_1_208' title='bbox 792 3435 1046 3512; x_wconf 88' lang='lat' dir='ltr'>consecravitque</span> 
     </span>
     <span class='ocr_line' id='line_1_32' title="bbox 124 3515 1045 3606; baseline -0.012 -20"><span class='ocrx_word' id='word_1_209' title='bbox 124 3524 189 3586; x_wconf 89' lang='lat' dir='ltr'>sedi</span> <span class='ocrx_word' id='word_1_210' title='bbox 212 3523 405 3606; x_wconf 87' lang='lat' dir='ltr'>spostolicae</span> <span class='ocrx_word' id='word_1_211' title='bbox 427 3522 519 3583; x_wconf 87' lang='lat' dir='ltr'>aliam</span> <span class='ocrx_word' id='word_1_212' title='bbox 542 3519 758 3601; x_wconf 86' lang='lat' dir='ltr'>disputationis</span> <span class='ocrx_word' id='word_1_213' title='bbox 786 3517 948 3596; x_wconf 87' lang='lat' dir='ltr'>schedam,</span> <span class='ocrx_word' id='word_1_214' title='bbox 981 3515 1045 3595; x_wconf 92' lang='lat' dir='ltr'>ple·</span> 
     </span>
     <span class='ocr_line' id='line_1_33' title="bbox 124 3599 1046 3679; baseline -0.011 -11"><span class='ocrx_word' id='word_1_215' title='bbox 124 3627 198 3670; x_wconf 90' lang='lat' dir='ltr'>nam</span> <span class='ocrx_word' id='word_1_216' title='bbox 225 3609 290 3669; x_wconf 90' lang='lat' dir='ltr'>irae</span> <span class='ocrx_word' id='word_1_217' title='bbox 326 3625 400 3667; x_wconf 90' lang='lat' dir='ltr'>suae</span> <span class='ocrx_word' id='word_1_218' title='bbox 431 3613 463 3664; x_wconf 85' lang='lat' dir='ltr'>et</span> <span class='ocrx_word' id='word_1_219' title='bbox 491 3604 714 3663; x_wconf 87' lang='lat' dir='ltr'>criminationis</span> <span class='ocrx_word' id='word_1_220' title='bbox 753 3603 830 3678; x_wconf 87' lang='lat' dir='ltr'>mei,</span> <span class='ocrx_word' id='word_1_221' title='bbox 873 3599 1046 3679; x_wconf 88' lang='lat' dir='ltr'>adiecitque</span> 
     </span>
     <span class='ocr_line' id='line_1_34' title="bbox 123 3684 1043 3772; baseline -0.012 -20"><span class='ocrx_word' id='word_1_222' title='bbox 123 3691 274 3772; x_wconf 86' lang='lat' dir='ltr'>prioribus</span> <span class='ocrx_word' id='word_1_223' title='bbox 297 3687 560 3770; x_wconf 87' lang='lat' dir='ltr'>propositionibus</span> <span class='ocrx_word' id='word_1_224' title='bbox 583 3705 686 3764; x_wconf 89' lang='lat' dir='ltr'>unam,</span> <span class='ocrx_word' id='word_1_225' title='bbox 708 3686 829 3746; x_wconf 75' lang='lat' dir='ltr'>fortiter</span> <span class='ocrx_word' id='word_1_226' title='bbox 848 3684 1043 3761; x_wconf 88' lang='lat' dir='ltr'>irascentem,</span> 
     </span>
     <span class='ocr_line' id='line_1_35' title="bbox 121 3764 1040 3853; baseline -0.011 -17"><span class='ocrx_word' id='word_1_227' title='bbox 121 3775 183 3838; x_wconf 86' lang='lat' dir='ltr'>hoc</span> <span class='ocrx_word' id='word_1_228' title='bbox 203 3781 268 3853; x_wconf 87' lang='lat' dir='ltr'>est,</span> <span class='ocrx_word' id='word_1_229' title='bbox 297 3774 355 3834; x_wconf 89' lang='lat' dir='ltr'>nisi</span> <span class='ocrx_word' id='word_1_230' title='bbox 376 3772 515 3833; x_wconf 86' lang='lat' dir='ltr'>timerem</span> <span class='ocrx_word' id='word_1_231' title='bbox 538 3769 739 3852; x_wconf 90' lang='lat' dir='ltr'>disputationi</span> <span class='ocrx_word' id='word_1_232' title='bbox 768 3769 888 3830; x_wconf 77' lang='lat' dir='ltr'>futurae</span> <span class='ocrx_word' id='word_1_233' title='bbox 913 3764 1040 3848; x_wconf 88' lang='lat' dir='ltr'>impedi-</span> 
     </span>
    </p>
   </div>
   <div class='ocr_carea' id='block_1_10' title="bbox 0 0 1178 4208">
    <p class='ocr_par' dir='ltr' id='par_1_14' title="bbox 0 0 1178 4208">
     <span class='ocr_line' id='line_1_36' title="bbox 0 0 1178 4208; baseline 0 0"><span class='ocrx_word' id='word_1_234' title='bbox 0 0 1178 4208; x_wconf 95' lang='lat' dir='ltr'> </span> 
     </span>
    </p>
   </div>
  </div>
 </body>
</html>
