2346 4208
120 255 186 324 luo
394 259 550 329 naama
568 257 604 312 n.
619 258 657 313 ι
676 258 790 314 uuas

120 450 244 505 etcum
267 443 578 523 fueritdeprebensus
600 443 693 504 dicit:
715 443 839 504 Ludens
860 444 947 507 fecit.
969 444 1046 508 Can

121 526 190 608 rigis
211 526 281 602 illis,
303 527 385 606 qued
408 527 543 588 eiusdem
570 533 616 591 ll.
638 526 760 590 dicitnr:
784 527 817 588 ln
840 527 964 590 insidiis
985 532 1047 591 suis

121 610 281 689 capientur
303 612 408 690 iniqui.
454 611 492 672 Et
513 610 588 672 illud
608 610 689 671 Psal.
711 612 746 673 9:
768 610 803 671 lu
816 611 965 690 operibus
987 633 1047 674 rna·

123 713 216 755 uuum
238 713 360 754 suarum
373 695 614 773 comprehensus
636 702 684 754 est
705 703 863 773 peccator.
908 693 944 756 Si
968 698 1048 758 enim

123 776 334 857 expostulem,
371 798 423 838 cur
455 777 516 838 bac
538 779 672 858 pessimo
701 777 868 838 haeresees
890 778 1050 841 inauditae

122 861 248 922 nomine
261 880 309 920 me
328 859 526 939 traduxerint,
548 859 794 932 respondebunt:
816 859 891 923 Non
910 861 1051 941 fecimus,

124 942 178 1005 sed
201 942 361 1005 docuimus
383 945 529 1023 populum
565 944 727 1019 salutaria,
761 950 792 1003 et
823 943 885 1004 alia
918 953 1049 1025 agentes

124 1025 204 1088 baec
218 1025 359 1104 diximus,
382 1027 485 1104 idest,
509 1027 648 1088 ludentes
662 1027 801 1087 fecimus.
843 1027 890 1088 lta
908 1028 1050 1090 effecisse

122 1118 267 1190 eperunt,
295 1118 328 1170 ut
357 1131 405 1172 me
428 1112 518 1172 simul
540 1110 752 1172 detestabilem
774 1108 986 1190 reddiderint,
1022 1120 1051 1173 et

126 1199 228 1254 tamen
252 1192 340 1254 huius
365 1195 489 1255 sceleris
512 1215 530 1254 a
553 1213 602 1255 me
624 1193 761 1254 accusari
785 1213 848 1253 nen
872 1197 1006 1273 possint.

210 1274 320 1336 Verum
345 1276 440 1338 defuit
461 1276 623 1358 prudentia
651 1276 769 1336 miseris
792 1284 823 1336 et
849 1276 975 1339 obtusis
996 1279 1050 1340 bc-

124 1356 272 1434 minibus,
294 1378 355 1439 qua
379 1362 476 1422 minus
498 1361 557 1421 hac
578 1361 696 1421 malitia
716 1359 888 1421 fruerentur
909 1360 1049 1438 feliciter,

123 1441 281 1503 canviucit
309 1463 363 1504 eus
387 1446 541 1524 proprium
564 1463 611 1504 us.
655 1443 716 1503 Cur
748 1443 829 1502 euim
864 1444 1049 1507 venabulum

126 1543 237 1600 meum,
260 1526 519 1604 quodvernacula
543 1526 607 1586 dixi
620 1526 744 1601 tradita,
767 1531 798 1584 et
809 1524 853 1584 illi
865 1525 965 1587 latine
986 1528 1050 1588 red

125 1604 209 1682 dunt,
232 1609 409 1688 partialiter,
434 1619 493 1670 tam
517 1611 610 1670 euxia
623 1611 740 1669 iactant
761 1614 792 1668 et
813 1607 874 1668 buc
895 1615 1050 1689 torquent,

125 1709 165 1752 ue
189 1690 339 1753 Christum
363 1694 531 1773 partialiter
564 1692 670 1775 populi
697 1690 873 1770 intelligant
902 1711 974 1754 esse
996 1694 1050 1755 sub

125 1792 186 1834 uua
206 1775 319 1854 specie,
342 1776 399 1836 uisi
413 1775 495 1855 quad
510 1777 670 1836 manifeste
685 1773 829 1855 produnt,
852 1794 916 1835 nou
933 1783 1049 1838 tantum

125 1855 246 1953 populis
269 1878 302 1920 se
324 1858 424 1938 loqui,
457 1859 511 1920 sed
540 1859 631 1919 simul
660 1875 833 1918 sermonem
867 1878 971 1919 meum
995 1861 1051 1921 hac

127 1939 238 2020 insigni
261 1941 380 2002 haeresi
403 1944 613 2003 contaminare
631 1941 775 2007 voluisse,
797 1943 883 2017 quasi
907 1961 969 2023 ego
992 1944 1051 2005 hnc

127 2020 175 2083 vel
200 2041 236 2083 ca
261 2025 359 2085 iterim
383 2045 526 2105 unquam,
550 2033 602 2085 aut
623 2026 681 2104 ipsi
699 2043 737 2084 ex
757 2023 857 2082 verbis
879 2027 958 2085 meis
983 2046 1049 2106 pns-

126 2105 187 2165 sint
209 2041 271 2167 ulie
296 2107 389 2168 mede
413 2109 569 2189 colligere.
614 2106 693 2181 Quin
716 2107 819 2186 potius
849 2113 953 2168 certus
975 2130 1050 2186 sum,

125 2205 180 2250 sos
200 2208 269 2250 mea
288 2191 390 2269 verba,
414 2212 481 2251 eum
507 2192 780 2271 sintapertissima‚
804 2189 1049 2253 desacramentu

125 2290 179 2331 seu
209 2273 384 2352 speciebus,
422 2295 482 2336 non
517 2276 556 2335 de
579 2293 708 2353 corpore
731 2272 843 2332 Christi
878 2274 1048 2353 loquentia,

127 2372 186 2413 uon
211 2356 299 2418 aliter
311 2358 509 2436 intellexisse,
534 2357 676 2436 quamde
698 2355 870 2435 speciebus,
894 2365 926 2417 et
943 2365 1045 2420 tamen

123 2437 233 2516 insigni
257 2441 488 2520 impudentique
511 2442 647 2520 nequitia
668 2441 698 2499 in
722 2439 825 2499 odium
845 2442 905 2502 mei
930 2461 969 2502 ea
990 2449 1048 2503 tnr-

145 2527 231 2598 usnt,
266 2522 305 2584 ad
329 2544 392 2583 rem
415 2526 614 2600 sacramenti,
647 2543 701 2585 seu
729 2521 768 2582 ad
791 2540 903 2601 carpus
928 2524 1048 2586 Christi.

124 2537 215 2681 Cuia,
246 2624 339 2686 rugo,
368 2608 602 2669 honestissimos
633 2606 689 2666 has
711 2606 793 2664 viras
816 2625 878 2665 nnn
903 2608 1047 2668 miretur?

125 2684 199 2760 Quis
221 2694 317 2749 artem
340 2710 402 2751 nen
426 2690 530 2751 laudet
562 2699 622 2752 tam
658 2687 823 2748 eximiam?
856 2690 957 2767 quiin
980 2711 1047 2770 pro·

127 2768 200 2828 ximi
226 2774 390 2848 perniciem
417 2795 479 2834 nun
503 2782 646 2834 verentur
669 2778 755 2831 tanto
778 2770 879 2831 studio
900 2775 1049 2853 populum

126 2851 370 2916 mendacissimis
408 2858 573 2917 urerrdaciis
596 2855 723 2915 fallere?
766 2853 855 2914 Nune
885 2856 974 2933 vide,
1009 2859 1047 2917 mi

127 2934 236 3010 leuton,
260 2956 327 2998 cum
352 2939 460 3018 quibus
482 2937 739 3001 hominibusmihi
762 2956 810 2996 res
828 2939 875 3010 sit,
899 2938 958 2998 has
982 2941 1047 3001 sub·

123 3016 230 3093 dolas,
260 3021 431 3102 malignus,
463 3024 572 3102 impius
600 3022 700 3100 patior
728 3019 908 3081 eruditores.
954 3023 1046 3084 Tales

125 3098 217 3161 habet
239 3104 380 3180 eeclesia,
403 3106 496 3167 habet
510 3105 595 3180 fides,
620 3103 712 3164 habet
727 3104 885 3163 Romanus
904 3107 1046 3184 pontifex

124 3183 244 3257 militas,
267 3194 414 3266 {latrones
438 3197 468 3249 et
491 3197 614 3249 tutores.

207 3265 268 3328 Sed
292 3277 323 3329 ut
345 3279 393 3332 est
415 3271 528 3332 invidia
551 3271 683 3348 lubrica,
706 3269 903 3348 prudensque
926 3270 985 3331 sibi
1009 3273 1048 3331 vi-

125 3347 229 3418 detur,
252 3351 367 3414 disent:
397 3355 465 3416 Non
490 3362 521 3415 ut
543 3356 594 3414 tibi
618 3372 815 3429 noceremus,
838 3351 1047 3415 fraudulenter

123 3430 199 3491 haee
222 3433 365 3506 dixiruus,
389 3437 443 3498 sed
467 3436 770 3518 praeoccupavimus,
793 3455 833 3495 ne
852 3434 981 3496 verbum
1005 3445 1046 3498 tu-

122 3533 171 3574 um
195 3516 370 3595 arrrbiguum
383 3520 461 3582 falsu
475 3522 681 3602 intelligerent
696 3519 812 3598 populi.
837 3519 1046 3597 Respondes:

121 3595 183 3658 Cur
204 3616 265 3660 nun
289 3603 320 3663 et
340 3604 371 3663 in
394 3625 450 3666 sua
481 3603 627 3666 schedula
661 3609 820 3679 curarunt,
854 3610 886 3661 ut
920 3603 1047 3666 verbum

122 3697 227 3743 serum
257 3681 433 3766 ambiguum
467 3687 575 3769 populi
604 3689 634 3747 iu
658 3686 717 3745 mei
750 3684 854 3746 odium
882 3684 965 3747 falso
985 3705 1047 3750 nan

120 3762 345 3849 intelligerent?
389 3790 443 3834 cur
480 3778 552 3832 sunt
583 3777 644 3832 tam
679 3769 876 3848 impatientes
911 3770 944 3830 in
973 3772 1048 3834 meis
