2346 4208
154 245 216 312 394
264 308 273 341 ¹
454 251 480 306 Ie
499 251 604 307 Corneio
622 250 657 308 D.
679 253 713 309 Μ.
734 253 813 310 Luth.

450 453 511 547 VI
541 453 767 551 conciones

395 640 431 702 D.
458 643 619 705 Martini
645 644 831 706 Lutheri.

555 825 630 888 .I‚

340 975 394 1037 De
416 975 668 1040 Sacramenta
696 978 894 1058 baptismi.

237 1129 354 1202 Primo,
377 1149 502 1210 nouren,
528 1130 715 1212 baptismus,
736 1115 880 1212 graecum
905 1138 961 1209 est,
985 1132 1080 1192 latine

152 1216 258 1290 potest
279 1214 372 1290 verti,
407 1215 539 1289 mersio,
578 1234 645 1276 oum
676 1217 884 1296 immergimus
911 1213 1025 1294 aliquid
1047 1215 1079 1273 in

154 1312 275 1374 aquarn,
298 1303 330 1356 ut
352 1303 448 1358 totum
473 1304 594 1379 tegatur
610 1318 699 1378 aqua.

235 1378 275 1439 Et
297 1382 436 1459 quamvis
455 1381 509 1441 illa
532 1401 598 1442 mos
620 1384 680 1442 iam
704 1382 893 1443 absoleverit
910 1380 992 1462 apud
1015 1380 1078 1460 ple-

152 1479 265 1541 rosque
290 1464 512 1543 (nequeenim
535 1472 619 1526 totos
641 1466 823 1546 demergunt
851 1484 985 1545 pueros,
1023 1463 1079 1523 sed

152 1551 269 1606 tantum
291 1548 423 1627 panonia
444 1567 523 1628 aqua
554 1548 769 1628 perfundunt),
792 1548 946 1623 debebant
974 1553 1078 1607 tamen

151 1647 276 1708 prorsus
297 1631 455 1712 immergi,
477 1639 508 1692 et
530 1634 633 1692 stetim
655 1631 777 1692 retrahi.
800 1631 832 1692 ld
856 1633 937 1691 enim
960 1636 1079 1711 etymo-

152 1711 237 1794 logia
283 1716 418 1775 nominis
469 1715 627 1795 postulare
674 1714 812 1790 videtur,
863 1720 894 1775 et
935 1713 1081 1775 Germani

152 1814 275 1876 quoque
314 1797 500 1878 baptismum
529 1799 617 1875 bonif
645 1805 774 1875 vooant,
810 1819 829 1859 a
859 1796 1078 1878 profunditate,

151 1896 244 1958 quam
266 1881 340 1956 ‘dieii
368 1882 413 1941 illi
443 1901 498 1942 sua
521 1882 625 1962 lingua
646 1888 780 1958 vooant,
815 1880 897 1960 quod
925 1878 1078 1960 profunde

152 1961 289 2044 demergi
312 1966 478 2025 conveniat
499 1983 563 2043 eos,
583 1966 632 2044 qui
655 1965 857 2045 baptizantur.

234 2047 274 2106 Et
295 2067 387 2124 sane,
408 2048 433 2107 si
456 2056 594 2127 spectes,
627 2048 700 2127 quid
723 2048 893 2129 baptismus
915 2044 1078 2126 significet,

151 2129 233 2191 idem
255 2132 366 2209 requiri
388 2130 516 2191 videbis.
538 2131 607 2192 Hoo
629 2133 710 2192 enim
735 2130 903 2213 signifieat,
934 2135 968 2189 ut
989 2134 1078 2189 vetus

150 2212 245 2274 homo
269 2221 300 2273 et
320 2214 464 2274 nativitas
493 2221 599 2275 nostra
620 2215 713 2295 plena
735 2216 895 2295 pennatis,
934 2231 1014 2292 quae
1037 2231 1077 2272 ex

144 2302 244 2356 'earne
266 2302 297 2356 at
318 2298 610 2378 sanguine-oonstat,
629 2306 694 2359 tota
716 2318 773 2378 per
789 2298 923 2357 divinam
947 2295 1076 2376 gratiam

151 2378 366 2460 demergatur,
399 2380 430 2440 id
466 2388 548 2461 quod
577 2390 649 2460 post
677 2383 834 2460 copiosius
864 2378 1076 2440 indicabimus.

150 2461 292 2524 Debebat
313 2464 406 2545 igitur
429 2464 537 2525 modus
552 2465 728 2544 baptizandi
751 2463 941 2544 respondere
964 2461 1077 2542 signifi-

151 2547 266 2607 oationi
289 2546 453 2627 baptismi,
483 2555 516 2608 ut
537 2556 652 2609 eertum
676 2567 712 2609 ao
734 2549 858 2628 plenum
882 2547 948 2606 eine
971 2545 1078 2606 ederet

153 2648 285 2711 mgnum.

179 2747 184 2757 ·
236 2711 400 2790 Secundo,
430 2720 477 2775 est
498 2733 619 2793 quoque
641 2714 812 2793 baptismus
835 2719 996 2773 externum
1019 2712 1078 2791 sig-

152 2817 225 2858 num
247 2816 301 2858 seu
325 2804 408 2874 uota,
433 2816 512 2876 quae
534 2817 590 2858 nos
614 2798 760 2857 disseruit
781 2797 820 2856 ab
844 2795 987 2856 omuibus
1010 2794 1078 2854 aliis

151 2880 335 2959 hominibus,
359 2882 409 2959 qui
432 2901 494 2942 non
517 2890 587 2941 sunt
610 2881 764 2960 baptizati,
788 2887 820 2939 ut
842 2897 1078 2960 eognosoamur,

151 2963 236 3043 quod
258 2966 353 3025 simus
376 2965 508 3044 populus
530 2965 626 3025 nostri
649 2963 735 3024 dunis
756 2963 831 3023 Jesu
854 2962 986 3041 Christi,
1021 2959 1077 3020 sub

153 3049 238 3108 ouius
260 3049 355 3128 signis
389 3045 445 3129 (ea
467 3066 541 3108 orux
564 3053 629 3122 est)
660 3046 784 3107 assidue
814 3052 921 3107 eontra
950 3052 1080 3124 peooata

138 3151 339 3214 pugnamus.

234 3214 307 3275 Tria
328 3215 420 3295 igitur
439 3214 470 3274 in
486 3214 547 3275 hoo
568 3218 763 3274 sacramento
787 3211 877 3273 nobis
900 3216 971 3270 sunt
992 3228 1079 3290 speo-

90 3299 122 3362 0
152 3296 256 3374 tanda,
279 3299 410 3378 signum,
432 3297 615 3379 significatio
639 3297 717 3376 signi
741 3301 772 3356 et
787 3295 873 3355 fides.
897 3294 1024 3374 Signum
1047 3294 1079 3352 in

154 3399 192 3442 ao
216 3382 375 3458 oonsistit,
406 3380 487 3461 quod
515 3381 610 3440 homo
637 3381 669 3439 in
696 3397 808 3458 aquam
840 3377 1028 3456 demergitur
1048 3376 1079 3435 in

154 3465 278 3525 nomine
301 3464 397 3524 Patris
432 3470 464 3525 et
485 3464 554 3524 Filii
577 3471 608 3524 et
631 3463 760 3543 Spiritus
783 3462 890 3524 saneti.
934 3459 1004 3521 Non
1028 3477 1081 3519 au·

154 3553 215 3608 tem
238 3547 269 3607 in
292 3566 372 3627 aqua
394 3549 557 3624 retinetur,
588 3546 642 3607 sed
664 3547 764 3605 statim
788 3544 957 3605 retrahitur.
1001 3542 1082 3602 Hine

154 3631 251 3691 nostri
273 3629 420 3691 Germani
442 3630 648 3691 Oateohistam
673 3628 777 3688 dieunt
800 3627 838 3688 de
861 3627 947 3687 fonte
967 3626 1079 3706 baptis·

155 3713 197 3774 mi
218 3713 340 3774 levasse
364 3734 506 3793 puerum,
544 3721 664 3774 utemur
687 3713 767 3772 enim
791 3711 909 3791 vulgari
931 3708 1080 3788 loquendi

153 3796 386 3861 eonsuetudine.
430 3796 480 3860 Sio
507 3795 598 3860 ambo
627 3794 681 3858 illa
710 3796 740 3858 in
764 3797 854 3880 signo
876 3793 1082 3874 requiruntur,
