<?xml version="1.0" encoding="UTF-8"?>
<!DOCTYPE html PUBLIC "-//W3C//DTD XHTML 1.0 Transitional//EN"
    "http://www.w3.org/TR/xhtml1/DTD/xhtml1-transitional.dtd">
<html xmlns="http://www.w3.org/1999/xhtml" xml:lang="en" lang="en">
 <head>
  <title>
</title>
<meta http-equiv="Content-Type" content="text/html;charset=utf-8" />
  <meta name='ocr-system' content='tesseract 3.04.00' />
  <meta name='ocr-capabilities' content='ocr_page ocr_carea ocr_par ocr_line ocrx_word'/>
</head>
<body>
  <div class='ocr_page' id='page_1' title='image "./dmartinilutheri04luthgoog_1007.png"; bbox 0 0 2346 4208; ppageno 0'>
   <div class='ocr_carea' id='block_1_1' title="bbox 200 255 834 322">
    <p class='ocr_par' dir='ltr' id='par_1_1' title="bbox 200 255 834 322">
     <span class='ocr_line' id='line_1_1' title="bbox 200 255 834 322; baseline -0.002 -11"><span class='ocrx_word' id='word_1_1' title='bbox 200 256 264 322; x_wconf 82' lang='lat'>482</span> <span class='ocrx_word' id='word_1_2' title='bbox 483 255 600 310; x_wconf 83' lang='lat' dir='ltr'><strong>Articuli</strong></span> <span class='ocrx_word' id='word_1_3' title='bbox 617 257 834 312; x_wconf 86' lang='lat' dir='ltr'>Lovaniansium</span> 
     </span>
    </p>
   </div>
   <div class='ocr_carea' id='block_1_2' title="bbox 201 439 1133 3523">
    <p class='ocr_par' dir='ltr' id='par_1_2' title="bbox 201 439 1122 587">
     <span class='ocr_line' id='line_1_2' title="bbox 201 439 1122 525; baseline -0.002 -22"><span class='ocrx_word' id='word_1_4' title='bbox 201 446 365 525; x_wconf 86' lang='lat' dir='ltr'>praeparat</span> <span class='ocrx_word' id='word_1_5' title='bbox 398 448 500 502; x_wconf 89' lang='lat' dir='ltr'>tamen</span> <span class='ocrx_word' id='word_1_6' title='bbox 529 441 579 501; x_wconf 86' lang='lat' dir='ltr'>hie</span> <span class='ocrx_word' id='word_1_7' title='bbox 606 439 748 522; x_wconf 85' lang='lat' dir='ltr'>terror¹)</span> <span class='ocrx_word' id='word_1_8' title='bbox 779 448 811 502; x_wconf 90' lang='lat' dir='ltr'>et</span> <span class='ocrx_word' id='word_1_9' title='bbox 837 441 1005 523; x_wconf 89' lang='lat' dir='ltr'>gehennae</span> <span class='ocrx_word' id='word_1_10' title='bbox 1031 447 1122 502; x_wconf 90' lang='lat' dir='ltr'>metus</span> 
     </span>
     <span class='ocr_line' id='line_1_3' title="bbox 204 525 737 587; baseline -0.004 0"><span class='ocrx_word' id='word_1_11' title='bbox 204 526 242 587; x_wconf 88' lang='lat' dir='ltr'>ad</span> <span class='ocrx_word' id='word_1_12' title='bbox 267 546 370 586; x_wconf 87' lang='lat' dir='ltr'>varam</span> <span class='ocrx_word' id='word_1_13' title='bbox 393 525 487 586; x_wconf 86' lang='lat' dir='ltr'>animi</span> <span class='ocrx_word' id='word_1_14' title='bbox 509 526 737 585; x_wconf 82' lang='lat' dir='ltr'><strong>contritionem.</strong></span> 
     </span>
    </p>

    <p class='ocr_par' dir='ltr' id='par_1_3' title="bbox 204 607 1123 1088">
     <span class='ocr_line' id='line_1_4' title="bbox 286 607 1123 689; baseline -0.008 -16"><span class='ocrx_word' id='word_1_15' title='bbox 286 614 314 673; x_wconf 82' lang='lat'>5.</span> <span class='ocrx_word' id='word_1_16' title='bbox 347 608 551 669; x_wconf 70' lang='lat' dir='ltr'>confessurus</span> <span class='ocrx_word' id='word_1_17' title='bbox 575 608 764 688; x_wconf 77' lang='lat' dir='ltr'>diligentiam</span> <span class='ocrx_word' id='word_1_18' title='bbox 789 608 963 689; x_wconf 81' lang='lat' dir='ltr'>legitimam</span> <span class='ocrx_word' id='word_1_19' title='bbox 985 607 1123 669; x_wconf 88' lang='lat' dir='ltr'>adbibere</span> 
     </span>
     <span class='ocr_line' id='line_1_5' title="bbox 204 691 1123 771; baseline -0.005 -17"><span class='ocrx_word' id='word_1_20' title='bbox 204 691 311 769; x_wconf 90' lang='lat' dir='ltr'>debet,</span> <span class='ocrx_word' id='word_1_21' title='bbox 346 710 406 771; x_wconf 87' lang='lat' dir='ltr'>qua</span> <span class='ocrx_word' id='word_1_22' title='bbox 428 691 582 752; x_wconf 84' lang='lat' dir='ltr'>sacerdoti</span> <span class='ocrx_word' id='word_1_23' title='bbox 612 691 704 752; x_wconf 89' lang='lat' dir='ltr'>iudioi</span> <span class='ocrx_word' id='word_1_24' title='bbox 738 710 795 752; x_wconf 92' lang='lat' dir='ltr'>suo</span> <span class='ocrx_word' id='word_1_25' title='bbox 825 691 1006 752; x_wconf 82' lang='lat' dir='ltr'>manifestet</span> <span class='ocrx_word' id='word_1_26' title='bbox 1028 692 1123 751; x_wconf 90' lang='lat' dir='ltr'>omnia</span> 
     </span>
     <span class='ocr_line' id='line_1_6' title="bbox 204 774 1122 856; baseline -0.002 -21"><span class='ocrx_word' id='word_1_27' title='bbox 204 783 333 856; x_wconf 78' lang='lat' dir='ltr'>peecata</span> <span class='ocrx_word' id='word_1_28' title='bbox 355 793 411 834; x_wconf 90' lang='lat' dir='ltr'>sua</span> <span class='ocrx_word' id='word_1_29' title='bbox 432 775 591 853; x_wconf 87' lang='lat' dir='ltr'>mortalia,</span> <span class='ocrx_word' id='word_1_30' title='bbox 623 775 689 854; x_wconf 76' lang='lat' dir='ltr'>et2)</span> <span class='ocrx_word' id='word_1_31' title='bbox 726 775 851 836; x_wconf 62' lang='lat' dir='ltr'>o‘oanlta</span> <span class='ocrx_word' id='word_1_32' title='bbox 883 775 1008 855; x_wconf 80' lang='lat' dir='ltr'>sordis,</span> <span class='ocrx_word' id='word_1_33' title='bbox 1039 783 1071 833; x_wconf 91' lang='lat' dir='ltr'>ut</span> <span class='ocrx_word' id='word_1_34' title='bbox 1090 774 1122 833; x_wconf 88' lang='lat' dir='ltr'>ab</span> 
     </span>
     <span class='ocr_line' id='line_1_7' title="bbox 205 857 1123 939; baseline -0.003 -21"><span class='ocrx_word' id='word_1_35' title='bbox 205 860 249 918; x_wconf 89' lang='lat' dir='ltr'>eis</span> <span class='ocrx_word' id='word_1_36' title='bbox 272 878 326 939; x_wconf 91' lang='lat' dir='ltr'>psr</span> <span class='ocrx_word' id='word_1_37' title='bbox 345 857 430 916; x_wconf 90' lang='lat' dir='ltr'>illum</span> <span class='ocrx_word' id='word_1_38' title='bbox 452 857 638 937; x_wconf 88' lang='lat' dir='ltr'>absolvatur,</span> <span class='ocrx_word' id='word_1_39' title='bbox 661 859 746 917; x_wconf 90' lang='lat' dir='ltr'>ouius</span> <span class='ocrx_word' id='word_1_40' title='bbox 770 857 981 919; x_wconf 83' lang='lat' dir='ltr'>absolutionis</span> <span class='ocrx_word' id='word_1_41' title='bbox 995 858 1123 916; x_wconf 87' lang='lat' dir='ltr'>minister</span> 
     </span>
     <span class='ocr_line' id='line_1_8' title="bbox 205 940 1123 1019; baseline -0.003 -17"><span class='ocrx_word' id='word_1_42' title='bbox 205 949 252 1002; x_wconf 88' lang='lat' dir='ltr'>est</span> <span class='ocrx_word' id='word_1_43' title='bbox 273 941 357 1003; x_wconf 90' lang='lat' dir='ltr'>solus</span> <span class='ocrx_word' id='word_1_44' title='bbox 380 940 541 1019; x_wconf 81' lang='lat' dir='ltr'>sacerdos,</span> <span class='ocrx_word' id='word_1_45' title='bbox 571 940 739 1002; x_wconf 84' lang='lat' dir='ltr'>seeundum</span> <span class='ocrx_word' id='word_1_46' title='bbox 768 942 924 1003; x_wconf 83' lang='lat' dir='ltr'>eeclesiae</span> <span class='ocrx_word' id='word_1_47' title='bbox 946 943 1039 1002; x_wconf 87' lang='lat' dir='ltr'>ritum</span> <span class='ocrx_word' id='word_1_48' title='bbox 1061 959 1123 1001; x_wconf 90' lang='lat' dir='ltr'>oon·</span> 
     </span>
     <span class='ocr_line' id='line_1_9' title="bbox 208 1033 355 1088; baseline 0.014 -4"><span class='ocrx_word' id='word_1_49' title='bbox 208 1033 355 1088; x_wconf 89' lang='lat' dir='ltr'>seoratus.</span> 
     </span>
    </p>

    <p class='ocr_par' dir='ltr' id='par_1_4' title="bbox 205 1105 1123 1437">
     <span class='ocr_line' id='line_1_10' title="bbox 287 1105 1123 1188; baseline -0.008 -16"><span class='ocrx_word' id='word_1_50' title='bbox 287 1111 315 1172; x_wconf 87' lang='grc'>6.</span> <span class='ocrx_word' id='word_1_51' title='bbox 346 1105 520 1168; x_wconf 74' lang='lat' dir='ltr'>satisfactio</span> <span class='ocrx_word' id='word_1_52' title='bbox 543 1112 591 1166; x_wconf 88' lang='lat' dir='ltr'>est</span> <span class='ocrx_word' id='word_1_53' title='bbox 611 1107 780 1187; x_wconf 85' lang='lat' dir='ltr'>persolutio</span> <span class='ocrx_word' id='word_1_54' title='bbox 804 1126 929 1187; x_wconf 89' lang='lat' dir='ltr'>poenae</span> <span class='ocrx_word' id='word_1_55' title='bbox 952 1107 1123 1188; x_wconf 90' lang='lat' dir='ltr'>plerumque</span> 
     </span>
     <span class='ocr_line' id='line_1_11' title="bbox 205 1188 1122 1272; baseline -0.005 -20"><span class='ocrx_word' id='word_1_56' title='bbox 205 1190 306 1252; x_wconf 83' lang='lat' dir='ltr'>adhue</span> <span class='ocrx_word' id='word_1_57' title='bbox 327 1188 488 1272; x_wconf 84' lang='lat' dir='ltr'>debita³),</span> <span class='ocrx_word' id='word_1_58' title='bbox 519 1191 650 1250; x_wconf 90' lang='lat' dir='ltr'>remissa</span> <span class='ocrx_word' id='word_1_59' title='bbox 671 1191 733 1250; x_wconf 86' lang='lat' dir='ltr'>ium</span> <span class='ocrx_word' id='word_1_60' title='bbox 756 1190 858 1271; x_wconf 82' lang='lat' dir='ltr'>eulpa.</span> <span class='ocrx_word' id='word_1_61' title='bbox 901 1190 985 1251; x_wconf 87' lang='lat' dir='ltr'>Nam</span> <span class='ocrx_word' id='word_1_62' title='bbox 1010 1203 1122 1251; x_wconf 89' lang='lat' dir='ltr'>omnem</span> 
     </span>
     <span class='ocr_line' id='line_1_12' title="bbox 205 1272 1123 1357; baseline -0.005 -21"><span class='ocrx_word' id='word_1_63' title='bbox 205 1293 339 1357; x_wconf 89' lang='lat' dir='ltr'>poenam</span> <span class='ocrx_word' id='word_1_64' title='bbox 366 1282 497 1353; x_wconf 88' lang='lat' dir='ltr'>peooato</span> <span class='ocrx_word' id='word_1_65' title='bbox 531 1273 665 1334; x_wconf 86' lang='lat' dir='ltr'>debitam</span> <span class='ocrx_word' id='word_1_66' title='bbox 698 1293 821 1354; x_wconf 86' lang='lat' dir='ltr'>semper</span> <span class='ocrx_word' id='word_1_67' title='bbox 843 1272 1023 1334; x_wconf 78' lang='lat' dir='ltr'>condonari</span> <span class='ocrx_word' id='word_1_68' title='bbox 1044 1273 1123 1352; x_wconf 86' lang='lat' dir='ltr'>eulpa</span> 
     </span>
     <span class='ocr_line' id='line_1_13' title="bbox 205 1355 1123 1437; baseline -0.001 -20"><span class='ocrx_word' id='word_1_69' title='bbox 205 1359 342 1434; x_wconf 88' lang='lat' dir='ltr'>remissa,</span> <span class='ocrx_word' id='word_1_70' title='bbox 365 1375 526 1417; x_wconf 90' lang='lat' dir='ltr'>erroneum</span> <span class='ocrx_word' id='word_1_71' title='bbox 549 1364 597 1417; x_wconf 88' lang='lat' dir='ltr'>est</span> <span class='ocrx_word' id='word_1_72' title='bbox 610 1363 642 1417; x_wconf 90' lang='lat' dir='ltr'>et</span> <span class='ocrx_word' id='word_1_73' title='bbox 652 1356 815 1437; x_wconf 70' lang='lat' dir='ltr'>seripturis</span> <span class='ocrx_word' id='word_1_74' title='bbox 829 1356 928 1416; x_wconf 86' lang='lat' dir='ltr'>saeris</span> <span class='ocrx_word' id='word_1_75' title='bbox 942 1355 1123 1417; x_wconf 85' lang='lat' dir='ltr'>adversatur.</span> 
     </span>
    </p>

    <p class='ocr_par' dir='ltr' id='par_1_5' title="bbox 207 1438 1125 1853">
     <span class='ocr_line' id='line_1_14' title="bbox 288 1438 1123 1518; baseline -0.01 -14"><span class='ocrx_word' id='word_1_76' title='bbox 288 1445 318 1504; x_wconf 83' lang='lat'>7.</span> <span class='ocrx_word' id='word_1_77' title='bbox 342 1438 473 1515; x_wconf 79' lang='lat' dir='ltr'>Oerte⁴)</span> <span class='ocrx_word' id='word_1_78' title='bbox 498 1438 559 1500; x_wconf 88' lang='lat' dir='ltr'>fide</span> <span class='ocrx_word' id='word_1_79' title='bbox 581 1440 748 1500; x_wconf 89' lang='lat' dir='ltr'>tenendum</span> <span class='ocrx_word' id='word_1_80' title='bbox 763 1448 820 1518; x_wconf 85' lang='lat' dir='ltr'>est,</span> <span class='ocrx_word' id='word_1_81' title='bbox 843 1440 1008 1500; x_wconf 88' lang='lat' dir='ltr'>hominem</span> <span class='ocrx_word' id='word_1_82' title='bbox 1022 1439 1123 1501; x_wconf 85' lang='lat' dir='ltr'>habere</span> 
     </span>
     <span class='ocr_line' id='line_1_15' title="bbox 207 1523 1124 1604; baseline -0.005 -19"><span class='ocrx_word' id='word_1_83' title='bbox 207 1523 335 1585; x_wconf 87' lang='lat' dir='ltr'>liberum</span> <span class='ocrx_word' id='word_1_84' title='bbox 358 1523 531 1602; x_wconf 85' lang='lat' dir='ltr'>arbitrium,</span> <span class='ocrx_word' id='word_1_85' title='bbox 561 1542 622 1602; x_wconf 94' lang='lat' dir='ltr'>quo</span> <span class='ocrx_word' id='word_1_86' title='bbox 651 1531 755 1604; x_wconf 87' lang='lat' dir='ltr'>potest</span> <span class='ocrx_word' id='word_1_87' title='bbox 782 1523 865 1583; x_wconf 88' lang='lat' dir='ltr'>male</span> <span class='ocrx_word' id='word_1_88' title='bbox 887 1531 921 1583; x_wconf 91' lang='lat' dir='ltr'>et</span> <span class='ocrx_word' id='word_1_89' title='bbox 942 1543 1015 1583; x_wconf 91' lang='lat' dir='ltr'>oum</span> <span class='ocrx_word' id='word_1_90' title='bbox 1039 1523 1124 1604; x_wconf 84' lang='lat' dir='ltr'>gratia</span> 
     </span>
     <span class='ocr_line' id='line_1_16' title="bbox 207 1603 1125 1688; baseline -0.004 -21"><span class='ocrx_word' id='word_1_91' title='bbox 207 1608 265 1667; x_wconf 89' lang='lat' dir='ltr'>Dei</span> <span class='ocrx_word' id='word_1_92' title='bbox 288 1607 443 1684; x_wconf 74' lang='lat' dir='ltr'>bonum5)</span> <span class='ocrx_word' id='word_1_93' title='bbox 467 1625 570 1688; x_wconf 85' lang='lat' dir='ltr'>agere,</span> <span class='ocrx_word' id='word_1_94' title='bbox 593 1614 717 1688; x_wconf 85' lang='lat' dir='ltr'>etpost</span> <span class='ocrx_word' id='word_1_95' title='bbox 740 1607 872 1667; x_wconf 89' lang='lat' dir='ltr'>mortale</span> <span class='ocrx_word' id='word_1_96' title='bbox 895 1613 1063 1683; x_wconf 83' lang='lat' dir='ltr'>peceatum</span> <span class='ocrx_word' id='word_1_97' title='bbox 1083 1603 1125 1665; x_wconf 87' lang='lat' dir='ltr'>ad·</span> 
     </span>
     <span class='ocr_line' id='line_1_17' title="bbox 208 1689 1125 1771; baseline -0.005 -20"><span class='ocrx_word' id='word_1_98' title='bbox 208 1692 333 1751; x_wconf 90' lang='lat' dir='ltr'>missum</span> <span class='ocrx_word' id='word_1_99' title='bbox 362 1690 429 1750; x_wconf 89' lang='lat' dir='ltr'>Deo</span> <span class='ocrx_word' id='word_1_100' title='bbox 463 1689 629 1750; x_wconf 87' lang='lat' dir='ltr'>adiuvante</span> <span class='ocrx_word' id='word_1_101' title='bbox 660 1690 838 1771; x_wconf 89' lang='lat' dir='ltr'>poenitere,</span> <span class='ocrx_word' id='word_1_102' title='bbox 874 1696 907 1750; x_wconf 90' lang='lat' dir='ltr'>et</span> <span class='ocrx_word' id='word_1_103' title='bbox 933 1696 1125 1771; x_wconf 83' lang='lat' dir='ltr'>peecatorum</span> 
     </span>
     <span class='ocr_line' id='line_1_18' title="bbox 207 1775 603 1853; baseline 0 -19"><span class='ocrx_word' id='word_1_104' title='bbox 207 1775 422 1834; x_wconf 85' lang='lat' dir='ltr'>remissionem</span> <span class='ocrx_word' id='word_1_105' title='bbox 444 1775 603 1853; x_wconf 77' lang='lat' dir='ltr'>consequi.</span> 
     </span>
    </p>

    <p class='ocr_par' dir='ltr' id='par_1_6' title="bbox 207 1854 1130 2503">
     <span class='ocr_line' id='line_1_19' title="bbox 291 1854 1127 1919; baseline -0.01 0"><span class='ocrx_word' id='word_1_106' title='bbox 291 1857 320 1919; x_wconf 83' lang='lat'>8.</span> <span class='ocrx_word' id='word_1_107' title='bbox 350 1855 399 1915; x_wconf 88' lang='lat' dir='ltr'>Ad</span> <span class='ocrx_word' id='word_1_108' title='bbox 430 1856 680 1918; x_wconf 76' lang='lat' dir='ltr'>iustificationem</span> <span class='ocrx_word' id='word_1_109' title='bbox 712 1863 783 1916; x_wconf 90' lang='lat' dir='ltr'>ante</span> <span class='ocrx_word' id='word_1_110' title='bbox 817 1857 924 1916; x_wconf 90' lang='lat' dir='ltr'>omnia</span> <span class='ocrx_word' id='word_1_111' title='bbox 959 1854 1127 1917; x_wconf 80' lang='lat' dir='ltr'>necessaria</span> 
     </span>
     <span class='ocr_line' id='line_1_20' title="bbox 209 1938 1127 2020; baseline -0.005 -20"><span class='ocrx_word' id='word_1_112' title='bbox 209 1948 256 2000; x_wconf 92' lang='lat' dir='ltr'>est</span> <span class='ocrx_word' id='word_1_113' title='bbox 277 1941 309 1999; x_wconf 93' lang='lat' dir='ltr'>in</span> <span class='ocrx_word' id='word_1_114' title='bbox 330 1938 442 1999; x_wconf 88' lang='lat' dir='ltr'>adultis</span> <span class='ocrx_word' id='word_1_115' title='bbox 469 1940 563 2020; x_wconf 88' lang='lat' dir='ltr'>fides,</span> <span class='ocrx_word' id='word_1_116' title='bbox 596 1960 657 2020; x_wconf 91' lang='lat' dir='ltr'>qua</span> <span class='ocrx_word' id='word_1_117' title='bbox 684 1946 768 2000; x_wconf 89' lang='lat' dir='ltr'>oerto</span> <span class='ocrx_word' id='word_1_118' title='bbox 803 1939 959 2000; x_wconf 89' lang='lat' dir='ltr'>eredimus</span> <span class='ocrx_word' id='word_1_119' title='bbox 984 1939 1127 1999; x_wconf 85' lang='lat' dir='ltr'>Christum</span> 
     </span>
     <span class='ocr_line' id='line_1_21' title="bbox 207 2022 1128 2104; baseline -0.007 -19"><span class='ocrx_word' id='word_1_120' title='bbox 207 2025 308 2095; x_wconf 88' lang='lat' dir='ltr'>lesum</span> <span class='ocrx_word' id='word_1_121' title='bbox 330 2024 388 2083; x_wconf 89' lang='lat' dir='ltr'>Dei</span> <span class='ocrx_word' id='word_1_122' title='bbox 409 2022 506 2083; x_wconf 87' lang='lat' dir='ltr'>lilium</span> <span class='ocrx_word' id='word_1_123' title='bbox 533 2024 624 2085; x_wconf 89' lang='lat' dir='ltr'>nobis</span> <span class='ocrx_word' id='word_1_124' title='bbox 651 2024 886 2104; x_wconf 85' lang='lat' dir='ltr'>propitiatorem</span> <span class='ocrx_word' id='word_1_125' title='bbox 911 2045 930 2083; x_wconf 89' lang='lat' dir='ltr'>a</span> <span class='ocrx_word' id='word_1_126' title='bbox 954 2023 1050 2084; x_wconf 89' lang='lat' dir='ltr'>Patre</span> <span class='ocrx_word' id='word_1_127' title='bbox 1071 2039 1128 2101; x_wconf 93' lang='lat' dir='ltr'>pro·</span> 
     </span>
     <span class='ocr_line' id='line_1_22' title="bbox 209 2106 1129 2187; baseline -0.004 -20"><span class='ocrx_word' id='word_1_128' title='bbox 209 2109 343 2187; x_wconf 89' lang='lat' dir='ltr'>positum</span> <span class='ocrx_word' id='word_1_129' title='bbox 367 2126 436 2166; x_wconf 90' lang='lat' dir='ltr'>esse</span> <span class='ocrx_word' id='word_1_130' title='bbox 458 2127 514 2187; x_wconf 89' lang='lat' dir='ltr'>pro</span> <span class='ocrx_word' id='word_1_131' title='bbox 537 2107 799 2187; x_wconf 77' lang='lat' dir='ltr'>peccatisnostris</span> <span class='ocrx_word' id='word_1_132' title='bbox 816 2108 846 2165; x_wconf 91' lang='lat' dir='ltr'>in</span> <span class='ocrx_word' id='word_1_133' title='bbox 860 2108 1020 2187; x_wconf 86' lang='lat' dir='ltr'>sanguine</span> <span class='ocrx_word' id='word_1_134' title='bbox 1034 2106 1129 2185; x_wconf 88' lang='lat' dir='ltr'>ipsius,</span> 
     </span>
     <span class='ocr_line' id='line_1_23' title="bbox 212 2189 1129 2270; baseline -0.003 -22"><span class='ocrx_word' id='word_1_135' title='bbox 212 2192 277 2250; x_wconf 88' lang='lat' dir='ltr'>sine</span> <span class='ocrx_word' id='word_1_136' title='bbox 300 2209 361 2267; x_wconf 87' lang='lat' dir='ltr'>qua</span> <span class='ocrx_word' id='word_1_137' title='bbox 382 2189 473 2248; x_wconf 91' lang='lat' dir='ltr'>nullis</span> <span class='ocrx_word' id='word_1_138' title='bbox 496 2193 609 2251; x_wconf 89' lang='lat' dir='ltr'>nostris</span> <span class='ocrx_word' id='word_1_139' title='bbox 633 2190 786 2270; x_wconf 89' lang='lat' dir='ltr'>operibus,</span> <span class='ocrx_word' id='word_1_140' title='bbox 809 2190 958 2269; x_wconf 83' lang='lat' dir='ltr'>nullaque</span> <span class='ocrx_word' id='word_1_141' title='bbox 979 2191 1129 2270; x_wconf 89' lang='lat' dir='ltr'>poeniten·</span> 
     </span>
     <span class='ocr_line' id='line_1_24' title="bbox 211 2271 1130 2353; baseline -0.004 -20"><span class='ocrx_word' id='word_1_142' title='bbox 211 2276 253 2333; x_wconf 89' lang='lat' dir='ltr'>tia</span> <span class='ocrx_word' id='word_1_143' title='bbox 284 2272 459 2332; x_wconf 77' lang='lat' dir='ltr'>iustificatio</span> <span class='ocrx_word' id='word_1_144' title='bbox 482 2274 613 2335; x_wconf 87' lang='lat' dir='ltr'>obtineri</span> <span class='ocrx_word' id='word_1_145' title='bbox 634 2280 752 2353; x_wconf 90' lang='lat' dir='ltr'>potest,</span> <span class='ocrx_word' id='word_1_146' title='bbox 781 2274 860 2334; x_wconf 86' lang='lat' dir='ltr'>siout</span> <span class='ocrx_word' id='word_1_147' title='bbox 892 2293 952 2334; x_wconf 90' lang='lat' dir='ltr'>neo</span> <span class='ocrx_word' id='word_1_148' title='bbox 988 2272 1052 2333; x_wconf 89' lang='lat' dir='ltr'>fide</span> <span class='ocrx_word' id='word_1_149' title='bbox 1073 2271 1130 2331; x_wconf 92' lang='lat' dir='ltr'>sola</span> 
     </span>
     <span class='ocr_line' id='line_1_25' title="bbox 211 2356 1129 2439; baseline -0.003 -24"><span class='ocrx_word' id='word_1_150' title='bbox 211 2357 277 2415; x_wconf 89' lang='lat' dir='ltr'>sine</span> <span class='ocrx_word' id='word_1_151' title='bbox 309 2357 503 2436; x_wconf 89' lang='lat' dir='ltr'>poenitentia</span> <span class='ocrx_word' id='word_1_152' title='bbox 536 2366 567 2419; x_wconf 90' lang='lat' dir='ltr'>et</span> <span class='ocrx_word' id='word_1_153' title='bbox 604 2359 765 2439; x_wconf 90' lang='lat' dir='ltr'>proposito</span> <span class='ocrx_word' id='word_1_154' title='bbox 805 2357 931 2417; x_wconf 90' lang='lat' dir='ltr'>vivendi</span> <span class='ocrx_word' id='word_1_155' title='bbox 969 2356 1129 2418; x_wconf 83' lang='lat' dir='ltr'>secundun</span> 
     </span>
     <span class='ocr_line' id='line_1_26' title="bbox 212 2439 448 2503; baseline 0 -1"><span class='ocrx_word' id='word_1_156' title='bbox 212 2439 358 2502; x_wconf 89' lang='lat' dir='ltr'>mandata</span> <span class='ocrx_word' id='word_1_157' title='bbox 380 2440 448 2503; x_wconf 89' lang='lat' dir='ltr'>Dei.</span> 
     </span>
    </p>

    <p class='ocr_par' dir='ltr' id='par_1_7' title="bbox 211 2522 1132 3171">
     <span class='ocr_line' id='line_1_27' title="bbox 296 2522 1130 2601; baseline 0 -20"><span class='ocrx_word' id='word_1_158' title='bbox 296 2528 323 2588; x_wconf 82' lang='grc'>9,</span> <span class='ocrx_word' id='word_1_159' title='bbox 347 2523 452 2601; x_wconf 84' lang='lat' dir='ltr'>Fides,</span> <span class='ocrx_word' id='word_1_160' title='bbox 476 2542 536 2601; x_wconf 91' lang='lat' dir='ltr'>qua</span> <span class='ocrx_word' id='word_1_161' title='bbox 559 2524 626 2601; x_wconf 92' lang='lat' dir='ltr'>quis</span> <span class='ocrx_word' id='word_1_162' title='bbox 648 2525 775 2584; x_wconf 89' lang='lat' dir='ltr'>firmiter</span> <span class='ocrx_word' id='word_1_163' title='bbox 797 2522 895 2583; x_wconf 84' lang='lat' dir='ltr'>eredit</span> <span class='ocrx_word' id='word_1_164' title='bbox 917 2527 950 2584; x_wconf 88' lang='lat' dir='ltr'>et</span> <span class='ocrx_word' id='word_1_165' title='bbox 974 2531 1061 2584; x_wconf 90' lang='lat' dir='ltr'>certo</span> <span class='ocrx_word' id='word_1_166' title='bbox 1083 2530 1130 2581; x_wconf 89' lang='lat' dir='ltr'>sta·</span> 
     </span>
     <span class='ocr_line' id='line_1_28' title="bbox 212 2606 1130 2690; baseline -0.005 -21"><span class='ocrx_word' id='word_1_167' title='bbox 212 2609 270 2670; x_wconf 91' lang='lat' dir='ltr'>tuit</span> <span class='ocrx_word' id='word_1_168' title='bbox 291 2617 417 2687; x_wconf 88' lang='lat' dir='ltr'>propter</span> <span class='ocrx_word' id='word_1_169' title='bbox 440 2606 592 2666; x_wconf 85' lang='lat' dir='ltr'>Christum</span> <span class='ocrx_word' id='word_1_170' title='bbox 616 2608 673 2668; x_wconf 89' lang='lat' dir='ltr'>sibi</span> <span class='ocrx_word' id='word_1_171' title='bbox 694 2609 822 2667; x_wconf 90' lang='lat' dir='ltr'>remissa</span> <span class='ocrx_word' id='word_1_172' title='bbox 844 2627 916 2667; x_wconf 93' lang='lat' dir='ltr'>esse</span> <span class='ocrx_word' id='word_1_173' title='bbox 927 2616 1075 2687; x_wconf 85' lang='lat' dir='ltr'>peooata,</span> <span class='ocrx_word' id='word_1_174' title='bbox 1094 2624 1130 2690; x_wconf 81' lang='lat' dir='ltr'>sa·</span> 
     </span>
     <span class='ocr_line' id='line_1_29' title="bbox 212 2690 1131 2773; baseline -0.004 -23"><span class='ocrx_word' id='word_1_175' title='bbox 212 2712 273 2770; x_wconf 84' lang='lat' dir='ltr'>que</span> <span class='ocrx_word' id='word_1_176' title='bbox 295 2709 509 2773; x_wconf 87' lang='lat' dir='ltr'>possessurum</span> <span class='ocrx_word' id='word_1_177' title='bbox 534 2691 626 2749; x_wconf 88' lang='lat' dir='ltr'>vitam</span> <span class='ocrx_word' id='word_1_178' title='bbox 650 2699 822 2767; x_wconf 86' lang='lat' dir='ltr'>aeternam,</span> <span class='ocrx_word' id='word_1_179' title='bbox 850 2690 973 2751; x_wconf 89' lang='lat' dir='ltr'>nullum</span> <span class='ocrx_word' id='word_1_180' title='bbox 996 2691 1091 2752; x_wconf 87' lang='lat' dir='ltr'>habet</span> <span class='ocrx_word' id='word_1_181' title='bbox 1107 2690 1131 2748; x_wconf 87' lang='lat' dir='ltr'>in</span> 
     </span>
     <span class='ocr_line' id='line_1_30' title="bbox 213 2774 1130 2854; baseline -0.005 -19"><span class='ocrx_word' id='word_1_182' title='bbox 213 2775 375 2854; x_wconf 69' lang='lat' dir='ltr'>seripturis</span> <span class='ocrx_word' id='word_1_183' title='bbox 413 2774 639 2852; x_wconf 87' lang='lat' dir='ltr'>testimonium,</span> <span class='ocrx_word' id='word_1_184' title='bbox 682 2777 744 2834; x_wconf 91' lang='lat' dir='ltr'>imo</span> <span class='ocrx_word' id='word_1_185' title='bbox 788 2774 905 2834; x_wconf 89' lang='lat' dir='ltr'>eisdem</span> <span class='ocrx_word' id='word_1_186' title='bbox 948 2775 1130 2845; x_wconf 86' lang='lat' dir='ltr'>adversatur,</span> 
     </span>
     <span class='ocr_line' id='line_1_31' title="bbox 214 2856 1130 2938; baseline -0.004 -22"><span class='ocrx_word' id='word_1_187' title='bbox 214 2858 335 2918; x_wconf 87' lang='lat' dir='ltr'>etiamsi</span> <span class='ocrx_word' id='word_1_188' title='bbox 356 2857 447 2918; x_wconf 87' lang='lat' dir='ltr'>firma</span> <span class='ocrx_word' id='word_1_189' title='bbox 469 2865 606 2918; x_wconf 83' lang='lat' dir='ltr'>atcerte</span> <span class='ocrx_word' id='word_1_190' title='bbox 629 2878 684 2938; x_wconf 91' lang='lat' dir='ltr'>spe</span> <span class='ocrx_word' id='word_1_191' title='bbox 714 2866 897 2937; x_wconf 83' lang='lat' dir='ltr'>exspectare</span> <span class='ocrx_word' id='word_1_192' title='bbox 926 2857 1081 2919; x_wconf 85' lang='lat' dir='ltr'>debemus</span> <span class='ocrx_word' id='word_1_193' title='bbox 1107 2856 1130 2913; x_wconf 90' lang='lat' dir='ltr'>in</span> 
     </span>
     <span class='ocr_line' id='line_1_32' title="bbox 212 2939 1132 3021; baseline -0.002 -22"><span class='ocrx_word' id='word_1_194' title='bbox 212 2939 271 3000; x_wconf 85' lang='lat' dir='ltr'>hae</span> <span class='ocrx_word' id='word_1_195' title='bbox 293 2941 416 3020; x_wconf 88' lang='lat' dir='ltr'>quidem</span> <span class='ocrx_word' id='word_1_196' title='bbox 438 2943 503 3001; x_wconf 90' lang='lat' dir='ltr'>vita</span> <span class='ocrx_word' id='word_1_197' title='bbox 523 2960 579 3021; x_wconf 90' lang='lat' dir='ltr'>per</span> <span class='ocrx_word' id='word_1_198' title='bbox 601 2949 824 3001; x_wconf 84' lang='lat' dir='ltr'>sacramentum</span> <span class='ocrx_word' id='word_1_199' title='bbox 844 2940 998 3019; x_wconf 88' lang='lat' dir='ltr'>baptismi</span> <span class='ocrx_word' id='word_1_200' title='bbox 1028 2949 1061 3002; x_wconf 90' lang='lat' dir='ltr'>et</span> <span class='ocrx_word' id='word_1_201' title='bbox 1072 2956 1132 3020; x_wconf 93' lang='lat' dir='ltr'>poe·</span> 
     </span>
     <span class='ocr_line' id='line_1_33' title="bbox 211 3025 1131 3104; baseline 0 -23"><span class='ocrx_word' id='word_1_202' title='bbox 211 3025 360 3084; x_wconf 87' lang='lat' dir='ltr'>nitentiae</span> <span class='ocrx_word' id='word_1_203' title='bbox 383 3032 581 3104; x_wconf 86' lang='lat' dir='ltr'>peecatorum</span> <span class='ocrx_word' id='word_1_204' title='bbox 604 3026 827 3103; x_wconf 84' lang='lat' dir='ltr'>remissionem,</span> <span class='ocrx_word' id='word_1_205' title='bbox 849 3026 881 3084; x_wconf 89' lang='lat' dir='ltr'>in</span> <span class='ocrx_word' id='word_1_206' title='bbox 904 3026 1019 3086; x_wconf 89' lang='lat' dir='ltr'>seoulo</span> <span class='ocrx_word' id='word_1_207' title='bbox 1040 3032 1131 3084; x_wconf 90' lang='lat' dir='ltr'>autem</span> 
     </span>
     <span class='ocr_line' id='line_1_34' title="bbox 211 3107 622 3171; baseline 0.015 -7"><span class='ocrx_word' id='word_1_208' title='bbox 211 3107 313 3167; x_wconf 89' lang='lat' dir='ltr'>futuro</span> <span class='ocrx_word' id='word_1_209' title='bbox 336 3109 431 3168; x_wconf 86' lang='lat' dir='ltr'>vitam</span> <span class='ocrx_word' id='word_1_210' title='bbox 454 3116 622 3171; x_wconf 85' lang='lat' dir='ltr'>aeternam.</span> 
     </span>
    </p>

    <p class='ocr_par' dir='ltr' id='par_1_8' title="bbox 211 3188 1133 3523">
     <span class='ocr_line' id='line_1_35' title="bbox 276 3188 1133 3269; baseline -0.005 -17"><span class='ocrx_word' id='word_1_211' title='bbox 276 3195 323 3255; x_wconf 84' lang='lat'>10.</span> <span class='ocrx_word' id='word_1_212' title='bbox 345 3192 453 3269; x_wconf 85' lang='lat' dir='ltr'>ltaque</span> <span class='ocrx_word' id='word_1_213' title='bbox 476 3192 621 3269; x_wconf 89' lang='lat' dir='ltr'>quamdiu</span> <span class='ocrx_word' id='word_1_214' title='bbox 643 3194 721 3252; x_wconf 87' lang='lat' dir='ltr'>inter</span> <span class='ocrx_word' id='word_1_215' title='bbox 742 3189 848 3251; x_wconf 86' lang='lat' dir='ltr'>hostes</span> <span class='ocrx_word' id='word_1_216' title='bbox 870 3198 1004 3252; x_wconf 90' lang='lat' dir='ltr'>nostros</span> <span class='ocrx_word' id='word_1_217' title='bbox 1040 3200 1072 3252; x_wconf 89' lang='lat' dir='ltr'>et</span> <span class='ocrx_word' id='word_1_218' title='bbox 1092 3188 1133 3250; x_wconf 90' lang='lat' dir='ltr'>ad·</span> 
     </span>
     <span class='ocr_line' id='line_1_36' title="bbox 212 3273 1133 3353; baseline -0.001 -21"><span class='ocrx_word' id='word_1_219' title='bbox 212 3276 363 3333; x_wconf 87' lang='lat' dir='ltr'>versarias</span> <span class='ocrx_word' id='word_1_220' title='bbox 386 3284 556 3353; x_wconf 87' lang='lat' dir='ltr'>potestates</span> <span class='ocrx_word' id='word_1_221' title='bbox 577 3277 628 3336; x_wconf 86' lang='lat' dir='ltr'>hio</span> <span class='ocrx_word' id='word_1_222' title='bbox 650 3278 789 3353; x_wconf 89' lang='lat' dir='ltr'>vivimus,</span> <span class='ocrx_word' id='word_1_223' title='bbox 811 3273 898 3334; x_wconf 86' lang='lat' dir='ltr'>nulla</span> <span class='ocrx_word' id='word_1_224' title='bbox 919 3276 1017 3336; x_wconf 91' lang='lat' dir='ltr'>nobis</span> <span class='ocrx_word' id='word_1_225' title='bbox 1042 3285 1133 3336; x_wconf 89' lang='lat' dir='ltr'>estse·</span> 
     </span>
     <span class='ocr_line' id='line_1_37' title="bbox 211 3358 1133 3437; baseline 0.001 -23"><span class='ocrx_word' id='word_1_226' title='bbox 211 3359 333 3435; x_wconf 75' lang='lat' dir='ltr'>our-itas,</span> <span class='ocrx_word' id='word_1_227' title='bbox 358 3358 411 3416; x_wconf 86' lang='lat' dir='ltr'>sed</span> <span class='ocrx_word' id='word_1_228' title='bbox 435 3378 503 3418; x_wconf 86' lang='lat' dir='ltr'>eum</span> <span class='ocrx_word' id='word_1_229' title='bbox 522 3363 632 3421; x_wconf 85' lang='lat' dir='ltr'>timore</span> <span class='ocrx_word' id='word_1_230' title='bbox 645 3368 676 3420; x_wconf 87' lang='lat' dir='ltr'>et</span> <span class='ocrx_word' id='word_1_231' title='bbox 688 3367 831 3437; x_wconf 85' lang='lat' dir='ltr'>tremore,</span> <span class='ocrx_word' id='word_1_232' title='bbox 852 3360 943 3418; x_wconf 85' lang='lat' dir='ltr'>iuxta</span> <span class='ocrx_word' id='word_1_233' title='bbox 957 3360 1133 3420; x_wconf 86' lang='lat' dir='ltr'>sententian</span> 
     </span>
     <span class='ocr_line' id='line_1_38' title="bbox 211 3440 1133 3523; baseline 0.002 -26"><span class='ocrx_word' id='word_1_234' title='bbox 211 3440 372 3519; x_wconf 86' lang='lat' dir='ltr'>Apostoli,</span> <span class='ocrx_word' id='word_1_235' title='bbox 394 3449 531 3503; x_wconf 83' lang='lat' dir='ltr'>nostram</span> <span class='ocrx_word' id='word_1_236' title='bbox 555 3444 685 3504; x_wconf 86' lang='lat' dir='ltr'>salutem</span> <span class='ocrx_word' id='word_1_237' title='bbox 708 3445 830 3523; x_wconf 86' lang='lat' dir='ltr'>operari</span> <span class='ocrx_word' id='word_1_238' title='bbox 852 3441 1027 3522; x_wconf 70' lang='lat' dir='ltr'>debemus,</span> <span class='ocrx_word' id='word_1_239' title='bbox 1050 3453 1080 3504; x_wconf 87' lang='lat' dir='ltr'>ot</span> <span class='ocrx_word' id='word_1_240' title='bbox 1100 3460 1133 3500; x_wconf 80' lang='lat' dir='ltr'>se</span> 
     </span>
    </p>
   </div>
   <div class='ocr_carea' id='block_1_3' title="bbox 210 3705 1135 3850">
    <p class='ocr_par' dir='ltr' id='par_1_9' title="bbox 210 3705 1135 3850">
     <span class='ocr_line' id='line_1_39' title="bbox 286 3705 1135 3774; baseline 0.008 -19"><span class='ocrx_word' id='word_1_241' title='bbox 286 3705 314 3770; x_wconf 76' lang='lat'>1)</span> <span class='ocrx_word' id='word_1_242' title='bbox 343 3707 374 3758; x_wconf 88' lang='lat' dir='ltr'>ln</span> <span class='ocrx_word' id='word_1_243' title='bbox 400 3708 443 3761; x_wconf 84' lang='lat' dir='ltr'>ed.</span> <span class='ocrx_word' id='word_1_244' title='bbox 477 3708 557 3763; x_wconf 70' lang='lat'>1558:</span> <span class='ocrx_word' id='word_1_245' title='bbox 589 3725 674 3762; x_wconf 88' lang='lat' dir='ltr'>error.</span> <span class='ocrx_word' id='word_1_246' title='bbox 748 3711 780 3774; x_wconf 75' lang='grc'>2)</span> <span class='ocrx_word' id='word_1_247' title='bbox 812 3711 843 3762; x_wconf 93' lang='lat' dir='ltr'>ln</span> <span class='ocrx_word' id='word_1_248' title='bbox 869 3710 913 3762; x_wconf 91' lang='lat' dir='ltr'>ed.</span> <span class='ocrx_word' id='word_1_249' title='bbox 936 3710 1020 3769; x_wconf 79' lang='lat' dir='ltr'>den:</span> <span class='ocrx_word' id='word_1_250' title='bbox 1056 3717 1135 3768; x_wconf 82' lang='lat' dir='ltr'>eliam</span> 
     </span>
     <span class='ocr_line' id='line_1_40' title="bbox 210 3776 1114 3850; baseline 0.01 -22"><span class='ocrx_word' id='word_1_251' title='bbox 210 3776 241 3842; x_wconf 74' lang='lat'>3)</span> <span class='ocrx_word' id='word_1_252' title='bbox 263 3776 346 3828; x_wconf 81' lang='lat' dir='ltr'>ibid:</span> <span class='ocrx_word' id='word_1_253' title='bbox 366 3778 484 3833; x_wconf 87' lang='lat' dir='ltr'>debitae.</span> <span class='ocrx_word' id='word_1_254' title='bbox 557 3781 587 3846; x_wconf 84' lang='grc'>4)</span> <span class='ocrx_word' id='word_1_255' title='bbox 606 3781 688 3835; x_wconf 78' lang='lat' dir='ltr'>Ibid:</span> <span class='ocrx_word' id='word_1_256' title='bbox 710 3789 793 3836; x_wconf 83' lang='lat' dir='ltr'>certa.</span> <span class='ocrx_word' id='word_1_257' title='bbox 866 3781 901 3850; x_wconf 73' lang='grc' dir='ltr'>ὃ)</span> <span class='ocrx_word' id='word_1_258' title='bbox 923 3782 1016 3839; x_wconf 83' lang='lat' dir='ltr'>Ibid:</span> <span class='ocrx_word' id='word_1_259' title='bbox 1038 3788 1114 3842; x_wconf 88' lang='lat' dir='ltr'>bene.</span> 
     </span>
    </p>
   </div>
   <div class='ocr_carea' id='block_1_4' title="bbox 0 0 1193 4208">
    <p class='ocr_par' dir='ltr' id='par_1_10' title="bbox 0 0 1193 4208">
     <span class='ocr_line' id='line_1_41' title="bbox 0 0 1193 4208; baseline 0 0"><span class='ocrx_word' id='word_1_260' title='bbox 0 0 1193 4208; x_wconf 95' lang='lat' dir='ltr'> </span> 
     </span>
    </p>
   </div>
  </div>
 </body>
</html>
