2346 4208
169 274 232 344 ΚΒ
460 276 482 332 i.
501 275 604 332 Concio
623 276 656 330 D.
676 277 710 331 Μ.
728 275 808 330 Luth.

253 464 376 525 Praeter
409 463 471 525 hoc
502 469 604 524 autem
624 468 745 542 votum,
778 468 868 542 potes
900 467 932 522 te
965 478 1090 541 quoquc

169 553 253 611 certo
275 548 357 608 vitae
379 547 484 628 generi
506 545 667 623 addicere,
697 545 779 625 quod
801 543 856 608 tibi
878 543 1090 606 commodissi-

170 650 251 693 mum
272 629 439 708 videbitur,
467 632 551 690 utin
575 648 612 705 eo
634 629 678 690 illi
700 636 774 690 voto
798 627 984 706 satisfacias,
1006 627 1087 706 quod

168 715 199 776 in
228 714 382 795 baptismo
415 713 522 776 fecisti.
566 713 668 792 Atque
694 714 721 772 is
753 713 890 772 delectus
922 712 953 770 in
982 716 1089 771 nostra

170 816 261 859 manu
283 802 340 857 est.
377 794 642 871 Quemadmodum
665 815 798 876 quoque,
821 797 846 855 si
868 794 929 855 duo
949 813 1011 855 una
1031 795 1090 854 iter

167 880 282 942 iaciant
303 881 333 940 in
357 879 489 959 aliquam
513 881 678 956 civitatem,
701 886 806 959 potest
827 878 904 938 alter
924 879 955 937 in
969 878 1088 952 semita,

168 963 247 1025 alter
267 964 297 1023 iu
320 962 444 1042 publica
465 964 528 1040 via,
551 969 643 1042 prout
663 964 783 1042 utrique
806 959 1088 1022 commodissimum

168 1045 267 1123 tuerit,
288 1045 420 1126 ingredi.
464 1045 585 1125 Siquis
619 1064 693 1126 ergo
724 1064 758 1105 se
780 1045 947 1105 coniecerit
973 1044 1004 1103 in
1026 1062 1088 1103 ma·

168 1129 359 1204 trimoninm,
382 1128 433 1188 ills
456 1128 577 1189 labores
601 1147 638 1188 ac
659 1127 831 1206 molestias,
863 1146 941 1206 quaa
962 1128 993 1186 in
1017 1145 1088 1187 con·

167 1211 251 1293 iugio
281 1217 369 1290 sunt,
398 1211 532 1291 perferre
555 1212 684 1292 cogitur,
707 1210 815 1289 quibus
838 1210 910 1270 dum
929 1214 1090 1270 exercetur

168 1301 298 1373 natura,
330 1296 481 1354 assuescit
513 1301 544 1355 et
574 1294 658 1355 bona
689 1301 720 1354 et
747 1294 830 1354 maia
850 1294 977 1372 aequius
999 1293 1088 1369 ferre,

168 1394 280 1439 cavere
302 1385 444 1457 peccata,
478 1397 512 1438 se
545 1395 725 1457 comparare
759 1376 797 1437 ad
830 1382 977 1457 mortem,
1008 1392 1088 1457 qnae

170 1460 274 1519 omnia
292 1460 484 1520 commodius
496 1467 598 1540 potest
621 1461 652 1521 in
673 1459 728 1521 illo
742 1479 858 1541 genere
880 1460 972 1536 vitae,
991 1470 1087 1539 'quam

168 1542 194 1602 si
216 1543 334 1603 viveret
355 1549 443 1603 extra
464 1545 651 1625 coniugium.

251 1624 307 1686 Est
330 1631 431 1686 autem
456 1633 576 1706 praeter
591 1627 766 1706 coniugium
790 1624 873 1685 aliud
895 1626 976 1685 vitae
990 1644 1088 1706 genus

167 1707 298 1852 amplius
320 1727 358 1768 ac
379 1711 600 1789 praestantius,
621 1709 743 1770 illorum
766 1708 898 1786 scilicet,
929 1709 980 1787 qui
1003 1709 1087 1788 spiri-

110 1795 114 1809 '
168 1798 252 1852 tuae
273 1797 380 1852 tenent
400 1811 529 1872 reguum
548 1793 682 1876 (utemur
704 1793 784 1852 enim
797 1790 1009 1852 communibus
1032 1808 1088 1851 vo·

168 1872 316 2016 cabulipp,
341 1875 447 1954 quales
470 1883 541 1936 sunt
563 1876 712 1955 episcopi,
733 1873 860 1955 parochi
883 1880 941 1935 eto.
985 1873 1087 1952 Atque

168 1956 198 2017 hi
222 1957 344 2037 quiem
368 1957 496 2037 singulis
523 1959 606 2019 horis
630 1957 785 2018 debebant
806 1976 875 2017 esse
897 1957 1011 2037 parati,
1048 1957 1086 2015 ad

168 2056 291 2100 omnem
314 2038 476 2100 adversam
497 2042 666 2119 fortunam,
697 2047 729 2101 st
749 2038 789 2100 ad
811 2046 940 2100 mortem
964 2057 1087 2118 quoque

167 2120 395 2202 perferendam,
418 2142 481 2183 non
504 2124 602 2184 solum
626 2131 751 2204 propter
774 2142 859 2183 suam
881 2124 1018 2202 ipsorum
1041 2140 1087 2181 sa-

168 2205 276 2278 lutem,
301 2204 355 2264 aed
378 2208 470 2265 etiam
494 2214 619 2287 propter
640 2207 778 2277 illorum,
800 2204 909 2285 quibus
931 2213 1087 2284 praesunt.

249 2286 343 2347 Porro
367 2286 459 2349 debet
479 2289 590 2349 modus
612 2309 681 2349 esse
704 2290 732 2349 in
756 2289 803 2348 his
828 2281 986 2363 omnibus,
1009 2289 1088 2347 sicut

165 2386 257 2448 supra
278 2371 399 2449 monui,
427 2379 460 2432 ut
482 2379 637 2451 spectetur
658 2391 721 2432 non
744 2371 905 2431 multitudo
928 2376 981 2430 aut
1004 2390 1086 2450 mag·

165 2451 273 2512 nitudo
297 2470 433 2532 operum,
457 2454 511 2515 sed
533 2462 649 2515 tantum
664 2461 861 2535 peccatorum
881 2451 1085 2513 mortificatio.

247 2531 361 2595 Verum
385 2537 463 2597 sicut
484 2556 587 2613 nemo,
609 2555 710 2617 neque
722 2537 876 2617 baptismi,
899 2554 1000 2615 neque
1013 2537 1086 2615 quid

165 2615 316 2697 significet
337 2618 522 2699 baptismus,
547 2639 646 2699 neque
668 2621 751 2695 voti,
773 2619 855 2699 qnod
878 2621 909 2680 in
931 2619 1085 2699 baptismo

163 2697 301 2778 iacimus,
325 2704 478 2780 meminit,
502 2702 583 2782 quod
608 2703 725 2763 scilieet
745 2702 806 2762 hoc
828 2703 917 2764 nobis
940 2704 979 2762 sit
1000 2720 1086 2782 prae-

166 2781 317 2856 standum,
341 2791 373 2844 ut
395 2792 530 2846 nostram
555 2805 688 2863 carnem,
712 2785 856 2865 quamdiu
878 2784 928 2845 hic
944 2786 1097 2863 vivimus,

164 2863 401 2944 mortificemus,
437 2870 481 2929 ita
514 2888 636 2948 qnoque
669 2889 760 2930 nemo
791 2867 976 2929 conditionis
1001 2885 1085 2946 suae,

163 2948 194 3006 in
217 2951 391 3027 quamsit,
415 2953 560 3014 meminit.
605 2952 645 3012 Et
667 2953 755 3033 pauci
778 2957 865 3031 sunt,
889 2952 940 3031 qni
963 2955 1084 3027 norunt,

164 3046 258 3108 quare
279 3031 360 3092 hunc
381 3034 411 3093 iu
435 3035 505 3113 hoe,
527 3035 612 3095 illum
635 3037 667 3095 in
689 3034 771 3095 aliud
792 3035 875 3095 vitae
892 3053 990 3115 genus
1013 3053 1085 3094 con·

162 3113 268 3174 iecerit
305 3113 399 3179 Deus.
448 3117 520 3178 ideo
556 3125 659 3178 autem
691 3137 710 3177 a
738 3118 804 3178 Deo
834 3118 893 3177 ista
926 3118 971 3177 sic
998 3115 1085 3196 flunt,

163 3200 196 3255 ut
227 3200 436 3278 unusquisqne
470 3201 662 3262 commodius
691 3200 845 3279 baptismo
882 3200 1085 3261 satisfaceret.

161 3277 225 3338 lom
247 3280 277 3338 in
291 3298 438 3361 pompam
460 3303 499 3343 ea
520 3303 569 3343 res
592 3283 674 3360 abiit,
697 3302 797 3362 neque
813 3284 975 3363 quicquam
990 3281 1085 3362 aliud,

162 3377 253 3439 quam
288 3369 416 3423 externa
455 3365 605 3444 quaedam
643 3368 763 3447 speeies
797 3371 845 3428 est
879 3366 1007 3444 reliqua.
1050 3364 1084 3426 ld

162 3442 244 3521 quod
274 3443 346 3508 Esa.
369 3464 436 3527 esp.
463 3452 490 3510 1.
518 3467 641 3529 quoque
669 3450 879 3529 conqueritur:
912 3447 1083 3529 Argentum

162 3534 245 3586 tuum
268 3545 452 3590 conversum
474 3539 522 3590 est
543 3533 573 3592 in
597 3534 738 3610 scoriam,
761 3540 793 3593 et
814 3534 921 3593 vinum
946 3539 1029 3592 tunm
1051 3531 1083 3592 in

161 3624 282 3689 aquam.
326 3610 384 3672 Est
412 3618 515 3674 autem
547 3635 585 3675 eo
613 3614 740 3696 indigna
763 3623 794 3676 et
816 3614 997 3675 miserabilis
1020 3632 1083 3675 om·

159 3691 435 3837 pinvoalamitas,
458 3698 506 3757 oui
529 3699 643 3758 utinam
667 3697 833 3777 aliquando
855 3698 938 3759 Deus
961 3696 1083 3759 medea

172 3794 216 3849 ur,
269 3794 349 3841 men.
