2346 4208
118 211 201 303 Ι178
355 215 511 283 Disputatio
532 217 638 285 Lipsiae
657 216 751 268 habita
768 232 793 269 a.
812 216 876 270 XIX

220 400 295 460 Post
326 400 399 461 hoo·
417 400 455 460 de
484 401 635 482 passagiis
664 406 695 462 et
725 401 867 461 erueiatis
896 400 1048 481 arbitratur

21 550 25 563 Ι
136 485 281 564 egregius
303 483 341 546 D.
364 483 401 546 D.
425 501 487 544 non
520 502 589 544 esse
611 503 676 544 rem
696 485 785 565 parvi
812 485 981 563 momenti,
1011 490 1049 544 tot

136 565 244 633 fideles
275 565 397 646 deoipi,
431 568 611 646 praesertim
639 567 808 648 hlagnates.
851 564 1049 648 Respondes:

137 649 203 709 Neo
227 656 275 710 est
295 668 344 711 res
368 651 472 730 magni
493 653 658 730 momenti,
690 650 941 730 qnandoquidem
963 656 995 711 et
1014 648 1050 709 di-

137 752 192 793 vus
215 732 420 812 Hieronymus
442 733 550 795 Matth.
573 737 622 799 23.
655 732 695 793 de
716 735 867 815 sanguine
889 732 1050 795 Dachariae

78 859 82 867 -
120 815 308 896 prophatae
329 815 426 875 dieit:
460 815 531 876 Non
553 816 734 877 damnamus
756 836 917 896 errorem,
945 814 999 896 qni
1018 812 1051 876 de

33 920 36 924 “
120 900 251 978 ,pietate
271 897 345 959 fidei
377 897 547 960 deseendit.
590 899 637 960 lta
671 906 702 960 et
731 899 782 960 hio
804 918 890 961 error
922 899 1051 960 estsine

136 980 249 1042 damno
271 982 409 1060 animae,
433 983 508 1043 eitra
530 984 623 1043 etiarn
644 983 761 1043 luorum
774 985 953 1063 pennulae,
975 980 1051 1062 quod

135 1062 276 1126 deferunt
302 1083 358 1144 pro
380 1065 501 1126 honore
524 1065 555 1129 S.
578 1066 729 1126 eeclesiae
757 1064 941 1149 rectoribus¹
962 1063 1052 1127 eoele-

134 1165 259 1211 srarum.
833 1174 842 1191 ··

216 1229 349 1305 Quando
371 1249 431 1310 ego
454 1228 528 1311 dixi,
551 1226 667 1291 nullum
690 1249 762 1291 esse
784 1230 943 1292 decretum
966 1248 1053 1311 snper

134 1313 342 1393 indulgentiis,
365 1315 513 1393 opposuit
534 1312 685 1375 Sixtinam
710 1320 742 1374 et
763 1314 934 1376 Leoninam
956 1314 1054 1376 novit

136 1397 265 1471 simam,
307 1396 360 1457 ubi
403 1395 597 1457 declarantur
624 1398 751 1457 virtutes
786 1396 1054 1478 indulgentiarum.

135 1480 231 1541 Dioo:
251 1479 337 1541 Haeo
358 1478 419 1539 alia
432 1481 639 1559 quaestinem
661 1480 729 1561 Ego
752 1480 826 1560 dixi,
848 1480 968 1541 nulludr
989 1498 1055 1541 esse

135 1561 309 1642 dearetum,
339 1561 420 1642 quod
448 1565 641 1642 praeeiperet
667 1562 875 1645 indulgentias
896 1562 1054 1639 redimere,

134 1645 205 1707 ideo
227 1665 292 1707 non
315 1665 385 1706 esse
407 1648 620 1716 necessarias·
958 1658 961 1663 '

217 1728 251 1788 In
272 1728 344 1807 fine,
365 1729 405 1789 ad
426 1727 622 1808 proverbium
637 1728 728 1789 illud:
751 1728 967 1811 Indulgentiae
988 1732 1054 1789 sunt

134 1813 204 1891 piae
226 1810 361 1873 fidelium
382 1811 600 1893 deceptiones,
621 1831 677 1891 per
697 1811 781 1891 quod
803 1814 904 1889 volui,
927 1830 993 1874 non
1013 1816 1054 1873 to

135 1903 197 1956 tam
221 1895 385 1957 eeclesiam
407 1913 542 1974 errasse,
574 1895 657 1974 dioit,
679 1913 743 1955 non
767 1914 838 1956 ease
859 1894 1054 1975 audienduth,

135 1978 219 2057 quod
242 1980 373 2060 quisque
396 1977 494 2057 dieat,
529 1978 583 2038 sed
606 1977 688 2058 quod
711 1977 784 2038 boni
805 1988 836 2038 et
857 1979 984 2040 honesti
1000 1976 1055 2039 'vui

135 2067 281 2125 statuunt.
312 2061 402 2121 Nune
422 2080 496 2121 vero
519 2062 613 2140 aliqui
635 2062 730 2121 etiam
750 2062 780 2121 in
804 2060 989 2122 Sanhtorum
1010 2078 1055 2121 aa·

134 2144 272 2226 talogum
295 2143 383 2204 relati
407 2163 470 2204 non
492 2144 668 2224 improbant
687 2143 894 2224 indulgentias
913 2143 958 2223 ¹).
978 2154 982 2171 ²
999 2144 1054 2205 Re·

134 2226 296 2306 spondeo:
328 2226 394 2287 Nee
416 2246 477 2306 ego
501 2245 585 2287 sane.
627 2226 696 2287 Hoo
716 2233 818 2287 tamen
838 2226 940 2307 addo,
975 2224 1054 2307 quud

133 2310 266 2370 eeclesia
286 2310 442 2391 aooipiens
466 2312 627 2390 opiniones
649 2330 712 2371 non
741 2310 816 2370 fauit
836 2310 908 2371 ideo
931 2330 973 2371 ex
995 2316 1014 2372 'o
1035 2309 1054 2369 i·

134 2392 275 2455 nionibus
294 2395 450 2456 veritates.
484 2393 559 2454 Ideo
589 2392 629 2453 ad
650 2395 739 2453 istam
761 2393 874 2454 Leonis
895 2393 934 2454 X.
955 2392 1017 2455 dee

134 2477 285 2537 rationem
308 2475 396 2556 dieo,
418 2477 496 2536 siout
516 2478 548 2536 in
568 2476 656 2537 Aetis
678 2476 751 2556 dixi,
772 2495 834 2538 non
857 2476 984 2565 probari
1005 2492 1054 2557 ηπ-

134 2558 181 2619 dis
214 2560 314 2621 verbis
348 2560 528 2639 praesertim
560 2560 717 2620 hominum
747 2559 955 2640 indulgentias
989 2576 1054 2621 esse

135 2643 174 2703 de
196 2643 340 2704 thesauro
363 2643 475 2704 Christi
497 2648 650 2723 sumptas,
680 2651 711 2703 et
731 2643 853 2704 solvere
874 2650 995 2723 poenas
1016 2642 1054 2703 iu·

134 2726 217 2786 stitia
239 2725 342 2787 divina
363 2726 543 2806 requisitas,
576 2726 648 2786 lieet
681 2727 858 2808 opinionem
887 2745 952 2786 non
975 2726 1054 2788 dam·

134 2827 215 2869 nem.
236 2808 325 2888 Nam,
348 2815 381 2868 ut
402 2808 503 2868 dieam
524 2809 608 2890 quod
630 2811 748 2888 sentio,
771 2808 975 2871 eum-Christi
997 2820 1054 2869 me·

69 2908 72 2913 ·
132 2894 209 2968 rita,
232 2894 297 2953 sive
318 2893 508 2971 aoeipiantur
528 2898 562 2951 ut
584 2891 744 2973 suffragia,
785 2894 851 2953 sive
872 2908 1055 2973 quoeunque

136 2975 228 3036 modo
251 2983 282 3036 et
304 2976 449 3054 nomine,
488 2974 685 3035 nihilominus
708 2984 779 3037 sunt
802 2976 910 3036 merita
932 2974 1053 3051 Christi,

134 3077 193 3121 nea
212 3067 339 3139 propter
359 3078 448 3118 usum
478 3058 528 3118 vel
562 3058 799 3139 applicationem
828 3056 1053 3139 metamorpho-

133 3142 179 3203 sin
201 3142 342 3204 subeunt.
385 3140 418 3203 Si
446 3146 548 3201 autem
570 3150 642 3201 sunt
669 3144 777 3202 merita
798 3140 928 3222 Christi,
942 3160 946 3169 ·
960 3140 1054 3223 gratia

132 3230 164 3284 et
185 3227 298 3285 veritas
319 3231 400 3303 sunt,
422 3225 508 3285 iuxta
530 3224 605 3285 illud
627 3224 770 3291 Psal‘25:
793 3226 966 3286 Universae
988 3224 1052 3285 viae

133 3308 257 3369 Domini
278 3307 488 3368 misericordia
509 3309 685 3387 et'veritas,
710 3315 740 3369 et
760 3308 873 3369 Johan.
895 3312 929 3371 l:
952 3306 1053 3369 uram

132 3399 164 3452 et
190 3393 302 3453 veritas
323 3411 380 3471 per
400 3391 507 3451 desum
532 3390 685 3451 Christum
708 3391 791 3452 lauta
821 3398 890 3470 est,
927 3390 1052 3452 ibidem:

136 3473 273 3535 Vidimus
295 3473 420 3555 plenum
441 3475 558 3554 gratiae
579 3482 612 3534 et
631 3476 782 3540 veritatis.
813 3474 917 3549 Quare
939 3468 1050 3559 etiamsi

167 3737 200 3806 l)
222 3737 252 3789 In
272 3735 315 3792 ed.
334 3738 391 3792 Jen.
412 3742 439 3792 et
457 3735 532 3807 apud
552 3735 682 3791 Loesch.:
703 3733 917 3806 indulgentiam.
987 3798 1001 3809 .
