2346 4208
284 294 420 350 adversus
441 266 650 385 criminationes
670 297 787 351 botheri.
984 297 1003 362 5

76 484 173 544 ritatis
212 486 335 546 tramite
369 483 507 563 deviare,
547 485 618 565 quid
654 485 692 546 ab
726 486 814 547 initio
849 486 1003 567 egerimus

18 622 25 647 ,
76 566 191 646 quidve
215 575 355 629 secutum
380 587 449 627 cum
471 568 598 629 Andrea
614 569 803 630 Bodenstein
826 568 926 644 fuerit,
948 572 1001 631 mi·

76 651 158 710 nime
188 669 248 711 vos
272 653 428 731 praeterit.
471 651 513 717 At
538 672 612 713 cum
643 673 765 734 semper
797 652 878 713 istud
906 672 1003 734 genus

75 734 303 794 invectivarum
325 734 478 819 scribendi
502 735 635 812 oderim,
660 738 805 797 constitui
828 737 929 796 facere
952 756 1003 818 pe-

75 816 204 876 riculum
227 817 332 879 iudicii
367 819 426 877 mei
451 836 554 878 coram
578 818 782 896 doctissimis,
818 819 848 879 in
873 839 1002 900 quorum

76 900 248 960 sententias
271 901 461 961 intellectum
484 921 585 962 meum
611 903 799 982 captivarem
831 911 862 963 et
888 903 918 962 iu
942 922 1003 963 ser·

75 983 188 1042 vitutes
210 982 400 1065 redigerem,
416 995 419 1000 ’
435 985 536 1044 sciens
566 984 649 1063 quod
671 985 822 1066 philautia
845 985 884 1045 sit
906 993 1024 1071 mater,

75 1070 227 1141 errorum,
249 1074 279 1126 et
302 1067 383 1147 quod
408 1068 604 1147 singularitas
627 1068 657 1126 in
676 1069 889 1149 praecipitium
908 1070 1001 1151 cogit,

76 1156 107 1208 ut
134 1149 179 1208 ait
202 1149 309 1229 Berm,
342 1158 373 1210 et
405 1150 489 1210 nolle
512 1151 638 1211 credere
662 1151 908 1230 prudentioribus
931 1153 1003 1213 stul·

77 1232 144 1291 titia
166 1231 224 1310 sit,
254 1239 287 1291 ut
309 1233 436 1293 Boetius
459 1239 597 1294 testatur.
642 1231 733 1308 Quod
765 1235 821 1295 etsi
844 1254 899 1313 per
921 1234 1000 1296 Con·

73 1315 294 1375 traversarium
327 1315 377 1376 diu
400 1315 622 1396 congrediendi
642 1316 772 1377 facultas
801 1317 892 1377 fuerit
913 1337 1001 1397 prae·

74 1397 181 1474 elusa,
219 1397 343 1458 tandem
366 1400 397 1458 in
420 1398 582 1479 Liptzense
616 1398 755 1461 Studium
787 1401 1000 1479 convenimus,
1032 1407 1038 1428 ¹

74 1479 125 1540 ubi
158 1478 233 1540 dum
267 1491 298 1541 et
319 1481 482 1563 Augustini
505 1485 595 1563 jussa
617 1490 740 1544 secutus
757 1483 876 1544 futurae
899 1483 1000 1564 dispu-

73 1563 201 1623 tationis
224 1583 374 1624 summam
398 1564 513 1626 scheda
535 1585 662 1626 exarare
683 1567 798 1644 curavi,
814 1567 906 1627 etiam
931 1568 1001 1629 sub·

72 1646 179 1726 itaria,
216 1646 297 1708 adeo
326 1655 443 1708 utnon
465 1649 686 1728 poenitendum
710 1649 871 1710 articulum
894 1648 1000 1716 delib.

73 1728 137 1790 arb.
170 1734 204 1789 et
232 1726 294 1790 fide
328 1731 528 1811 negligerem.
571 1730 639 1792 Hae
670 1739 733 1792 tum
763 1731 878 1793 scheda
905 1732 944 1794 ad
966 1733 1000 1796 F.

74 1813 158 1871 biart.
182 1811 289 1873 Lutter
315 1833 371 1893 per
400 1833 449 1874 me
471 1815 666 1896 transmissa,
699 1823 733 1874 ut
761 1824 808 1875 est
829 1815 999 1878 mordendo

72 1896 325 1974 potentissimus,
368 1897 531 1957 confestim
566 1898 737 1979 Epistolam
775 1900 999 1978 propugnatori

74 1997 128 2038 suo
160 1977 335 2040 dedicatam
358 1979 578 2043 disseminavit.
622 1980 709 2056 Quae
748 2001 787 2041 au
810 1981 1000 2061 respondeat

73 2060 230 2121 Eccianae
254 2055 439 2140 modestiae,
463 2064 587 2124 lectoris
610 2065 768 2124 committo
791 2064 915 2125 iudicio.
958 2063 1001 2125 At

74 2145 147 2222 quia
166 2144 342 2204 istiusmodi
365 2165 465 2226 genus
487 2146 662 2217 hominum,
692 2156 724 2206 ut
746 2147 859 2207 Beatus
882 2147 998 2228 Grego-

74 2229 133 2286 rius
155 2226 301 2303 affirmat,
324 2235 462 2288 tacentes
485 2230 570 2289 solos
593 2237 686 2305 amat,
709 2248 771 2290 non
791 2250 999 2291 moveornec
1093 2238 1098 2257 “

74 2309 218 2371 offendor
247 2311 382 2371 mordaci
406 2313 618 2392 suaepistola.
665 2312 788 2373 Utinam
813 2313 924 2394 dignus
947 2314 999 2373 ha·
1091 2320 1093 2326 '

74 2393 179 2469 berer,
203 2394 296 2471 ¹¹velut
318 2395 452 2474 apostoli
475 2395 703 2476 gloriabantur,
738 2416 794 2474 pro
817 2398 946 2456 veritate
969 2403 1001 2456 et

73 2476 209 2536 Domino
232 2476 307 2536 Jesu
337 2480 556 2540 coutumeliam
579 2479 652 2557 pati.
697 2479 874 2539 Curandum
896 2487 999 2539 tamen

75 2559 148 2619 mihi
172 2558 277 2637 video,
300 2580 339 2620 ne
352 2561 453 2640 pusilli
477 2561 681 2641 offendantur,
705 2563 758 2640 qui
777 2563 898 2622 facilem
913 2582 999 2641 prae-

73 2642 184 2702 berent
206 2641 386 2703 detrahendi
410 2664 587 2724 assensum,
623 2645 649 2704 si
671 2645 787 2704 nullam
815 2666 854 2706 ex
876 2666 926 2705 me
948 2645 1012 2706 ha!

73 2725 183 2785 berent
206 2728 449 2789 exeusationem.
568 2780 571 2784 .

157 2807 262 2888 Aegre
290 2810 348 2870 fert
374 2811 530 2886 Lutterus,
561 2809 660 2890 quod,
696 2810 768 2869 dum
789 2811 1000 2892 promisissem

74 2891 299 2972 disputaturum
330 2913 379 2953 me
407 2894 445 2953 D.
468 2893 656 2953 Bodenstein
680 2894 816 2973 Lipsiae,
847 2895 877 2953 in
901 2896 998 2974 ipsum
1055 2894 1061 2905 ⁴

74 2976 218 3034 verterim
244 2977 409 3055 impetum,
440 2983 487 3053 et,
510 2983 543 3035 ut
565 2983 612 3036 est
633 2983 716 3036 totus
739 2977 881 3050 olibrius,
916 2976 1002 3036 addit

73 3078 107 3117 se
144 3059 265 3118 nescire
296 3079 334 3118 an
362 3079 503 3118 ranarum
534 3079 572 3118 an
602 3079 792 3119 muscarum:
826 3061 947 3119 interim
970 3060 999 3116 in
1085 3076 1092 3089 “

74 3161 145 3200 suas
171 3160 269 3220 nugas
293 3141 330 3201 de
359 3142 559 3222 indulgentiis
583 3142 799 3223 debacchatuS,
820 3144 858 3202 D.
881 3141 1001 3202 Boden-

74 3226 154 3284 stein
178 3223 262 3283 dicta
284 3225 368 3284 velut
387 3245 519 3305 parerga
548 3232 579 3284 et
601 3245 719 3284 summo
744 3226 827 3304 quod
851 3227 937 3285 aiunt
959 3223 1001 3282 di-

73 3307 172 3388 gitulo
195 3308 247 3365 vix
260 3309 428 3387 attigerim:
453 3316 484 3367 at
507 3327 597 3386 quam
612 3308 807 3387 impudenter
827 3309 905 3368 haec
928 3306 1001 3365 mihi

74 3389 246 3466 adscribat,
284 3391 408 3451 lectoris
440 3410 502 3451 non
531 3391 609 3450 fallit
630 3391 786 3450 iudicium.
829 3391 908 3450 Nam
932 3409 1000 3448 cum

75 3473 265 3534 Bodenstein
290 3476 328 3532 sit
355 3474 471 3535 Lutteri
497 3481 709 3555 propugnator
731 3480 763 3534 et
784 3473 1002 3533 adnotationes

75 3575 159 3616 meas
194 3566 256 3616 tres
286 3558 316 3615 in
351 3557 507 3638 disputata
528 3557 643 3617 Lutteri
678 3557 716 3616 de
738 3556 940 3637 Indulgentiis
963 3553 1002 3614 ad

74 3640 228 3700 Revereri.
273 3640 461 3721 Episcopum
496 3660 596 3700 meum
621 3642 823 3720 Eystetenum
858 3638 1001 3719 privatim

73 3723 172 3783 factas
196 3743 258 3784 non
282 3730 343 3784 tam
367 3725 458 3786 docte
486 3743 575 3804 quam
602 3724 786 3785 mordaciter
807 3720 1003 3802 improbave-

72 3808 131 3888 rit,-
143 3826 182 3867 so
203 3808 329 3887 reliquis
349 3808 437 3871 idem
453 3808 693 3889 polliciturum
712 3813 829 3872 temera
841 3804 1009 3871 materiam
