2346 4208
119 270 183 338 224
210 320 217 333 ,
295 271 440 327 Sarmat.
462 273 568 341 Lipsiae
586 273 614 325 in
635 288 698 326 arce
717 272 837 327 habitus.

120 469 182 544 tas,
217 481 253 522 ac
290 462 333 522 ita
371 467 555 542 potestatem
584 468 616 521 at
639 461 887 523 consolationem
910 461 1028 523 clavium

12 578 16 585 ·
121 564 261 626 quaeras.
306 545 382 606 Cum
407 547 467 605 iam
491 544 636 605 sacerdos
658 545 842 624 pronunciat
870 551 902 604 et
930 552 959 604 te
986 544 1030 607 ab·

120 630 227 705 solvit,
258 627 339 688 idem
364 637 427 702 ast,
460 647 497 688 ac
528 629 553 687 si
575 627 707 687 dicatur:
731 629 873 688 Remissa
895 635 966 688 sunt
985 628 1029 689 nti

120 720 339 792 peccatam,
370 711 604 772 misericordem
628 711 726 770 Deum
757 709 864 773 habes.
909 711 968 773 Hie
987 710 1030 771 dc-

120 815 201 855 mum
226 814 328 854 sermo
351 794 566 855 consolatione
589 795 698 874 plenus
721 801 783 872 est,
814 800 845 852 et
866 794 962 855 verba
983 794 1030 855 liei

121 885 199 957 sunt,
223 879 273 958 qui
298 879 342 938 sio
364 876 456 937 fidem
480 898 566 937 snam
589 877 746 958 obligavit,
770 878 855 936 etin
878 877 970 938 coelo
992 894 1030 939 se

121 961 216 1021 lutum
241 978 310 1020 asse
331 961 407 1038 vult,
430 960 513 1039 quod
527 959 672 1020 sacerdos
695 959 829 1020 solutum
846 962 1029 1039 pronunciat

204 1045 262 1103 Hic
281 1043 336 1103 tibi
366 1045 456 1103 etiam
482 1052 574 1122 atque
596 1045 687 1103 etiarn
711 1042 967 1121 videndumst,
999 1061 1030 1103 ne

121 1126 193 1206 quid
216 1126 337 1187 dubites
360 1129 404 1185 sie
426 1146 460 1186 se
481 1127 604 1187 habere.
628 1129 730 1205 Atque
752 1127 840 1185 citius
863 1145 928 1187 non
949 1145 1030 1187 unsnr

122 1217 251 1269 mortem
287 1209 372 1270 obire
396 1210 505 1286 debes,
540 1229 630 1289 quam
667 1209 707 1270 dc
736 1208 907 1270 sacerdotis
929 1210 1031 1271 iudicio

122 1292 269 1368 dubitare.
312 1293 390 1355 Nam
426 1294 536 1352 Christi
571 1301 603 1353 et
633 1293 691 1352 Dei
720 1292 865 1351 iudicium
888 1299 961 1373 test.
1006 1290 1033 1353 ti

121 1376 199 1435 haec
219 1377 263 1436 ita
284 1375 410 1436 credere
432 1382 550 1455 potest,
586 1382 709 1455 oportet
731 1383 764 1435 ut
785 1393 839 1435 cor
860 1381 946 1435 tuum
968 1392 1033 1456 prae

121 1459 238 1519 laetitia
259 1458 358 1519 rideat
380 1466 411 1518 et
433 1460 602 1519 sacerdotis
619 1466 805 1538 potestatem
828 1458 961 1535 deamat,
975 1459 1032 1519 nco

121 1544 235 1622 gratias
257 1550 346 1623 agat,
368 1561 499 1620 eumque
521 1542 662 1613 laudibus
685 1540 806 1617 efferat,
841 1540 926 1620 quod
960 1549 1032 1601 tuan

122 1627 343 1685 conscientiam
376 1627 419 1684 ita
451 1645 506 1705 per
534 1626 675 1684 homines
705 1625 859 1684 consolari
890 1625 1031 1705 dignatur.

122 1707 175 1770 sin
196 1728 269 1769 vero
294 1708 419 1768 credere
442 1711 561 1783 nescis,
585 1716 615 1767 et
639 1713 669 1767 te
690 1707 779 1767 huius
801 1706 1033 1769 condonationis

122 1791 280 1872 indignum
302 1792 434 1869 iudicas,
471 1810 663 1869 nequaquam
687 1792 844 1850 existimes
873 1797 904 1851 te
927 1788 1033 1852 satiate¹

122 1877 201 1936 cisse
224 1895 279 1955 pro
303 1875 355 1935 tali
378 1874 439 1934 fide
462 1874 631 1934 obtinenda
653 1874 719 1934 Deo
755 1874 943 1953 supplicate,
965 1874 1035 1935 hant

122 1960 203 2019 enim
232 1959 290 2018 uisi
324 1959 455 2037 habeas,
492 1965 652 2018 aeternum
688 1956 740 2016 tibi
773 1957 965 2036 pereundum
987 1960 1034 2035 a*

123 2050 231 2122 estque
252 2043 313 2101 hoc
342 2049 457 2101 certum
481 2043 601 2121 signum
629 2049 659 2100 te
680 2042 711 2099 in
734 2039 795 2099 fide
817 2059 880 2100 nou
904 2043 979 2101 satis
998 2040 1033 2101 it·

123 2132 270 2185 structum
294 2143 372 2200 esse,
395 2128 426 2189 in
449 2124 592 2204 operibus
617 2133 719 2183 autem
740 2124 808 2202 plus
831 2125 916 2185 satis.
1020 2166 1024 2179 .

204 2207 314 2267 Millies
337 2208 405 2286 plus
428 2208 459 2266 in
482 2227 520 2267 eo
548 2209 637 2266 situm
663 2214 727 2283 est,
757 2215 789 2266 ιιι
811 2212 896 2266 certo
920 2214 952 2267 et
972 2224 1033 2267 con·

122 2297 239 2351 sttaner
268 2290 375 2350 credas
406 2297 527 2350 sentent
515 2292 576 2350 tiae
598 2290 818 2366 absolutionis,
854 2309 947 2368 quam
970 2306 1033 2370 qno

123 2375 217 2434 modo
241 2373 352 2453 dignus
375 2375 426 2452 sis,
450 2382 486 2516 ett
503 2372 685 2433 satisfacias
709 2372 851 2451 adeoque
874 2375 944 2433 talis
967 2372 1032 2433 lida

123 2457 248 2539 dignum
273 2469 303 2516 te
324 2456 472 2535 reddit
456 2464 613 2516 etveram
636 2434 875 2516 satisfactionem
897 2458 1031 2535 praerat

124 2542 253 2620 Atque
245 2547 288 2599 ita
311 2547 449 2620 potestas
473 2540 603 2598 clavium
627 2539 751 2599 adiuvat
739 2547 846 2598 tnou
866 2538 1033 2600 sacerdota

122 2622 367 2697 utsacerdotes
390 2642 495 2683 verum
519 2631 584 2682 tant
586 2644 646 2699 um
670 2632 702 2682 ut
692 2621 862 2682 tinfirmae
886 2631 918 2683 et
936 2638 1032 2703 peeotr

122 2709 161 2767 tie
184 2707 312 2768 obrutae
341 2708 566 2784 conscientiae,
605 2725 683 2784 quae
705 2713 835 2786 gramm
865 2725 922 2785 per
952 2705 1032 2767 fldem

123 2793 296 2872 accipiunt,
330 2797 494 2870 ponentur,
534 2797 564 2849 et
552 2789 732 2849 tfirmam
725 2809 755 2848 m
778 2790 877 2848 Deum
900 2787 1032 2851 fiduciae

123 2875 309 2954 concipiant

205 2957 337 3035 Exque
361 2958 641 3037 posteasequrur
681 2955 764 3034 quod
798 2956 899 3016 omnis
928 2956 1034 3017 sitast

123 3041 225 3103 aitlict'
206 3047 248 3101 tro
270 3041 345 3100 levit
334 3046 380 3099 ter
395 3039 474 3099 ferat
462 3046 517 3118 tur
542 3046 572 3098 et
593 3040 686 3099 homo
710 3038 813 3097 hilaris
837 3057 895 3099 sno
908 3034 1032 3120 propih't

122 3124 220 3185 Deo
213 3125 362 3184 inservire
385 3130 486 3201 queat,
510 3125 561 3202 qui
583 3123 697 3201 alioqui
721 3141 777 3201 per
799 3122 902 3182 cordia
925 3128 1032 3183 nestun

124 3214 155 3267 et
181 3196 360 3288 perpetuam
396 3206 617 3266 dubitationem
651 3205 766 3264 nullum
803 3225 938 3284 unquam
973 3216 1033 3265 vert

124 3292 238 3351 bonum
267 3310 343 3371 opus
366 3290 447 3349 facit.
490 3290 557 3348 Hoc
586 3289 706 3349 demum
737 3288 826 3348 dulce
861 3288 937 3349 illud
967 3300 1033 3355 onus

125 3383 172 3435 est
194 3376 317 3435 Domini
341 3376 436 3433 nostri
465 3376 532 3431 lesu
556 3374 681 3449 Christi,
713 3372 751 3431 de
780 3392 841 3452 quo
863 3372 970 3433 Matth.
994 3370 1031 3433 tt.

125 3459 273 3538 loquitur:
296 3458 404 3537 Iugum
439 3476 541 3516 meum
569 3455 765 3516 commodum
800 3464 866 3531 est,
904 3463 936 3517 at
966 3466 1032 3517 οιιιιι

125 3561 225 3602 meum
248 3543 326 3602 leve.
371 3540 473 3619 Atque
495 3541 573 3598 haec
596 3541 634 3600 de
656 3538 716 3599 lroc
738 3539 913 3620 evangelio.
