2346 4208
122 244 185 310 180
309 248 464 317 Disputatio
483 249 591 317 Lipsiae
609 247 705 302 habita
727 265 753 304 a.
772 249 830 302 xlx

120 435 342 516 periculosum,
369 443 402 496 ut
434 434 526 496 hodie
559 436 689 516 induxi,
716 436 787 498 ideo
810 437 962 499 ecclesiae
982 456 1037 500 non

121 524 233 597 emant,
256 520 281 579 si
305 519 404 580 solum
427 521 531 601 pigros
554 521 703 582 contritos
722 521 982 605 voluntreoipere
1001 523 1039 583 in·

121 601 309 747 gpllgtentias,
338 610 420 665 certe
453 603 492 663 ad
520 603 738 665 carthusianos
768 604 876 666 venire
903 624 967 666 nun
995 603 1039 667 de

202 768 237 827 ln
269 732 397 828 materia
428 766 499 829 fidei
536 768 611 829 dicit
646 769 780 829 maxime
815 734 1057 845 attendendum,x

24 850 52 915 ’,
121 848 333 929 quiddicatur.
356 850 537 932 Egoautem
560 853 756 913 autoritatem
775 860 885 933 reputo
907 854 940 915 in
961 852 1040 915 ibeo·

122 933 205 1013 logia
234 935 497 1012 potentissimam,
531 943 562 995 et
590 934 672 1014 quod
707 935 813 996 andire
841 937 1056 1017 praecipimnr·

121 1014 264 1075 sedentes
293 1034 385 1096 supra
407 1016 583 1079 cathedram
611 1018 722 1098 Moysi.
757 1019 830 1079 ldeo
858 1019 927 1100 quis
956 1018 1042 1094 dicat,

121 1096 460 1179 attendercdebemus,
483 1106 517 1160 ιιι
538 1103 728 1180 captivemus
739 1100 941 1181 intellectum,
962 1103 1042 1163 iuxta

121 1189 318 1262 praeceptum
340 1183 489 1263 apostoli,
515 1185 545 1244 in
571 1183 751 1264 obsequium
773 1183 861 1263 fidei,
883 1191 1044 1266 propterea

120 1264 253 1326 concilia
279 1264 384 1326 habita
411 1274 496 1346 sunt,
537 1274 571 1327 ιιι
600 1285 706 1327 eorum
734 1271 899 1329 autoritate
927 1285 1044 1333 errores

120 1349 405 1409 exterminarentur.

204 1431 251 1492 De
271 1431 516 1493 Mendicantibus
538 1438 672 1497 transeo.

204 1512 296 1589 Quod
315 1533 391 1576 vero
413 1516 470 1595 ait,
503 1516 667 1576 concilium
689 1517 719 1576 in
741 1515 794 1595 iis,
815 1515 847 1574 in
870 1512 982 1595 quibus
1003 1534 1044 1577 rs

121 1598 202 1677 gitur
223 1616 242 1656 a
263 1596 376 1677 Spiritu
397 1603 521 1676 sancto,
549 1617 613 1661 non
635 1617 752 1677 errare,
776 1597 846 1659 dico
866 1617 946 1678 ego,
974 1598 1045 1661 anu‘·
1062 1592 1084 1681 J

121 1698 250 1759 quorum
271 1680 395 1741 Petrum
417 1688 539 1742 secutus
561 1683 767 1760 sententiam,
789 1699 918 1762 semper
934 1680 1045 1745 debaro

121 1764 275 1842 praesumi
297 1765 461 1825 concilium
482 1766 548 1846 regi
576 1785 595 1826 a
615 1764 729 1846 Spiritu
751 1771 876 1836 sancto,
904 1762 1046 1844 quamdin

121 1866 182 1906 non
206 1853 328 1908 constat
355 1847 394 1909 de
423 1850 586 1929 opposito,
619 1849 737 1909 scilicet
764 1846 804 1907 de
831 1846 1046 1928 illegitimitatis
1079 1914 1084 1921 ,

120 1922 378 2010 cobgregationis.

203 2012 265 2074 Sed
286 2012 388 2075 adhuc
408 2012 527 2074 fortiter
548 2021 610 2075 stat
629 2011 814 2074 reverendus
837 2011 986 2074 Peterin
1007 2013 1046 2074 vi·

120 2096 163 2156 tio
187 2095 260 2156 boni
283 2097 395 2176 operis,
417 2096 499 2177 qnod
523 2096 599 2157 dans
620 2098 781 2176 pecuniam
805 2102 932 2177 propter
952 2095 1047 2157 indnlss

120 2174 251 2258 gantiae,
273 2179 349 2239 alias
372 2196 433 2239 non
448 2178 583 2258 daturus,
606 2181 693 2259 quasi
715 2180 777 2262 hoc
798 2179 837 2239 sit
855 2178 962 2239 vitium
977 2178 1047 2241 boni

121 2263 234 2340 operis.
278 2261 464 2336 Quaererem
488 2283 507 2324 a
528 2262 698 2324 reverendo
713 2263 820 2337 Patre,
843 2262 869 2321 si
890 2263 960 2342 ipse
981 2282 1056 2334 cum,

121 2345 184 2404 suis
207 2344 361 2405 Fratribus
384 2344 477 2406 habet
498 2347 740 2408 anniversarium
762 2345 890 2405 alicuius
902 2344 1048 2427 Principis

58 2425 64 2434 ’
123 2427 171 2487 vel
193 2426 313 2488 Nobilis
336 2447 405 2488 cum
429 2431 478 2494 30.
489 2429 600 2508 Missis,
622 2431 694 2508 quia
715 2428 825 2489 dantur
847 2427 949 2490 bonae
963 2428 1046 2490 Prae

121 2511 260 2589 sentiae,
295 2511 410 2593 alioqui
441 2531 505 2573 non
525 2512 682 2576 habiturus
705 2512 973 2591 anniversarium,
1009 2530 1046 2573 an

122 2592 184 2654 hoc
205 2594 244 2654 sit
267 2595 371 2654 vitium
394 2593 468 2654 boni
490 2593 660 2674 operis1)?
730 2662 733 2669 ,

204 2677 250 2738 De
266 2676 467 2759 indulgentiis
488 2677 527 2738 ab
549 2698 588 2740 ec
610 2697 673 2739 non
696 2677 881 2757 contemptis
904 2677 1047 2756 iudicent,

124 2760 175 2839 qui
198 2759 379 2822 Sermonem
402 2761 559 2842 vulgarem
582 2762 721 2844 legerint.

203 2842 318 2924 Porro,
353 2844 540 2905 reverendus
563 2846 653 2907 Pater
672 2845 770 2905 factus
792 2845 944 2924 interpres
967 2860 1048 2905 mens

122 2925 204 3006 dicit,
228 2926 434 3009 indulgentias
456 2927 534 2988 forte
556 2930 601 2989 sic
622 2929 718 2989 factas
741 2947 810 2988 esse
823 2927 1049 3005 ratractetur,

122 3011 195 3089 quia
215 3017 341 3092 propter
361 3012 435 3071 istas
469 3010 580 3091 aliquis
602 3012 779 3073 satisfacere
809 3029 873 3070 non
901 3016 1048 3072 teneatur.

121 3092 199 3173 Non·
213 3095 272 3154 iste
294 3101 342 3154 est
361 3113 470 3155 sensus
493 3114 601 3172 meus,
632 3095 687 3156 sed
711 3095 782 3174 qnia
808 3093 902 3154 homo
925 3092 1049 3156 deberet

122 3178 335 3258 propeccatis
369 3178 461 3237 etiam
494 3178 633 3239 contritis
657 3177 834 3239 satisfacere
854 3175 894 3236 de
914 3195 996 3254 su0-,
1021 3180 1049 3237 st

121 3279 176 3340 per
197 3258 403 3340 indulgentias
426 3260 575 3322 satisfacit
598 3261 636 3322 de
657 3261 782 3338 alieno,
819 3261 892 3344 quia
913 3273 1046 3321 summus

123 3342 262 3403 Pontifex
286 3344 338 3403 dat
358 3345 387 3403 ei
409 3342 448 3403 de
471 3343 615 3405 thesauro
638 3345 808 3431 ecclesiae,
837 3341 920 3403 unde
941 3342 1056 3417 solvat,-

112 3428 155 3486 ἰιι
176 3427 230 3504 sic,
252 3427 338 3486 iuxta
350 3445 543 3488 communem
559 3427 680 3489 Patrum
693 3426 887 3506 sententiam,
910 3427 1045 3488 etiamn

170 3627 198 3686 ll
218 3625 248 3677 ln
268 3624 310 3678 ed.
330 3627 401 3694 orig.
421 3625 466 3678 hic
483 3628 510 3678 in
532 3628 658 3696 margine
677 3625 799 3679 additum
823 3625 944 3694 legitur:
965 3620 1043 3676 uara·

121 3712 173 3749 nus
193 3697 308 3750 dubitat.
326 3696 440 3750 Eccius:
459 3697 494 3749 Et
512 3698 552 3751 sic
570 3715 625 3752 non
646 3700 697 3751 erit
708 3698 784 3753 salva
802 3698 894 3751 omnis
915 3710 978 3749 caro
996 3700 1040 3746 tan

121 3770 149 3820 in
169 3762 274 3820 cuculla
291 3783 372 3836 quam
391 3775 476 3822 extra,
