2346 4208
200 250 263 319 194
473 253 630 322 heapomlo
649 251 684 305 D.
699 251 736 306 1.
755 253 865 307 Luthmi

199 440 304 520 quiam
325 457 362 499 ae
384 444 542 518 praestita
564 437 632 500 Deo
654 439 833 514 arbitratur,
861 437 915 519 qui
937 439 1120 521 wne-pu

203 523 336 604 pumum
356 521 415 583 Dei
436 523 610 603 praeseptis
630 541 797 604 pauperem
823 523 884 584 reti
906 540 968 583 ano
987 521 1123 589 mole

199 606 248 669 rit.
303 605 337 667 ln
370 604 450 667 haee
476 612 537 665 tam
575 614 758 685 portentosa
785 606 915 675 erimina
944 604 1050 666 nullu
1078 614 1124 667 tat

201 688 285 751 raeloa
314 688 552 751 Louaniensium
579 687 885 768 (lolonienaiumque.
931 686 996 749 Hie
1024 687 1123 751 nuhaa

199 770 290 835 nard.
312 771 527 852 Dertoaeneia,
551 771 637 832 nulle
657 772 768 851 Roma,
791 771 895 833 nullus
915 790 1052 852 nequam
1072 770 1123 835 llo

200 855 338 917 etrinalia
361 853 523 915 damnatur
538 853 587 933 ¹),
615 855 671 916 aed
692 855 833 917 laudatur
853 855 906 917 hia
924 861 1078 935 peneutor
1094 856 1123 916 ir

201 936 363 1001 desideriis
379 939 457 1017 suis,
479 943 511 998 et
530 938 853 1019 impiushenedioitur.
895 936 961 1000 een
974 939 1064 1018 dne,
1077 939 1123 999 in·

200 1020 313 1083 dioium
330 1022 395 1081 irae
416 1021 474 1081 Dei
496 1021 543 1080 sia
564 1031 661 1103 urget.

284 1103 349 1167 fied
369 1103 575 1165 donemueet
607 1105 688 1166 hano
708 1105 848 1165 iniuriam
878 1110 911 1165 et
928 1105 1123 1185 iniquitaten

200 1187 354 1268 Magistria
383 1188 513 1265 nostris,
545 1189 755 1249 sanstissimae
781 1188 933 1249 Dominus
954 1187 1022 1251 Iao
1039 1188 1124 1271 -mp

200 1270 272 1351 quid
295 1271 438 1352 peaoavit
458 1272 488 1331 in
510 1269 677 1333 Levanien.
691 1277 724 1332 et
736 1271 900 1333 Colonien.
914 1269 1124 1349 damunwru,

201 1361 235 1415 nt
257 1353 395 1415 libellum
417 1372 475 1415 suo
497 1355 614 1415 nomini
635 1354 780 1433 olisatum,
802 1355 866 1416 suis
885 1352 1123 1435 patlibuaohle

201 1444 281 1516 mm,
314 1456 401 1499 onum
430 1437 574 1505 indieium
598 1444 847 1519 exspectantem,
868 1437 1060 1500 anhelantes
1079 1438 1124 1500 ini

200 1520 338 1602 Magistri
359 1539 379 1582 e
401 1520 540 1582 manibus
562 1521 792 1602 einereperent,
814 1526 915 1589 etauo
934 1519 1124 1593 stultonh

200 1602 408 1665 auhiieerenti
443 1603 491 1665 An
520 1603 630 1665 volunt
649 1605 773 1666 ooonlto
802 1622 906 1665 mareu
927 1604 1124 1671 mutius·

201 1706 289 1749 enam
310 1706 440 1769 arguere
460 1688 614 1769 ignaviae,
634 1689 790 1767 inscitiae,
812 1687 1047 1769 negligentiae,
1065 1689 1124 1749 ino

143 1816 148 1825 ·
200 1771 368 1852 impietatis
388 1771 420 1831 iu
441 1771 541 1832 Deum
562 1776 594 1832 et
615 1771 801 1833 eooleriarni
828 1771 879 1831 An
899 1770 962 1831 soli
984 1778 1020 1833 at
1036 1770 1125 1853 primi

201 1854 378 1917 mortalium
407 1854 439 1914 in
462 1861 528 1916 toto
551 1854 665 1916 mundo
687 1861 760 1915 aunt
779 1853 993 1917 lovanienses
1015 1854 1124 1919 asco

203 1936 380 2000 lenienreal
1028 1964 1032 1996 ;

265 2022 378 2083 Varum
410 2039 470 2102 ego
492 2021 586 2101 longe
607 2020 818 2097 stultissimus,
850 2022 903 2101 qui
931 2020 967 2082 id
995 2020 1125 2087 venial!

203 2105 325 2187 paeoati
347 2104 601 2185 lioerellegistria
623 2104 737 2164 nostrie
759 2106 880 2165 eximiis
899 2102 1124 2167 ,doctrinalibus

202 2189 303 2252 miror.
348 2186 429 2262 Quid
462 2187 619 2248 hominem
652 2186 829 2267 pontilioem
853 2187 1044 2268 vererentur,
1075 2186 1122 2269 qni

202 2272 351 2335 universis
381 2271 437 2332 Dei
476 2270 628 2331 mandatis
666 2270 854 2332 aonouloatir
887 2272 919 2331 in
949 2273 1124 2352 proximu·

201 2353 378 2418 insaniunt?
414 2353 470 2415 Sal
501 2361 564 2431 aet,
595 2354 620 2413 ai
648 2354 834 2415 verbotenus
864 2362 895 2415 et
930 2356 1125 2435 speeietenat

202 2439 300 2500 Deum
324 2444 355 2498 et
377 2437 554 2518 pontilleem
576 2437 733 2498 hominem
756 2437 926 2515 honorent,
961 2444 995 2499 et
1017 2437 1077 2500 anb
1095 2439 1124 2499 ti·

203 2523 267 2584 tulo
289 2521 346 2582 aeli
369 2521 474 2583 divina
495 2520 674 2581 ethumaua
696 2522 800 2581 omnia
815 2521 983 2602 profanent
1004 2521 1049 2583 nd
1069 2521 1124 2583 lan·

202 2605 273 2667 dam
294 2605 351 2666 Dei
373 2613 405 2665 et
425 2604 575 2666 honorem
597 2610 726 2666 sanetae
746 2603 829 2665 sedis
849 2605 1069 2684 apostolieae,
1099 2610 1125 2665 et

203 2688 414 2751 defensionem
438 2707 545 2749 eaorae
565 2687 744 2768 theologiae
767 2693 799 2748 at
818 2686 1053 2767 philosophiae.

286 2772 400 2833 Verum
422 2772 496 2832 satis
531 2770 609 2831 haee
636 2769 676 2831 de
696 2772 788 2850 eulpa
810 2771 1013 2850 temarimtia,
1051 2787 1125 2839 nm

202 2856 354 2917 inseitiam
377 2855 580 2934 (sapientiam
601 2854 684 2914 volui
707 2854 827 2928 disere)
851 2852 1028 2917 videamus.

285 2937 459 3018 Capitulum
481 2938 611 3018 primum
635 2943 698 3014 est,
733 2938 886 3017 insignem
907 2936 1125 3021 philosophie

202 3022 425 3083 domnionem
462 3021 614 3083 eontineri
642 3021 673 3081 in
704 3020 787 3081 libris
817 3019 902 3081 meis.
953 3022 1057 3084 Vides
1081 3022 1125 3085 hit

204 3105 262 3167 aeli
284 3104 424 3167 iontem?
446 3122 559 3185 nempe
579 3124 619 3165 ne
641 3103 756 3165 loomin
773 3103 940 3164 Faeoltatie
962 3110 1124 3182 aream

203 3190 271 3250 eine
290 3188 385 3249 dubio
407 3188 459 3248 vel
480 3188 536 3248 toti
565 3187 660 3265 libro,
690 3186 740 3249 vel
763 3186 865 3247 multis
886 3206 1017 3267 parsum
1041 3194 1123 3265 anat

203 3273 231 3334 ei
260 3271 322 3335 hoo
353 3270 439 3331 uleus
472 3290 534 3333 non
567 3271 744 3351 tetigissem.
791 3270 989 3350 Respondao
1029 3280 1123 3337 tm

203 3355 355 3436 Magistris
379 3355 493 3415 nostrie
520 3354 658 3433 eximiis,
692 3373 756 3415 non
777 3353 960 3431 lutherum,
996 3356 1058 3419 eed
1076 3356 1123 3419 ln

205 3439 369 3500 vanienses
399 3445 431 3497 et
452 3437 658 3499 colonienses
689 3456 758 3499 eeae
779 3437 972 3500 demostenes
994 3440 1136 3521 phileto·

204 3521 305 3603 phiae
346 3520 536 3602 Enspeama,
564 3528 598 3583 nt
618 3521 746 3602 probem
775 3520 878 3582 dieta?
900 3520 972 3584 Nou
997 3528 1120 3606 oportet

276 3749 309 3819 1)
330 3749 421 3807 laed.
440 3752 526 3821 orig:
548 3748 705 3803 damnetor.
