2332 4206
283 237 422 295 suranus
441 241 651 295 criminationes
670 216 807 295 Jouruuir
824 239 910 295 llccii.
1004 239 1047 307 13

118 434 253 490 mentum
274 425 361 504 llari,
383 425 542 506 pulchram
564 429 766 492 occasionem
788 428 960 492 maledictis
981 433 1045 495 sui·

117 512 210 574 semel
232 508 462 592 respondendi,
485 510 539 571 sed
562 513 667 573 omnia
688 518 809 594 tempus
829 512 962 594 habeut,
983 514 1046 578 hoc

118 614 196 655 nuno
217 595 296 655 satie
319 593 418 655 fuant.
747 630 750 635 -

196 676 292 753 Quod
315 675 458 738 adductis
480 676 599 756 aliquot
611 677 641 739 S.
664 684 783 758 patrum
806 676 896 740 dictis
919 700 969 742 ma
989 672 1045 743 hd·

118 761 201 822 stem'
219 761 378 822 ecclesiae
399 761 591 838 criminatur,
619 761 665 822 sic
685 760 825 841 intellige
846 761 960 842 lector,
989 784 1046 845 per

117 844 282 905 ecclesiam
300 843 413 904 Eccius
436 844 600 922 opiniones
622 860 694 904 snas
716 851 748 904 et
765 844 893 905 heroum
910 866 1045 928 sucrum,

117 930 165 1007 qui
187 927 382 988 sudaverunt
403 927 434 986 iu
457 925 665 1007 indulgentiis,
688 925 856 1008 siguificat,
878 946 950 989 nam
973 949 1044 992 con·

118 1019 257 1071 sacrator
278 1017 328 1071 est
345 1009 428 1069 sedis
452 1009 661 1090 apostolicae,
685 1018 717 1070 et
739 1029 826 1072 mora
848 1013 1043 1091 opinaturum

118 1094 246 1155 heroum
271 1111 398 1154 suorum
422 1093 570 1172 loquitur,
598 1094 650 1172 qni
668 1094 841 1234 scripturae
871 1104 902 1156 et
924 1103 1044 1174 patrum

117 1176 215 1238 verbis
240 1182 376 1250 utuntur,
398 1175 483 1236 velut
494 1175 702 1256 Anaxagorae
716 1195 734 1236 c
748 1179 888 1255 ementis,
902 1189 934 1238 ut
952 1197 1044 1258 quam

117 1262 247 1340 primum
271 1279 311 1319 ea
332 1260 542 1320 consecrarint
555 1259 621 1319 sedi
633 1259 835 1338 apostolicae,
859 1279 932 1322 mox
947 1269 1043 1323 trans·

118 1344 325 1403 substantiata
352 1343 384 1401 in
412 1361 519 1403 eorum
548 1341 705 1403 arbitrium
735 1341 886 1404 vocabula
916 1347 1044 1422 (mirum

117 1426 216 1500 dictu)
244 1424 406 1505 quodlibet
426 1443 466 1485 ex
488 1425 626 1504 quolibet
647 1423 741 1503 liunt,
776 1427 868 1488 etiam
896 1426 927 1488 id
949 1429 1044 1509 signi·

117 1509 209 1570 ficara
231 1508 363 1586 idonea,
390 1526 471 1586 quae
499 1508 549 1569 val
568 1528 624 1588 per
645 1508 761 1569 febrem
794 1510 852 1589 ipsi
880 1513 1045 1594 somniant,

118 1593 167 1652 vel
189 1612 248 1673 per
269 1591 428 1652 muliebris
450 1591 584 1651 invidiae
606 1593 819 1671 impotentiam
841 1592 981 1657 delirant

200 1676 346 1754 Denique
368 1680 430 1734 tam
452 1674 614 1735 infeliciter
641 1694 716 1735 suaa
743 1675 788 1736 ais
815 1675 929 1737 cadunt
956 1677 1045 1739 disci-

118 1758 231 1839 plinae,
255 1767 289 1818 ut
311 1757 372 1818 hoc
392 1758 504 1836 ipsum,
526 1757 608 1838 quod
628 1756 742 1818 bonnm
766 1757 947 1838 didicerunt,
969 1781 1045 1821 uuu-

119 1861 209 1920 quam
234 1842 316 1902 bene
337 1840 526 1921 intelligunt,
550 1850 580 1901 et
596 1844 687 1921 juxta
715 1842 959 1922 apostolum*),
980 1863 1044 1905 nou

119 1925 307 2005 intelligunt,
329 1942 430 2002 neque
452 1923 525 2002 quid
548 1925 730 2004 loquuntur,
751 1944 854 2004 nequa
875 1925 915 1986 de
936 1928 1045 2005 quibus

121 2007 293 2085 effumant,
321 2006 384 2066 hoc
405 2014 467 2083 cst,
491 2026 549 2067 nec
570 2007 781 2088 praedicatum
804 2027 872 2069 cum
896 2010 1046 2089 subiecto,

123 2110 179 2152 nec
200 2089 375 2151 subiectum
404 2109 473 2150 cum
500 2091 679 2170 praedicato
700 2092 732 2150 in
756 2093 968 2171 propositione
997 2112 1045 2155 oa·
1128 2151 1142 2161 ,

122 2176 260 2254 tegorica
288 2191 479 2253 componere
508 2173 601 2234 docti.
650 2173 815 2255 Speremus
836 2175 986 2254 futurum,
1013 2183 1047 2238 ut

123 2257 213 2316 simili
238 2257 424 2318 dexteritate
445 2264 478 2316 et
497 2257 559 2317 alia
581 2257 759 2318 testimonia
781 2258 871 2319 nobis
887 2259 1049 2338 productu-

124 2360 172 2400 rus
194 2342 237 2400 sit
257 2342 290 2399 in
313 2339 413 2399 lutura
435 2337 653 2420 disputatione,
677 2360 716 2400 ne
738 2339 826 2415 desit,
849 2342 932 2420 quod
956 2344 1048 2405 etiam
1132 2352 1136 2363 “

123 2424 206 2502 pueri
238 2421 369 2483 rideant.
424 2421 641 2501 speraveram,
675 2423 786 2484 Eccius
816 2423 975 2486 didicisset
1008 2446 1048 2486 ax

123 2505 257 2585 epistola
276 2505 398 2565 Erasini
414 2503 571 2566 literarum
592 2507 750 2586 principis,
773 2514 835 2566 tum
859 2528 898 2568 ax
913 2509 950 2569 D.
966 2509 1049 2569 Carl-

123 2589 211 2649 stadii
236 2589 352 2649 invicta
384 2588 570 2671 apologia1)
598 2589 819 2650 'hebetudinem
850 2593 959 2671 capitis
990 2592 1046 2670 aui,

124 2692 227 2731 verum
251 2672 401 2752 patientia
424 2671 558 2732 Ecciana
579 2674 675 2734 vincit
696 2675 818 2749 omnia,
840 2677 914 2735 satis
938 2682 1000 2753 est,
1023 2678 1062 2736 si·

124 2756 232 2815 ceteris
256 2754 400 2815 omnibus
428 2754 605 2834 displiceat,
639 2757 697 2818 sibi
719 2756 829 2817 saltem
853 2766 884 2817 et
904 2757 1049 2820 heroibus

125 2840 186 2898 suis
205 2837 339 2917 placeat

207 2920 302 2994 Quod
322 2927 425 2981 autem
449 2940 498 2981 nie
518 2920 706 2981 haereticum
730 2927 762 2981 et
783 2921 953 2984 Bohemum
977 2944 1048 2987 cou-

123 3004 266 3081 scelerat,
289 3003 413 3072 diceus,
437 3023 485 3064 me
507 3005 603 3084 ignire
627 3012 746 3065 veteres
769 3006 888 3067 cineras
910 3014 969 3069 etc.
992 3028 1048 3090 pro

124 3087 279 3147 modestia
308 3106 365 3147 sua
392 3086 465 3146 facit
491 3096 545 3147 aut
570 3106 626 3168 pro
657 3086 760 3148 officio
796 3094 1049 3173 consecrationis,

123 3191 184 3250 qua
205 3169 355 3250 quidquid
377 3177 540 3231 consecrat
561 3180 775 3232 consecratum
799 3181 856 3247 est,
878 3175 964 3235 nullo
987 3176 1048 3237 alio

124 3274 195 3314 usus
221 3253 403 3331 chrismate,
435 3271 525 3332 quam
548 3272 669 3314 veneno
693 3255 816 3335 linguae
838 3276 922 3319 suae.

205 3336 254 3398 Tu
277 3354 352 3397 vero
377 3339 436 3410 (ne
458 3334 519 3397 hoc
543 3338 615 3397 mali
637 3339 771 3398 nominis
793 3339 981 3421 agnoscam)
1004 3343 1049 3403 in·

123 3423 210 3482 terim
246 3420 343 3497 scias,
383 3419 424 3478 mi
450 3418 562 3499 lector,
598 3440 648 3481 me
676 3421 714 3482 de
749 3425 927 3485 monarchia
957 3425 1048 3487 Rom.

123 3502 246 3566 Pontifi.
293 3521 357 3562 non
386 3520 531 3582 spernere
559 3504 767 3566 venerabilem
787 3525 972 3569 consensum
1003 3515 1050 3570 tot

131 3636 388 3652 —.-,·--——---—

176 3713 189 3740 ,
303 3709 309 3722 .

176 3711 209 3847 1))
227 3707 421 3834 ldw'ldlddrlda:
441 3784 500 3832 tum
522 3806 553 3817 -
573 3779 712 3851 apologia,
731 3781 833 3838 desunt
851 3785 881 3840 ln
901 3782 969 3842 adit.
988 3782 1052 3842 dau.
