2332 4206
160 269 224 336 148
432 272 589 341 Respoumo
607 269 643 327 D.
662 272 697 325 Ι.
716 270 829 324 lutheri

162 459 284 520 annos?
319 458 523 518 confiterisue
553 476 611 517 nos
634 458 728 516 fnisse
749 455 936 518 obedientes
961 477 983 517 a
1004 464 1081 517 tanto

162 554 301 622 tempore
330 541 466 620 adusque
502 541 582 600 istud
604 542 768 601 concilium
791 541 903 600 tuum?
935 540 1021 614 Quid
1040 539 1083 600 hic

162 626 291 686 dicent?
324 628 405 696 scio,
439 644 500 684 non
534 624 686 684 tacebunt.
731 624 844 683 Verum
870 643 933 703 ego
959 624 1083 684 arbitror

163 711 337 790 oportuisse
360 720 485 787 propter
508 707 701 768 adversarios
723 708 754 765 in
779 708 837 766 hac
850 707 1006 767 schedula
1027 726 1083 766 nou

162 800 225 853 taur
247 792 374 851 ridicule
407 792 513 871 nugari
541 793 570 849 in
595 791 696 850 verbis
719 790 907 869 Scripturas.
953 790 987 850 Si
1010 792 1084 850 enim

161 874 328 954 aliquando
352 874 480 934 Bolremi
514 875 594 933 hanc
615 874 801 953 Scripturam
834 874 946 934 lortius
979 883 1082 934 conat

163 977 221 1019 nos
244 969 405 1035 torqueant
429 956 608 1036 profitentes
630 977 664 1016 ae
687 957 833 1034 obedire,
862 965 896 1017 et
917 963 1081 1037 arguentes

163 1060 304 1103 noanon
328 1039 452 1100 obedire
475 1040 659 1120 evangelio,
680 1043 709 1099 in
732 1059 793 1118 quo
816 1049 950 1119 utraque
967 1041 1083 1119 species

162 1143 183 1184 a
204 1124 326 1185 Christo
349 1125 523 1199 instituitur,
546 1134 577 1183 et
599 1123 810 1182 ecclesiastico
832 1143 891 1182 usu
915 1123 1084 1183 diutissime

163 1207 340 1282 roboratur,
375 1206 540 1284 dicantque
573 1207 731 1266 meliorem
770 1225 839 1266 esse
876 1205 1085 1266 obedientiam

162 1309 254 1370 quam
278 1291 449 1367 victimam,
481 1300 512 1348 et
541 1290 747 1350 obedientiam
770 1290 826 1349 Dei
850 1289 1084 1368 praeferendam

164 1372 359 1435 obedientiae
387 1373 555 1433 hominum.
598 1372 678 1446 Quid
718 1392 772 1451 pro
796 1373 886 1432 nobis
914 1370 1084 1453 desponde·

163 1455 280 1532 hunss)
305 1458 427 1534 patroni
450 1458 561 1532 nostri
595 1457 792 1514 schismatum
814 1457 951 1516 victores
976 1456 1084 1536 glorio

163 1539 295 1599 sissimi?
332 1539 410 1599 iorte
445 1539 614 1617 poenitebit
649 1559 722 1615 eos,
763 1538 949 1617 produxisse
988 1539 1084 1599 locum

164 1623 353 1701 Scripturas,
383 1632 414 1681 et
435 1621 617 1681 adversariis
645 1621 779 1701 gladium
802 1624 1000 1700 porrexisse,
1035 1621 1085 1680 nisi

166 1705 261 1765 velint
280 1704 395 1782 iubere,
419 1708 469 1763 ut
463 1725 577 1765 inerme
599 1714 691 1785 caput
705 1704 884 1765 obiiciamus
901 1704 1045 1785 gladio
1037 1705 1084 1764 mi·

165 1791 329 1864 micorum,
358 1788 475 1847 scilicet
503 1791 547 1847 sic
568 1788 705 1847 scribunt
726 1789 757 1848 hi
777 1787 938 1868 homines,
969 1796 1005 1847 ιιι
1027 1795 1085 1848 tan-

165 1881 228 1932 tum
249 1872 409 1950 scripsisse
431 1872 505 1930 satis
527 1891 597 1931 esse
620 1871 748 1948 ducant,
770 1871 843 1950 quid
864 1879 920 1930 aut
942 1890 1042 1951 quare
1060 1876 1086 1930 et

166 1954 274 2037 quibus
297 1955 441 2031 scribant,
465 1954 538 2013 nihil
560 1954 600 2014 ad
622 1974 687 2014 eos.

248 2037 327 2100 Uror
348 2001 451 2097 antedi
474 2057 534 2131 ego
556 2039 665 2115 nimis,
698 2057 762 2097 rem
791 2035 860 2095 fidei
883 2044 917 2096 et
935 2037 1085 2096 ecclesiae

163 2131 196 2183 et
218 2123 372 2201 praesumi
394 2130 456 2180 tam
479 2122 592 2202 ineptis
604 2121 754 2197 cerebris
775 2128 807 2179 et
822 2121 895 2199 geri
919 2127 984 2179 tam
1008 2121 1084 2214 igna-

165 2206 229 2283 vis,
251 2214 284 2264 ut
306 2206 335 2263 in
358 2206 401 2263 eis
425 2212 547 2283 praeter
557 2205 703 2263 invidiam
726 2167 757 2262 el
779 2202 927 2263 malitiam
949 2203 1029 2263 nihil
1050 2203 1084 2262 vi·

166 2307 238 2348 vere
260 2287 381 2364 videas,
405 2287 485 2347 adeo
507 2288 620 2365 iacent,
642 2288 754 2367 frigent
775 2285 965 2364 sordentque
989 2286 1085 2346 omnia

165 2390 244 2449 quae
266 2371 410 2431 scribunt.
455 2369 534 2444 Quid
557 2390 612 2450 pro
634 2371 766 2430 ecclesia
777 2376 885 2429 contra
901 2368 1084 2430 daemonum

164 2461 248 2514 astus
265 2466 295 2512 et
316 2455 520 2533 cogitationes
541 2454 772 2533 potentissimas
793 2452 837 2511 illi
859 2452 1020 2529 valerent,
1042 2451 1086 2530 qui

165 2539 196 2596 in
209 2537 299 2597 rebus
309 2536 537 2596 inferioribus'
514 2556 558 2595 src
570 2538 717 2617 languent
726 2536 774 2595 vel
786 2534 895 2594 ludunt
905 2535 1035 2614 potius?
1047 2535 1086 2594 iu

165 2620 330 2682 schedula
323 2628 382 2679 ista
394 2628 468 2696 tota,
485 2639 553 2679 cum
566 2628 683 2700 pugnet
694 2627 800 2678 contra
813 2637 945 2697 errores,
963 2638 1030 2679 non
1041 2616 1086 2677 ha

167 2705 281 2765 betnisi
294 2704 675 2763 unamhancautoritatem
689 2703 897 2761 infelicissime
913 2701 1085 2762 adductam

167 2785 276 2847 Cetera
298 2794 368 2845 sunt
357 2786 500 2846 taalivae
514 2787 671 2846 homiuum
685 2796 716 2845 et
732 2784 905 2860 maledicta,
926 2802 1086 2856 cumeum,

166 2889 245 2949 quae
268 2870 455 2929 subnomine
470 2872 607 2948 episcopi
628 2869 735 2946 editur,
754 2874 896 2947 oporteat
909 2870 1086 2948 episcopum

165 2954 288 3029 referre,
310 2954 371 3012 hoc
382 2961 438 3026 est,
461 2953 622 3047 scripturis
635 2953 748 3012 sanctis
761 2951 979 3011 densissimam
996 2959 1029 3011 et
1048 2968 1086 3009 re·

165 3038 272 3097 sertam
296 3055 374 3095 esse.
417 3035 539 3096 Probo
532 3046 634 3114 itaque
650 3035 857 3095 obedientiam
876 3035 1014 3113 concilii,
1037 3030 1085 3092 sed

167 3120 288 3179 mallem
312 3138 379 3178 eam
409 3121 499 3178 statui
539 3120 600 3177 suis
636 3127 665 3177 et
700 3118 844 3213 legitimis
877 3116 1085 3185 firmamentis,

167 3222 205 3262 ne
228 3202 410 3263 adversariis
432 3191 605 3261 videremur
621 3221 678 3260 uec
702 3203 780 3260 scire
802 3207 909 3259 nostra
931 3220 993 3261 nec
1015 3198 1084 3260 tueri

166 3305 274 3366 posse,
308 3285 413 3363 quales
443 3305 500 3345 nos
523 3284 684 3344 traducunt
720 3285 749 3343 hi
772 3281 976 3344 infelicissimi
1006 3283 1084 3343 sche-

166 3368 284 3431 dularii.

250 3454 323 3512 Post
344 3452 422 3511 haec
443 3452 502 3510 itur
519 3450 558 3509 ad
582 3458 750 3509 extremum
774 3451 846 3508 artis
870 3448 978 3524 decus,
1003 3448 1087 3529 quale

168 3545 250 3596 certe
280 3554 339 3614 ego
372 3553 430 3594 uec
453 3534 584 3606 Misnae,
618 3552 676 3592 uec
698 3533 835 3613 Lipsiae,
869 3551 930 3591 nec
953 3533 1086 3593 Dresdae

167 3620 290 3700 reperiri
303 3617 511 3678 credidissem.
553 3615 677 3695 Orphea
698 3616 748 3674 hic
770 3614 876 3675 credas
891 3633 1018 3696 canere,
1041 3633 1086 3694 op·

241 3811 270 3874 1)
294 3811 322 3861 ln
342 3808 472 3863 adden:
492 3804 707 3874 respondebunt.
