2332 4206
163 235 228 305 m
492 241 638 295 nuum
655 240 767 294 muer

252 430 315 489 Aut
338 439 501 490 occurrunt
521 429 677 509 simplices
708 426 829 489 idiotae
856 427 980 509 ignari,
1008 435 1037 486 et
1052 428 1084 486 iu

167 512 246 575 tirmi
271 515 300 572 in
338 512 417 574 fide.
450 516 531 575 sicut
552 512 722 591 Apostolus
741 518 858 583 vocat,
891 512 945 590 qui
968 508 1085 571 nondun

171 608 301 677 possunt
324 616 434 676 capere
456 596 627 656 libertatem
649 599 739 655 iatam
762 593 850 669 fidei,
875 596 974 655 etiam
997 593 1086 654 sival

170 681 245 745 lent,
268 681 314 738 bia
337 681 523 758 parcendum
541 692 597 743 eat.
623 677 893 753 recunduntur,
917 684 951 738 et
967 676 1087 738 dolorm

166 763 240 823 dum
263 782 369 822 eorum
390 762 568 835 infirmitati,
591 761 692 822 donec
704 761 827 841 plenius
852 759 1089 821 erudiantur.lli

167 847 250 907 enim
272 848 344 924 quia
366 846 481 906 malitia
495 845 708 905 induratanon
730 845 862 920 faciunt,
887 862 951 904 nec
971 845 1089 905 sentinat

167 930 222 1007 ita,
244 930 299 988 sed
321 929 390 988 sola
412 928 622 988 imbecillitate
643 927 724 1001 fidei,
747 936 882 1006 propter
894 946 1006 989 eorum
1019 945 1088 987 scan-

168 1011 273 1073 dalum
295 1010 452 1071 vitandum
476 1010 628 1071 servanda
649 1019 720 1070 sunt
732 1012 850 1070 ieiunia
872 1018 909 1070 st
929 1010 1006 1086 alia,
1026 1028 1089 1090 qnae

167 1096 226 1174 ipsi
255 1097 430 1154 necessaria
462 1095 652 1155 arbitrantur.
696 1093 763 1153 Hoc
792 1094 880 1153 enim
905 1095 1023 1154 carina
1042 1095 1090 1154 exi

169 1179 223 1258 git,
247 1197 326 1256 quae
348 1180 501 1237 neminem
524 1178 628 1247 laedit,
649 1176 704 1237 sed
727 1177 880 1237 omnibus
903 1178 1014 1238 servit
1034 1175 1090 1236 llos

168 1262 249 1320 anim
278 1279 332 1319 sua
362 1262 464 1340 culpa,
488 1260 544 1320 sed
566 1267 722 1340 pastorum
740 1279 870 1319 suorum
885 1258 1006 1320 infimi
1026 1270 1091 1334 sunt

168 1344 220 1421 qni
242 1343 360 1421 laqueis
390 1356 420 1402 et
442 1346 534 1403 armis
557 1343 752 1403 traditionum
775 1362 906 1403 suarum
930 1361 991 1404 eos
1012 1345 1092 1424 capti

168 1437 327 1503 vaserunt,
350 1435 381 1485 et
402 1427 482 1487 male.
500 1435 728 1506 percusserunt
748 1445 769 1486 a
790 1424 909 1504 quibua
933 1426 1093 1487 debuerant

167 1507 288 1568 liberari
317 1519 348 1569 et
376 1512 477 1570 sanari
507 1509 578 1569 fidei
613 1510 822 1588 libertatisque
863 1507 1032 1585 doctrina,
1059 1509 1093 1568 sic

168 1591 337 1671 Apostolus
358 1593 447 1653 Rom.
476 1596 524 1655 ld:
547 1593 580 1652 Si
594 1611 666 1652 esca
682 1590 961 1654 meascandalisat
982 1593 1092 1652 trauan

167 1694 280 1751 meum,
303 1695 364 1734 non
389 1676 580 1736 manducabo
603 1695 710 1735 carnes
733 1677 764 1734 in
786 1682 975 1755 aeternum,
1000 1684 1032 1736 et
1050 1676 1093 1736 iu

168 1778 248 1818 rum:
285 1758 371 1833 Sem,
395 1759 476 1838 quod
499 1778 553 1839 per
575 1757 726 1819 Christum
749 1759 826 1818 nihil
847 1765 903 1818 est
927 1777 1092 1835 commune,

167 1843 226 1901 nisi
249 1841 309 1918 ilii,
333 1845 383 1920 qui
407 1851 492 1921 putat
514 1861 677 1902 commune
697 1861 790 1914 esse,
826 1840 886 1901 sed
911 1843 1032 1903 malum
1058 1849 1094 1902 ast

165 1925 294 2001 bomini,
318 1928 368 2004 qui
391 1945 446 2004 per
469 1925 686 1985 offendiculum
711 1923 889 1986 manducat.

249 2006 351 2081 Quare
383 2010 438 2067 etsi
472 2009 592 2067 fortiter
620 2008 824 2067 resistendum
853 2015 908 2067 cst
946 2009 1092 2089 magistris

109 2138 112 2144 .
166 2089 227 2148 illis
250 2089 456 2167 traditionum,
480 2099 511 2151 et
533 2092 617 2170 leges
639 2090 818 2171 pontificum
841 2092 965 2152 acriter
988 2093 1093 2171 vitupa

164 2171 296 2247 rendae,
319 2172 427 2251 quibus
449 2176 480 2234 iu
503 2173 650 2253 populum
674 2176 729 2234 Dei
751 2180 955 2253 grassantur,
995 2174 1093 2234 turbas

166 2261 268 2317 tamen
291 2256 422 2334 pavidae
444 2257 630 2336 parcendum
655 2264 715 2326 est,
749 2275 840 2335 quam
873 2258 1038 2336 captivam
1059 2263 1092 2317 tc·

165 2345 240 2396 nent
262 2339 377 2398 eisdem
402 2341 520 2420 legibus
542 2341 627 2418 impii
649 2340 693 2399 illi
717 2340 848 2419 tyranni,
872 2338 985 2400 donec
1007 2340 1093 2420 expli

164 2428 280 2481 centur.
324 2422 370 2481 lta
394 2443 497 2502 pugna
519 2431 642 2482 strenue
669 2430 777 2482 contra
798 2421 911 2500 lupos,
952 2423 1013 2483 sed
1044 2441 1092 2502 pro

165 2502 284 2579 ovibus,
307 2524 369 2564 nou
392 2506 481 2565 simul
505 2514 612 2566 contra
635 2525 727 2576 oves,
760 2503 843 2584 quod
867 2504 989 2585 facies,
1024 2507 1049 2567 si
1068 2507 1092 2565 in

165 2584 249 2665 lsges
274 2597 305 2647 et
325 2589 518 2668 legislatores
541 2589 713 2666 inveharis,
737 2596 768 2648 et
789 2594 903 2646 tamen
921 2590 1021 2650 simul
1042 2609 1092 2650 ser·

165 2688 218 2727 ves
241 2689 293 2728 eas
316 2690 383 2730 oum
407 2670 550 2749 infirmis,
573 2691 612 2730 ne
635 2671 903 2746 scandalisentur,
941 2671 1050 2733 donec
1068 2679 1092 2732 et

164 2751 221 2892 ippli
244 2754 436 2831 tyrannidem
460 2764 662 2834 cognoscant,
686 2761 717 2815 et
739 2754 916 2813 libertatem
942 2774 1036 2816 suam
1055 2757 1091 2814 iu-

164 2841 195 2892 te
219 2835 312 2912 igaut.

247 2916 383 2991 Quodsi
408 2920 450 2979 uti
472 2921 557 2980 voles
582 2920 722 2980 libertate
745 2928 815 2991 tua,
844 2920 876 2977 in
902 2923 1036 2984 occulto
1056 2922 1090 2982 la

165 2999 236 3077 cito,
260 3003 339 3061 sicut
353 3002 464 3061 Paulus
478 3003 552 3063 dicit
568 3004 656 3064 Rom.
672 3005 723 3064 14:
745 3003 789 3062 Tu
804 3001 910 3075 fidem,
936 3022 1033 3083 quam
1048 3005 1091 3064 ha

165 3080 229 3157 bes,
252 3103 347 3160 penes
370 3092 464 3145 temet
485 3088 584 3163 ipsum
608 3087 687 3146 habe
710 3104 813 3146 coram
836 3084 919 3164 Deo,
944 3106 1090 3148 cavean

165 3170 241 3242 tem,
274 3187 311 3226 ne
334 3186 437 3226 coram
466 3169 592 3228 infirmis
614 3171 708 3228 utaris
762 3169 892 3227 Rursum
919 3189 1032 3231 coram
1054 3180 1090 3251 ty·

162 3250 265 3307 rannis
295 3257 325 3307 et
354 3252 560 3329 pertinacibus
595 3260 679 3312 utere
715 3251 822 3311 eadem
851 3251 883 3308 in
909 3252 1088 3335 despectum

162 3347 290 3406 eorum,
322 3333 416 3392 multo
442 3337 576 3394 omnium
606 3335 871 3407 constantissime,
910 3343 946 3396 ut
977 3346 1012 3397 et
1039 3337 1088 3417 ipsi

78 3460 84 3466 ,
163 3413 351 3494 intelligant,
382 3435 415 3475 se
436 3419 549 3497 impios
573 3437 641 3477 esse
664 3425 694 3476 et
717 3418 801 3497 leges
824 3434 898 3476 suas
922 3419 1003 3480 nibil
1028 3438 1087 3482 essa

163 3495 201 3557 od
223 3498 379 3574 iustitiam,
402 3503 472 3577 quin
497 3502 540 3560 eis
563 3500 637 3559 nihil
653 3502 724 3560 iuris
740 3502 832 3559 luisse
853 3502 1020 3564 condendi
1033 3523 1085 3564 eas.

245 3579 319 3639 Cum
343 3601 417 3662 ergo
442 3584 519 3644 haec
546 3585 608 3643 vita
635 3585 686 3664 agi
708 3602 770 3643 non
793 3583 894 3662 possit
918 3587 990 3646 sine
1014 3606 1084 3648 cere

162 3662 288 3739 moniis,
310 3672 340 3724 et
363 3667 517 3744 operibus,
539 3668 601 3726 imo
624 3667 744 3726 fervens
768 3673 799 3725 et
820 3664 905 3726 rudis
931 3675 1023 3731 aetas
1043 3668 1084 3730 ud·

161 3744 361 3807 olescentium
385 3767 461 3830 opus
484 3749 599 3811 habeat
618 3749 665 3809 bis
687 3748 817 3809 vinculis
847 3753 952 3813 arceri
965 3760 1010 3815 et
1031 3773 1084 3814 ser-
