2346 4208
124 263 186 330 188
326 266 483 354 Disputptio
503 266 611 335 Lipsiae
631 250 727 322 habita
745 282 770 321 a.
789 265 851 322 Xlx

124 457 206 517 nium
230 455 482 516 scholasticorum
506 455 673 516 Doctorum
704 475 821 516 meeum
844 474 915 515 esse
929 453 980 529 ¹),
1011 460 1040 519 et

123 547 231 600 contra
254 538 375 600 obiecta
389 539 454 600 eius
478 558 624 620 pugnare,
648 558 716 599 cum
728 558 836 600 omnes
849 539 1041 601 consentivit

124 623 338 683 contritionem
362 630 505 702 oportere
519 620 589 685 deri
611 622 642 681 in
655 623 791 702 caritate,
813 623 839 683 si
860 619 955 682 debet
975 640 1040 683 essa

123 707 205 767 bona
232 714 262 766 et
288 706 443 765 meritoria
464 706 665 786 poenitentia.
690 704 779 781 Quod
811 723 870 785 ego
902 696 1040 767 sanctin-

124 789 242 870 telligo,
265 789 481 849 contritionem
504 788 569 848 fieri
594 796 738 850 movente
750 796 782 850 et
801 790 974 867 imperante
995 806 1040 849 ca·

123 874 223 952 ritate,
244 879 277 931 ut
299 872 344 930 sie
365 872 404 931 sit
426 872 619 947 voluntaria,
636 871 751 949 hilaris,
773 889 920 942 amorosa
939 871 1041 952 poeni·

123 957 227 1016 tentia.
262 953 431 1014 ldeo‘lieet
450 950 609 1016 lohannes
631 955 834 1036 increpaverit
854 952 994 1025 ludaeos
1013 958 1042 1017 ot

123 1039 277 1114 terruerit,
306 1057 369 1097 non
392 1036 463 1097 ideo
491 1038 644 1116 sequitur,
676 1040 871 1117 poenitentes
907 1037 1042 1119 incipere

122 1123 215 1182 etiam
236 1141 255 1181 a
277 1125 401 1184 terrore.
424 1120 486 1180 Aut
507 1121 533 1180 si
553 1120 703 1200 incipiunt
724 1142 743 1182 a
764 1130 890 1198 terrore,
914 1121 974 1181 nisi
996 1130 1041 1181 ac·

122 1205 251 1264 cesserit
271 1205 386 1284 gratia,
415 1203 596 1284 hypocritae
619 1212 690 1265 sunt
710 1207 834 1284 verius,
856 1222 950 1284 quam
970 1222 1042 1285 poa

47 1291 48 1295 ’
124 1289 266 1348 nitentes.

206 1368 327 1429 Adiecit
348 1369 384 1428 D.
406 1368 443 1429 D.
466 1369 626 1444 rationem,
649 1368 732 1448 quod
748 1369 832 1429 Deus
855 1387 904 1429 res
927 1370 974 1429 sic
993 1368 1042 1431 ad·

123 1453 294 1527 ministrat,
327 1457 359 1511 ut
386 1452 448 1511 ima
475 1472 530 1532 per
561 1450 662 1512 media
688 1452 781 1512 ducat
807 1451 847 1511 ad
874 1453 1043 1533 superiora,

123 1535 206 1614 quod
237 1535 354 1615 aptavit
381 1532 420 1594 ad
442 1536 605 1613 timorem,
634 1535 760 1612 volens,
793 1541 954 1615 peccatum
978 1554 1046 1597 esse

122 1619 235 1695 imum,
263 1619 405 1678 timorem
435 1617 585 1694 medium,
615 1637 752 1678 amorem
774 1618 929 1717 superius,
962 1616 1043 1698 qnod

122 1721 181 1782 ego
205 1708 348 1776 transeo,
371 1708 402 1760 et
423 1719 486 1761 non
509 1701 640 1781 accipio.
870 1750 872 1755 .

204 1784 287 1844 Dicit
309 1785 418 1862 etiam,
446 1803 516 1844 esse
536 1784 751 1864 perfectionis,
779 1785 804 1843 si
821 1783 915 1845 homo
937 1790 1051 1864 posset.

122 1886 156 1926 se
179 1886 263 1928 mere
285 1866 345 1927 Dei
374 1867 480 1927 obtutu
508 1874 539 1928 et
564 1887 669 1927 amore
696 1867 829 1927 iustitiae
861 1868 983 1948 erigere
1005 1866 1043 1929 ad
1078 1906 1080 1919 ·

122 1951 251 2029 gratiam
273 1949 505 2029 capessendam.
529 1948 589 2011 Sed
612 1951 679 2030 quis
703 1956 751 2010 est
771 1950 831 2025 hic,
854 1956 886 2010 et
907 1948 1065 2013 laudati·

122 2052 189 2092 mus
211 2032 304 2093 eum?
326 2033 534 2112 Respondent
562 2032 628 2093 Nec
649 2021 759 2094 tiniore
781 2052 840 2094 nec
861 2051 969 2095 amore
990 2052 1052 2115 po-.

121 2122 237 2175 testae
258 2116 352 2176 homo
375 2116 493 2196 erigere
513 2115 552 2175 ad
575 2116 702 2196 gratiam
728 2115 967 2195 capessendam,
989 2115 1043 2179 scd

121 2200 220 2278 gratia
238 2199 413 2277 praevenit,
442 2205 473 2258 et
494 2207 598 2260 movet
620 2198 659 2258 ad
683 2218 798 2265 merum
820 2199 877 2259 Dei
900 2199 1043 2262 obtutum

122 2286 154 2340 et
175 2300 313 2341 amorem
335 2281 478 2341 iustitiae.

204 2362 252 2423 Ad
276 2362 498 2443 Augustinum,
529 2365 579 2443 qui
608 2363 720 2424 doceat
741 2363 928 2444 praecedere
956 2362 1043 2427 timo·

121 2464 185 2505 rem
208 2452 280 2506 ante
302 2446 441 2526 gratiam,
464 2453 495 2507 et
506 2447 639 2507 intrante
655 2449 782 2508 caritate
795 2447 869 2528 pelli
892 2446 1042 2511 timorem.

122 2527 214 2588 dico:
246 2528 278 2589 Si
299 2536 382 2589 reete
403 2529 609 2610 intelligatur,
633 2529 777 2608 admitto,
799 2530 860 2591 hoc
881 2535 938 2606 est,
960 2528 1042 2609 quod

121 2611 461 2691 poenitentiamondum
484 2620 532 2673 est
552 2614 684 2693 incepta,
707 2613 830 2692 quando
854 2613 945 2672 timor
956 2631 1041 2693 prae

122 2693 205 2754 cedit
226 2696 394 2755 caritatem.
417 2695 477 2756 Sed
501 2697 634 2756 intrante
655 2696 782 2757 caritate
804 2696 948 2774 incipitur
968 2714 1041 2775 poe·

121 2778 260 2852 nitentia,
282 2777 313 2837 id
335 2784 391 2853 est,
413 2797 501 2838 amor
522 2779 657 2839 iustitiae
679 2786 709 2839 et
731 2779 834 2839 odium
857 2780 987 2858 peccati.
1010 2777 1039 2840 Si

121 2867 222 2920 autem
238 2862 348 2921 caritas
361 2879 422 2920 non
440 2863 576 2940 intraret,
598 2863 689 2924 timor
700 2881 761 2923 non
773 2867 961 2942 operaretur,
983 2861 1040 2923 nisi

121 2945 239 3004 maiora
261 2951 397 3023 peecata.
432 2942 534 3018 Quare
555 2944 615 3004 ista
636 2945 802 3006 similitudo
826 2950 912 3005 setae
935 2950 969 3005 et
989 2944 1041 3005 lini

120 3027 269 3105 probatur
298 3027 385 3098 mihi,
414 3026 508 3087 modo
531 3045 593 3087 non
615 3028 818 3110 intelligatur,
847 3027 932 3107 quod
952 3029 1041 3090 timor

121 3109 245 3169 inducat
267 3111 444 3187 caritatem,
467 3109 549 3189 quod
572 3112 729 3192 exipsius
752 3112 789 3172 D.
812 3111 846 3171 D.
871 3111 972 3172 verbis
994 3129 1040 3171 oa·
1063 3146 1070 3155 ι

120 3193 183 3271 pie,
206 3192 367 3272 quodnisi
390 3200 482 3253 exeat
503 3199 587 3270 seta,
610 3213 671 3256 non
695 3193 832 3254 succedit
855 3193 960 3273 linum,
980 3194 1039 3256 hoe

122 3282 188 3353 est,
221 3277 279 3334 nisi
302 3277 412 3354 timor,
445 3277 496 3354 qui
530 3276 658 3355 impedit
685 3278 906 3358 poenitentiam
929 3295 1040 3355 veram,

121 3358 252 3438 pellatur
284 3378 338 3437 per
374 3360 537 3419 intrantem
568 3361 747 3435 caritatem,
785 3379 940 3439 nunquam
971 3378 1040 3421 vere

121 3442 311 3522 poenitetur,
335 3448 367 3500 ut
388 3443 433 3501 sic
454 3442 595 3503 dixerim.

205 3523 399 3584 Ambrosium
420 3525 578 3584 inductum
601 3525 631 3584 in
654 3524 795 3605 Epistola
820 3524 860 3586 ad
892 3524 1039 3602 Studium,

160 3785 186 3848 1)
207 3783 237 3835 ln
256 3780 298 3837 ed.
317 3782 382 3840 Jen.
401 3789 429 3838 et
447 3782 520 3853 apud
540 3783 654 3839 Loescln
667 3778 679 3835 τ’
702 3781 813 3842 sentire.
