2346 4208
350 226 353 230 Δ
412 279 430 314 s
446 261 569 317 Nolanis
590 270 715 332 excepta.
982 261 1044 329 101

139 450 218 528 ducit,
248 470 360 532 respuo
392 458 519 532 propter
540 452 735 513 autoritatem
758 451 899 534 Gregorii
927 460 1051 520 contra

137 536 204 595 dam.
419 544 430 569 l

76 678 80 711 Ι
201 618 269 679 Jam
292 622 323 677 et
346 615 421 676 illud
444 623 580 693 transeo,
603 617 931 696 quodSixtus‚Victcr
954 621 1046 700 scrip

135 720 188 762 tere
208 721 242 761 se
265 700 455 762 universales
473 701 648 778 Pontifices,
671 707 703 760 et
718 701 820 762 Leoni
843 702 1046 763 acclamatum

135 785 209 845 sitin
231 783 368 844 concilio
398 784 649 861 Chaledonensi‚
680 784 719 845 de
749 804 810 864 quo
847 785 940 846 hodie
972 787 1046 846 satis

75 916 79 947 ;
134 867 232 928 dictum
256 874 315 926 est.
337 865 415 927 Illud
439 867 658 940 obervandam,
682 866 763 946 quod
786 875 953 947 sequentes
969 869 1046 928 Pon-

75 960 79 973 '
134 949 216 1011 dfices
250 949 326 1009 dicit
357 953 499 1032 egregius
521 952 559 1013 D.
582 952 620 1012 D.
653 951 827 1011 humilitatis
853 953 984 1013 formam
1011 953 1045 1013 ln

134 1033 239 1095 Christo
269 1040 415 1112 secutos,
453 1033 510 1095 sibi
541 1042 730 1114 temperasse
759 1035 798 1094 ab
828 1034 890 1095 hoc
911 1037 1046 1108 nomine,

133 1117 201 1195 quod
225 1134 285 1196 ego
301 1116 390 1176 aliter
411 1117 584 1198 intelligere
606 1137 668 1178 nou
687 1137 826 1197 possum,
850 1137 941 1198 quam
963 1116 1047 1196 quod

74 1274 77 1283 Ι
134 1218 216 1260 causa
237 1199 420 1260 humilitatis
440 1202 496 1260 iuri
519 1201 623 1261 divino
647 1201 849 1279 detraxerint,
880 1199 1046 1260 mendaces

74 1346 76 1355 ,
135 1289 159 1342 et
175 1281 391 1344 inobedientes
405 1283 477 1345 lacti
499 1285 620 1356 fuerint,
643 1286 668 1344 si
689 1286 737 1343 ius
750 1283 887 1344 divinum
908 1290 963 1360 est,
986 1283 1047 1343 hoc

132 1374 182 1445 est,
203 1373 414 1446 praeceptum,
437 1368 531 1428 fuisse
553 1386 609 1427 eos
631 1366 821 1428 universales
844 1365 1016 1447 pontifices.

201 1451 373 1509 lnuocentii
401 1452 613 1530 responsivam
639 1450 809 1529 Epistulam
841 1449 881 1509 ad
904 1448 1047 1529 Augusti-

132 1551 189 1590 num
216 1538 363 1611 repetens
397 1532 487 1608 dicit,
516 1541 653 1594 veterem
679 1552 794 1594 morem
823 1533 917 1592 fuisse
939 1551 1048 1592 cousu-

132 1613 587 1690 landiRomanoaPoutilices,
624 1618 653 1676 in
687 1615 734 1676 his
765 1622 845 1695 quae
872 1622 942 1675 suut
964 1614 1046 1675 fidei.

132 1695 248 1777 Optime·
265 1697 360 1774 dicit,
383 1710 415 1759 at
436 1699 554 1778 placet,
576 1701 756 1778 praesertim
778 1701 810 1758 in
833 1698 930 1758 latina
950 1698 1047 1758 eccle·

130 1781 178 1857 tia,
194 1780 252 1841 sed
275 1779 349 1859 quid
370 1780 441 1842 fidei
464 1790 495 1842 et
514 1782 685 1861 primatui?
720 1783 780 1842 hoc
808 1789 872 1858 est,
913 1780 985 1860 quid
1006 1779 1046 1841 ad

130 1863 336 1944 propositum?

198 1946 354 2008 Oausatus
378 1953 423 2006 est
444 1949 547 2025 etiam,
570 1930 657 2025 quod
675 1948 832 2026 exegerim
855 1945 894 2006 ab
916 1965 954 2006 ao
978 1963 1048 2025 pro·

128 2027 276 2091 tationem
299 2028 463 2090 solutionis
486 2028 526 2089 de
547 2031 654 2109 viginti
677 2031 784 2107 annis,
815 2029 976 2108 dupliciter
997 2027 1047 2088 de-

127 2110 181 2173 licit
203 2114 348 2193 egregius
371 2112 407 2172 D.
422 2112 469 2189 D.,
492 2113 601 2191 prima
625 2112 707 2190 quod
729 2115 796 2192 ipse
816 2114 1046 2192 luitopponeus

126 2199 331 2274 semiquatuor
355 2195 430 2270 dies,
453 2202 484 2254 et
504 2195 563 2254 hac
577 2195 654 2255 hora
677 2197 775 2256 solum
786 2198 890 2274 coepit
912 2216 980 2255 esse
1001 2215 1047 2254 re·

124 2280 287 2356 spondens,
333 2277 453 2338 Deinde
475 2297 537 2338 uon
563 2280 669 2357 exegi,
699 2286 733 2338 ut
756 2279 901 2358 probaret
921 2280 1047 2339 solutio·

124 2382 197 2433 nem⁸⁴
221 2362 279 2421 sed
303 2360 482 2420 translatum
504 2363 667 2439 primatum
686 2381 755 2421 curn
778 2363 878 2423 Petro.

197 2446 371 2504 Excutiens
394 2464 428 2504 se
450 2445 542 2504 etiam
565 2445 603 2503 de
627 2445 745 2523 Cephe,
769 2445 851 2523 quod
874 2445 980 2503 Petrus
1003 2445 1045 2502 in·

122 2534 303 2606 terpretatur
324 2526 407 2606 apud
430 2527 620 2605 donantem,
654 2528 755 2587 adhuc
787 2529 922 2606 persistit
944 2529 972 2585 in
998 2547 1047 2604 e0‚
1099 2580 1105 2587 .

121 2611 198 2688 quod
224 2612 333 2670 Petrus
363 2612 456 2671 etiam
487 2610 639 2688 significet
674 2619 765 2690 caput
787 2611 914 2686 domus,
959 2611 1046 2687 quasi

121 2694 264 2754 videlicet
294 2693 454 2752 Johannes
477 2692 604 2752 Graecis
634 2695 886 2773 interpretaturus
915 2712 1046 2773 avange-

120 2776 188 2837 lium
211 2796 278 2837 non
300 2795 423 2855 graeca
445 2775 499 2835 sed
522 2776 681 2836 chaldaice
703 2777 884 2850 sitlocutus,
908 2796 947 2835 ne
967 2777 1047 2836 forte

121 2859 357 2940 intelligeretur.

199 2943 359 3017 Verbum,
382 2960 501 3020 pasce‚.
521 2943 566 3000 sic
587 2943 714 3021 accipit,
737 2949 770 3002 ut
793 2942 1044 3002 constitutionem

124 3027 301 3085 universalis
326 3026 457 3102 pastoris
481 3023 653 3105 significare
676 3026 758 3100 velit,
783 3033 813 3085 et
835 3024 873 3084 ad
895 3024 956 3083 hoc
973 3023 1047 3084 Gre-

124 3111 249 3186 gorium,
261 3107 730 3188 Ambrosium‚Chrys0stomum
744 3109 808 3168 heri
820 3127 882 3168 non
895 3106 1047 3186 allegatos

125 3191 248 3250 adduxit
272 3191 316 3269 lt,
339 3190 378 3249 ad
401 3209 481 3268 quos
504 3212 562 3271 ego
581 3191 657 3250 nihil
679 3191 817 3251 dixerim.
841 3191 948 3249 Dicam
973 3209 1046 3270 ergo

129 3293 212 3349 nunc,
236 3277 261 3333 si
286 3274 327 3332 lui
351 3272 482 3351 oblitus⁷
512 3282 543 3334 et
565 3275 652 3334 simul
676 3294 803 3353 oppono
825 3272 963 3352 regulam
987 3273 1048 3331 divi

130 3355 298 3437 Augustini:
323 3355 413 3430 Quod
437 3360 766 3437 omniumscriptorum
788 3357 869 3416 dicta
885 3355 1048 3416 iudicanda

132 3454 192 3499 sunt
213 3460 268 3519 per
290 3439 425 3498 divinam
445 3439 641 3519 Scriptorum,
665 3444 749 3500 cuius
774 3448 821 3501 est
843 3442 940 3500 maior
962 3446 1046 3499 auto-

134 3522 210 3600 ritas,
239 3542 330 3601 quam
361 3523 453 3582 totius
486 3526 606 3601 generis
628 3524 751 3584 humani
783 3525 954 3603 capacitas,
984 3541 1047 3583 non

182 3765 207 3826 t)
224 3764 253 3816 ln
273 3762 316 3817 ed.
338 3765 410 3833 orig.
429 3762 520 3823 deest:
540 3763 665 3817 adduxit.
