2346 4208
122 262 186 331 320
352 266 447 322 Resol.
467 264 494 321 t.
514 282 599 337 super
615 266 809 337 Proposltioue

123 453 298 533 apostolos,
320 457 501 533 praesertim
524 455 662 535 Paulum,
685 454 775 529 dona,
792 472 849 515 sua
869 452 1027 527 diffuditiu

123 536 218 596 multo
242 537 345 616 plures
368 557 458 618 quam
483 558 539 618 per
554 540 686 617 Petrum,
711 544 745 599 ut
765 538 841 599 mihi
865 536 1027 599 musculum

123 620 172 699 sit,
194 625 256 679 tam
278 620 431 700 profunde
442 621 531 681 huius
554 620 709 703 pontificis
728 629 866 682 mentem
877 622 971 682 trisse
989 636 1027 683 ot

124 708 284 782 cupatam,
307 710 341 763 ut
360 704 439 765 haec
462 703 598 765 scribens
622 724 685 766 non
709 705 890 765 meminisse
911 702 1027 785 potuerit

123 785 209 845 Pauli
232 789 263 846 et
284 786 415 847 aliorum
427 786 647 867 apostolorum.
692 786 723 849 si
736 806 811 869 crgo
829 786 967 865 dixisset,
985 792 1027 867 p'u

124 887 215 949 quem
237 868 320 929 dona
346 889 402 930 sua
424 872 456 930 in
480 889 592 950 eorpus
614 869 814 950 diffunderet,
847 878 933 931 recte
953 868 1027 929 dira

123 959 188 1031 set,
210 950 317 1012 sedin
339 955 481 1031 nomine,
505 972 632 1033 corpus,
654 954 779 1013 nimium
802 952 919 1015 dictum
941 958 1007 1015 eat·-

105 1035 108 1040 ’
204 1034 349 1114 Sequitur
377 1034 458 1096 idem
481 1036 558 1097 Leo:
593 1036 682 1096 Hunc
706 1039 720 1113 s
724 1037 865 1105 Petrum)
898 1034 1026 1097 enim'ir

124 1120 313 1178 consortium
337 1118 513 1179 individuae
537 1120 661 1179 unitatis
683 1126 892 1201 assumptum,
913 1114 1027 1199 inquot

123 1200 191 1279 ipse
213 1207 287 1280 erat,
310 1202 407 1263 voluit
421 1204 572 1263 nominari
588 1201 736 1263 dicendo:
758 1202 804 1263 Tu
827 1220 862 1263 es
874 1202 988 1281 Petrus,
1004 1204 1027 1261 sl

124 1301 217 1362 super
241 1283 321 1343 hauc
342 1292 461 1364 petram
484 1283 656 1346 aedificabo
679 1285 844 1346 ecclesiam
866 1288 1026 1363 meam‚··rt

125 1367 243 1426 aeterni
265 1366 371 1447 templi
384 1367 558 1429 aedificatio
568 1367 698 1429 mirabili
712 1387 840 1429 munere
859 1364 1024 1451 graduali&

126 1450 158 1508 in
180 1449 262 1510 Petri
283 1449 439 1511 soliditate
463 1452 654 1511 consisteret.
791 1452 794 1457 ’

205 1533 319 1593 lterum
340 1552 396 1613 per
417 1533 604 1595 soliditatem
622 1534 703 1594 Petri
724 1554 788 1595 non
809 1532 904 1594 fldem
926 1532 1024 1593 unisu-

123 1614 197 1675 salis
219 1616 369 1695 eclesiae,
403 1616 458 1678 sed
493 1623 680 1697 potestatem
700 1617 862 1678 Romanae
893 1614 1024 1677 eadum

123 1697 291 1779 significat,
327 1710 358 1760 et
379 1699 506 1762 verbum
529 1700 656 1779 Christi,
685 1699 740 1760 sub
762 1718 900 1780 persona
917 1716 970 1781 pro
1002 1694 1009 1711 '

121 1781 212 1862 Petri,
236 1802 299 1842 non
322 1788 424 1843 autem
447 1783 608 1861 ecclesiae,
632 1784 745 1864 accipit
756 1782 882 1862 dictum,
902 1789 938 1843 ut

121 1884 161 1926 ex
182 1866 380 1945 sequentibus
401 1874 503 1946 patet,
526 1867 575 1928 ubi
600 1865 689 1926 dicit:
711 1867 826 1926 Verum
846 1864 930 1927 hanc
949 1860 1022 1925 trut-

122 1954 218 2008 tatem
239 1949 320 2009 Petri
341 1950 429 2010 istius
452 1950 695 2029 sanctissimam,
727 1949 797 2010 Deo
823 1954 875 2025 (ut
896 1948 1022 2017 diximus)

124 2030 308 2092 aedificante
330 2039 546 2112 constructam,
569 2033 660 2093 nimis
672 2032 739 2093 vult
748 2032 844 2113 impia
863 2044 1023 2113 praesump-

126 2115 211 2174 tione
233 2114 369 2192 violare,
408 2117 544 2196 quisquis
567 2117 632 2176 eius
654 2120 839 2196 potestatem
871 2120 969 2177 tentat
991 2110 1023 2173 la

126 2197 269 2278 fringere,
291 2198 425 2260 favendo
447 2200 510 2260 suis
534 2197 760 2279 cupiditatibus,
783 2206 814 2259 et
834 2197 867 2258 id
890 2196 971 2279 quod
988 2210 1025 2257 st·

127 2284 209 2360 cepit
229 2299 248 2339 a
269 2281 424 2343 veteribus
446 2301 509 2343 non
531 2281 700 2361 sequendo.

207 2363 291 2423 Ecce
313 2385 346 2424 se
368 2366 468 2448 ipsum
492 2366 636 2445 exponit,
659 2364 846 2426 soliditatem
870 2365 952 2425 Petri
971 2376 1023 2423 em

125 2452 311 2527 potestatem
333 2449 494 2509 Romanae
517 2447 677 2527 ecclesiae,
698 2448 779 2508 idem
801 2466 859 2527 per
880 2441 1023 2509 socratici

125 2549 207 2590 mam
229 2528 321 2591 fidem
345 2531 483 2611 spiritus,
519 2539 550 2591 et
571 2538 730 2592 externam
751 2529 968 2592 iurisdictionis
984 2540 1023 2609 pt

126 2619 267 2674 testatem
291 2614 481 2695 intelligens,
519 2633 582 2675 non
611 2615 678 2675 sine
700 2613 785 2675 verbi
808 2612 977 2696 evangelici
992 2608 1023 2670 it·

124 2696 211 2760 iuria.
254 2697 323 2758 Non
348 2716 422 2778 ergo
444 2698 582 2778 infringit
598 2696 785 2758 soliditatem
798 2697 891 2774 Petri,
913 2696 964 2777 qui
983 2688 1023 2755 sall

127 2779 244 2861 legibus
266 2781 428 2841 Romanae
450 2780 602 2841 ecclesiae
624 2800 688 2842 non
710 2781 799 2859 vivit,
829 2778 886 2841 sed
908 2780 958 2861 qui
976 2790 1023 2839 ut!

127 2863 159 2923 id
183 2862 291 2943 credit,
314 2863 398 2942 quod
420 2864 527 2925 Petrus
549 2864 709 2926 coufessus
732 2870 788 2924 est.

208 2947 367 3007 Protestor
394 2954 496 3008 autem
531 2966 609 3028 ego,
644 2945 726 3027 quod
749 2947 886 3007 Decreta
919 2942 1022 3027 quiusa

123 3029 305 3090 huiusmodi
317 3050 379 3091 non
402 3031 525 3092 damno.
568 3030 651 3090 Nihil
673 3031 754 3091 enim
769 3048 859 3091 meae
877 3028 967 3091 saluti
986 3022 1023 3087 dt

125 3114 218 3194 perit,
246 3114 271 3173 si
293 3112 393 3176 tolero
417 3114 543 3174 alieuius
566 3113 734 3174 violentam
756 3112 934 3193 Scripturas
952 3112 1023 3171 iuter

125 3197 346 3277 pretationem,
385 3198 479 3258 modo
513 3216 586 3257 vera
613 3204 644 3257 et
674 3197 813 3277 legitima
840 3188 1024 3277 intelligar&

124 3280 210 3339 iuxta
231 3281 318 3341 salva
339 3281 387 3344 sit.
432 3280 493 3341 Sed
514 3280 575 3341 hoc
596 3279 732 3357 adnitor,
756 3285 790 3340 ut
809 3297 875 3340 rem
898 3282 932 3341 et
951 3274 1023 3338 ndu

125 3372 263 3423 nostram
285 3365 440 3424 constanti
468 3370 499 3425 et
530 3362 630 3424 solida
657 3363 863 3444 intelligentia
892 3361 1024 3423 diamur·

124 3444 257 3507 firmare.
300 3445 449 3521 Quamvis
473 3448 553 3507 enim
577 3446 730 3507 eiusmodi
758 3444 927 3506 abusiones
946 3440 1023 3519 θοήν

125 3535 212 3590 turae
236 3530 359 3590 valeant
376 3549 432 3610 pro
448 3531 495 3608 iis,
519 3531 570 3608 qui
585 3530 646 3590 iam
660 3529 797 3608 credunt,
822 3535 854 3590 et
867 3520 1025 3617 alemus

125 3613 195 3692 sint,
217 3620 326 3673 tamen
350 3620 473 3693 oportet
495 3614 597 3689 etiam,
621 3614 646 3673 si
670 3632 738 3673 cum
761 3612 1025 3674 tornationem

124 3702 192 3756 atur
214 3695 338 3776 bellum,
360 3696 474 3758 habere
484 3695 654 3776 simplicem
671 3705 703 3757 et
714 3714 898 3778 germanum
919 3702 1023 3757 sensu

126 3778 247 3859 Christi,
269 3781 321 3861 qui
342 3788 425 3842 stare
445 3782 477 3841 iu
500 3781 675 3841 acievictor
688 3781 798 3862 possit,
817 3798 859 3841 ne
880 3775 1023 3841 mnis·
