2346 4208
192 256 277 337 Ι’482
443 272 570 342 Epistola
588 272 657 328 Phil.
671 266 896 327 'Melanch‘tlrouis
994 279 996 282 ⁴

179 464 182 473 '
215 461 352 536 temere,
373 477 415 518 ne
438 457 511 537 quid
532 457 700 519 immodico
723 458 827 516 animo
844 456 972 517 'dictum'
987 455 1136 518 videatur.

216 539 255 601 Et
276 541 363 600 utin
386 539 494 600 studiis
515 541 687 618 literarum,
716 558 753 600 ac
774 541 968 620 potissimum
989 539 1021 598 in
1043 554 1136 620 nego-

162 653 164 657 *
214 625 258 684 tio
281 624 416 703 pietatis,
438 623 514 683 nihil
537 632 611 704 puto
634 643 735 703 neque
756 624 840 703 prius
851 641 953 702 neque
975 623 1136 682 salutarius

174 713 177 719 “
216 724 384 788 congressu
405 706 547 766 familiari
569 706 730 768 doctorum
754 725 791 766 ac
811 705 1136 784 bonorum‚'ubi‘aen·

214 792 311 850 tentia
333 807 402 849 cum
424 791 592 866 sententia,
625 789 754 870 placidis
786 790 823 849 a'c
852 789 1023 869 tranquillis
1051 789 1136 847 mini·

176 882 190 904 ’·
215 891 325 952 meque
360 873 565 952 pertinacibus
594 875 719 951 animis,
754 873 925 950 confertur,
961 871 1014 932 ubi
1035 882 1135 951 neque

176 974 182 987 ¹
215 956 297 1016 vinci
318 954 583 1032 indecorum‘est,
606 974 707 1034 neque
729 957 852 1016 vincere
874 954 1048 1036 plausibile·
1076 954 1135 1014 ·¹lta

182 1040 267 1097 ”rix
288 1037 370 1097 aliud
405 1056 517 1100 censeo
546 1040 749 1119 perniciosius
771 1037 969 1118 popularibus
990 1037 1054 1097 illia
1077 1035 1133 1097 dis-

199 1120 449 1201 ·ceptationibus,
471 1122 523 1182 ubi
544 1140 607 1182 non
630 1122 939 1202 potestquantumvis
961 1121 1052 1181 bonis
1073 1126 1134 1180 rlon

188 1202 393 1284 obstrepere
414 1206 561 1266 victoriae
577 1223 661 1265 cura.
694 1205 760 1266 Seis
784 1213 827 1283 tu,
842 1223 933 1284 quam
952 1203 1048 1264 mulla
1068 1222 1134 1284 pru-

215 1286 322 1346 denter
357 1290 388 1346 in
432 1288 513 1348 hanc
549 1289 733 1348 seutentiam
769 1287 882 1349 scribat
904 1287 1134 1358 narranaam,

189 1388 305 1459 bquam
324 1371 517 1432 mulm'item
541 1371 687 1432 Erasmus
708 1379 824 1442 noster.

189 1454 214 1484 '³
242 1485 245 1491 ·
296 1454 359 1514 Iam
383 1473 459 1516 vero
482 1463 670 1515 convenerat
691 1453 730 1514 de
752 1455 897 1532 notariis,
930 1470 1033 1532 neque
1049 1455 1131 1514 enim

183 1563 186 1567 ·
214 1532 304 1597 aliter
336 1537 515 1617 persuaderi
536 1545 659 1617 poterat
680 1536 929 1616 Oanolostadlus,
963 1537 1016 1616 qui
1026 1562 1040 1616 ,·
1066 1550 1132 1596 uum

68 1648 72 1657 1
180 1632 191 1652 ··
213 1620 344 1700 primum
368 1627 544 1701 susceptum
566 1628 613 1681 est
634 1626 804 1699 certarnen,
825 1621 869 1682 ibi
890 1625 1134 1700 certosqunque

175 1714 178 1735 ’·
213 1702 331 1763 iudices
353 1702 508 1784 designari
526 1704 625 1764 voluit
645 1704 767 1785 Eccius,
790 1723 852 1764 nou
873 1703 1031 1763 recusavit
1042 1702 1133 1764 omo-

214 1784 373 1847 lostadius.
415 1787 523 1865 ltaque
551 1787 601 1847 die
624 1787 744 1847 XXVll.
774 1786 987 1847 mensis-Iunii
1009 1800 1133 1867 congre-

189 1866 341 1930 ²diuutur
374 1868 523 1938 lohannes
553 1869 663 1929 Eccius
697 1877 728 1930 et
750 1869 991 1931 Oarolostadius.
1035 1868 1133 1930 Deli-

177 1951 292 2013 ²bero
316 1951 441 2012 arbitrio
464 1953 656 2031 propositum
679 1961 742 2029 est,
777 1972 815 2014 an
839 1955 879 2013 sit
899 1951 1026 2032 aliquod
1046 1951 1133 2014 nobis

188 2030 435 2120 “demulcerem
458 2034 572 2094 bonum
596 2055 689 2117 opus,
711 2036 855 2116 haenel,
886 2043 921 2096 ut
940 2036 1000 2116 ipsi
1022 2035 1133 2111 dicunt,

177 2128 186 2143 ¹·
214 2136 254 2178 an
288 2115 326 2177 de
362 2134 500 2198 congruo
533 2137 706 2179 mereamur
726 2121 976 2200 gratiam‚'cum
997 2118 1133 2196 nolana,

213 2199 296 2279 quod
329 2201 359 2259 in
395 2201 485 2260 nobis
516 2217 571 2263 est.
622 2202 700 2263 Utor
737 2204 818 2263 enirn
852 2203 987 2282 ipsorum
1024 2202 1130 2264 verbis.

182 2282 281 2343 '·H0c
302 2301 369 2343 cum
393 2285 443 2364 agi
466 2284 606 2364 deberet,
642 2285 713 2371 vide
749 2304 895 2367 quorsum
933 2287 1131 2346 contentione

191 2367 291 2444 ‘rapti
321 2367 400 2444 aiut,
434 2373 465 2427 et
495 2369 526 2427 in
562 2387 639 2447 quos
668 2369 813 2448 scopulos
836 2370 1030 2449 impegerint.
1074 2366 1130 2448 agr·

213 2447 362 2527 debebat,
386 2450 456 2529 quid
479 2470 535 2530 per
556 2469 625 2511 sese
649 2453 724 2512 citra
744 2453 874 2532 gratiam
897 2459 1006 2531 posset
1028 2451 1130 2512 volun·

213 2537 260 2591 tas
284 2538 400 2594 nostra.
444 2534 504 2613 Ipsi
529 2536 739 2612 quaestionem
763 2535 825 2596 alio
847 2535 984 2614 rapiunt,
1006 2541 1040 2595 et
1059 2552 1131 2614 qua-

189 2619 282 2675 ‘tuor
304 2616 397 2677 credo
422 2618 585 2677 continuos
608 2618 725 2678 diesin
749 2637 787 2678 eo
811 2617 994 2698 disceptant,
1018 2636 1131 2679 auvo-

193 2696 313 2759 'luutas
336 2706 453 2760 tantum
474 2702 604 2779 recipiat
631 2700 745 2761 bonum
769 2721 862 2782 opus,
895 2703 1058 2781 ipsumque
1079 2700 1131 2762 bo-

211 2800 285 2841 num
317 2802 395 2862 opus
424 2783 492 2843 sola
520 2783 634 2844 efficiat
662 2785 783 2865 gratia?
820 2785 852 2845 ln
875 2784 930 2844 has
952 2784 1131 2864 Symplega-

212 2865 266 2924 das
289 2875 459 2946 coegerunt
482 2885 605 2926 causam
629 2869 757 2927 nonita
779 2869 908 2928 multum
929 2868 1130 2944 necessarias,

211 2954 243 3008 et
263 2948 355 3028 plane
378 2950 496 3008 alienas
518 2949 557 3010 ab
580 2951 718 3011 instituto
742 2949 958 3012 Carolostadii.

293 3029 385 3092 Dedit
405 3031 531 3110 Ecciua,
569 3035 600 3092 in
635 3035 795 3094 voluntate
827 3043 932 3095 nostra
964 3051 1027 3093 non
1064 3052 1130 3094 esse

199 3115 271 3174 alm
304 3117 484 3195 genuinam,
520 3135 580 3195 qua.
612 3136 689 3196 opus
725 3117 838 3178 bonum
871 3117 1040 3198 producas,
1077 3115 1129 3177 sed

209 3198 374 3258 ascititiam
403 3205 536 3275 tanturn,
570 3219 699 3279 eamque
732 3220 822 3280 quam
856 3201 995 3262 foeneret
1022 3201 1130 3280 gratia,

208 3280 240 3339 id
274 3281 355 3359 quod
388 3283 517 3361 primum
550 3282 710 3344 videbatur
739 3303 928 3365 oppugnare.
971 3282 1131 3345 Deindea

190 3362 427 3425 ‘Oarolostadio
465 3369 609 3445 rogatus,
655 3367 872 3447 largireturne,
917 3371 1014 3427 totum
1051 3384 1129 3446 opus

209 3445 323 3506 bouum
347 3466 416 3507 ease
437 3466 456 3507 a
478 3447 560 3525 Dec,
595 3449 755 3529 respoudit
777 3457 873 3510 totum
897 3448 1038 3530 quidem,
1067 3468 1128 3510 nou

191 3535 311 3589 ‘autem
334 3530 475 3593 totaliter.
508 3530 592 3591 Ecce
614 3540 727 3612 autem,
750 3540 783 3593 ut
804 3540 944 3613 argutum
965 3533 1028 3593 hoc
1049 3550 1130 3594 conr-

209 3620 355 3694 meutum,
378 3613 504 3695 dignum
521 3616 682 3675 maiestate
698 3616 866 3697 theologici
881 3616 1026 3692 nominis,
1049 3623 1129 3677 adeo

206 3693 324 3773 λόγους
345 3696 489 3778 auditam
511 3699 606 3757 cuivis
627 3699 721 3760 hodie
744 3700 870 3761 liberum
895 3704 951 3759 est.
994 3698 1128 3760 Primum

198 3779 318 3904 >uterq
339 3779 454 3842 Ennius
480 3780 670 3844 voluntatem
698 3801 722 3844 a·
737 3783 807 3846 uso
836 3783 979 3862 ιιιοτθιὴ,ι
1004 3781 1128 3860 deinde,
