2346 4208
121 240 185 308 160
318 243 476 315 Disputatio
495 246 604 316 Lipsiae
624 247 719 301 habita
738 263 763 301 a.
783 246 847 301 XlX

123 438 255 498 maiores
283 435 440 498 molestias
469 435 583 495 sentiat
616 441 705 494 extra
727 453 839 514 corpus
859 436 892 496 in
915 436 1038 499 animai

122 519 194 599 qnid
216 521 310 599 iuvat,
332 521 359 581 si
388 518 513 597 quiesco
538 537 556 577 a
579 514 672 592 febri,
696 524 727 577 et
747 517 877 579 infestor
898 519 1039 583 calculat

204 604 251 663 De
263 603 372 668 Christi
394 601 497 680 quiete
519 599 603 660 aliud
618 608 674 676 est,
696 602 955 664 resurrectionem
976 602 1040 667 aba·

63 748 76 761 ,
121 704 181 765 que
203 687 399 767 corruptione
421 690 632 762 exspectante.
654 684 742 743 Beati
763 702 856 764 ergo,
878 686 931 766 qui
954 688 1039 747 mori·

121 775 212 829 untur
232 771 262 829 in
287 770 431 837 Domino.
456 766 517 828 sed
538 768 606 846 quis
629 767 764 827 dicturus
787 773 835 828 est
853 787 972 850 corpus
991 769 1038 833 be

120 858 203 912 atum
225 853 283 912 nisi
305 871 360 933 per
381 849 615 929 redundantiam
634 851 755 910 animae
778 850 809 910 in
832 850 969 931 corpus?
990 852 1039 915 sto

120 934 159 996 de
180 936 215 997 B.
238 935 405 1016 Stephano,
427 934 479 1012 qui
501 933 532 992 in
554 934 689 993 Domino
713 932 906 995 obdormivit.

202 1019 343 1097 Demum,
364 1018 471 1096 inquit,
494 1035 542 1075 me
566 1021 671 1094 petere
692 1017 895 1096 principium:
918 1017 996 1079 Sunt
1010 1020 1040 1081 in

121 1120 215 1181 pace,
241 1108 273 1162 et
299 1107 402 1161 tamen
436 1100 480 1159 sis
503 1100 634 1178 petimus
654 1118 774 1178 pacem.
817 1099 858 1161 Et
880 1102 954 1182 quia
974 1100 1040 1163 ridi·

122 1184 224 1244 culum
248 1191 304 1264 est,
327 1184 439 1244 referre
461 1201 569 1260 pacem
587 1180 723 1242 habitam
746 1182 785 1241 ad
798 1200 922 1263 corpus,
945 1186 1040 1266 sequi·

126 1274 184 1344 tur,
205 1267 289 1327 illam
313 1286 381 1327 esse
403 1267 434 1324 in
457 1267 559 1324 anima
580 1266 739 1324 scientiam
762 1267 946 1329 securitatis.

204 1349 295 1426 Quod
329 1350 388 1429 ait,
417 1368 451 1408 se
474 1368 528 1407 sua
550 1347 682 1431 probare
710 1367 773 1408 uon
795 1368 904 1430 posse,
934 1356 1040 1432 reputo

123 1434 326 1512 verissimum,
346 1439 454 1492 contra
475 1431 525 1490 alii
550 1451 605 1491 sua
627 1430 768 1509 probant,
792 1433 932 1511 quamvis
954 1435 1052 1515 perde,

123 1536 185 1577 nox
207 1524 239 1577 et
260 1517 435 1576 cervicosus
458 1515 549 1574 stiam
573 1513 888 1575 demonstrationibus
909 1536 975 1579 non
995 1536 1040 1579 ac·

123 1602 271 1679 quiescat,
292 1600 364 1679 quin
387 1594 729 1677 semper'contenderet,
751 1616 814 1657 non
837 1599 1040 1661 essedemon·

121 1683 313 1760 strationem,
334 1682 418 1743 velut
439 1680 606 1761 Gregorius
628 1679 756 1742 Arimin.
779 1688 810 1740 et
832 1682 940 1743 Pet‘rus
962 1684 1040 1746 alts-

121 1767 222 1839 censis
230 1764 388 1827 Aristoteli
410 1765 526 1825 faciunt
546 1766 576 1823 in
599 1763 770 1823 rationibus
793 1763 832 1824 de
852 1766 953 1844 primo
976 1786 1039 1829 mn·

121 1856 189 1910 tore
211 1852 242 1909 in
263 1855 292 1914 7.
317 1855 349 1909 et
369 1849 398 1911 8.
421 1847 630 1927 Physicorum.
674 1844 778 1920 Quare
795 1865 863 1909 oum
886 1850 1039 1911 communi

58 1998 63 2003 ,
123 1932 274 1996 concludo
303 1932 471 2009 sententia,
505 1937 536 1991 et
566 1931 597 1989 in
615 1928 798 2010 'purgatorio
826 1934 958 2012 gratiam
980 1944 1040 1995 nort

124 2017 246 2096 augeri,
269 2019 301 2076 et
322 2033 375 2076 eas
397 2020 496 2073 certas
519 2031 588 2073 esse
610 2012 649 2073 de
672 2013 784 2076 salute.

441 2179 486 2240 De
507 2132 721 2261 indulgentiis.

125 2333 194 2395 Die
215 2303 536 2409 undecimalulii,
557 2350 656 2411 quae
676 2331 754 2391 fuit
775 2329 1042 2415 diesLunae').

512 2496 663 2557 Eccius.

189 2635 221 2695 ln
244 2632 368 2715 primis,
392 2638 556 2710 antequam
579 2632 765 2699 descendam
787 2633 818 2694 in
841 2634 923 2694 hanc
945 2632 1041 2717 dispu-

127 2719 276 2780 tationem
299 2715 565 2796 indulgentiarum,
588 2723 751 2796 protestor,
774 2735 835 2776 non
852 2716 1041 2780 essementis

125 2821 235 2881 meae,
258 2806 310 2862 aut
330 2799 537 2879 propositum,
567 2799 646 2859 velle
667 2798 726 2859 hac
748 2800 885 2860 mendis
908 2802 1042 2863 utatione

126 2885 340 2949 contravenire
356 2880 503 2942 mandatis
525 2883 635 2942 summi
649 2880 815 2962 Pontificis,
837 2820 948 2962 nudus
963 2900 1041 2945 man·

124 2968 228 3032 datin
251 2967 374 3028 decreto
397 2966 576 3045 incipiente:
606 2964 681 3025 Cum
704 2973 888 3045 postquam,
910 2986 974 3029 non
996 2966 1041 3029 de

124 3053 196 3115 bere
219 3050 342 3113 defendi
365 3047 413 3108 vel
436 3049 606 3127 praedicari
628 3051 815 3109 contrarium
837 3051 929 3111 certis
951 3068 1042 3133 punc·

125 3137 163 3196 tis
186 3137 224 3198 de
251 3132 465 3214 indulgentiis,
494 3132 549 3193 sub
577 3151 680 3212 poena
707 3134 1041 3213 excommunicationis,

125 3220 180 3281 sed
202 3219 299 3299 magis
321 3235 389 3277 esse
406 3215 584 3276 intentionis
608 3235 717 3295 meae,
749 3215 915 3278 defendere
936 3218 1041 3279 veria-

125 3310 186 3364 tem
209 3305 241 3363 in
263 3298 373 3362 eodem
396 3298 520 3359 decreto
544 3298 756 3379 approbatam.
799 3298 867 3374 Quo
891 3301 937 3360 sic
959 3318 1041 3382 prae·

124 3386 204 3467 fato,
234 3383 349 3446 accedo
372 3382 412 3443 ad
433 3381 673 3463 impugnandam
695 3382 927 3444 conclusionem
951 3382 1040 3445 unde·

125 3489 244 3531 ormam.

206 3553 317 3613 Dicere
338 3548 544 3630 indulgentias
567 3567 636 3609 esse
659 3548 747 3609 utiles
770 3547 969 3630 Christianis,
994 3552 1040 3611 ast

125 3656 231 3698 verum
253 3641 284 3695 et
305 3634 404 3714 pium,
441 3651 499 3692 nec
516 3630 727 3713 indulgentiae
749 3640 819 3692 sunt
840 3634 947 3695 vitium
971 3630 1038 3695 boul

164 3781 195 3849 1)
215 3779 328 3833 Loeseh.
348 3795 384 3832 cx
403 3776 467 3831 MSo
486 3777 616 3832 adnotatt
637 3776 706 3829 hora
724 3777 856 3844 septima.
