<?xml version="1.0" encoding="UTF-8"?>
<!DOCTYPE html PUBLIC "-//W3C//DTD XHTML 1.0 Transitional//EN"
    "http://www.w3.org/TR/xhtml1/DTD/xhtml1-transitional.dtd">
<html xmlns="http://www.w3.org/1999/xhtml" xml:lang="en" lang="en">
 <head>
  <title>
</title>
<meta http-equiv="Content-Type" content="text/html;charset=utf-8" />
  <meta name='ocr-system' content='tesseract 3.04.00' />
  <meta name='ocr-capabilities' content='ocr_page ocr_carea ocr_par ocr_line ocrx_word'/>
</head>
<body>
  <div class='ocr_page' id='page_1' title='image "./dmartinilutheri04luthgoog_0075.png"; bbox 0 0 2346 4208; ppageno 0'>
   <div class='ocr_carea' id='block_1_1' title="bbox 123 249 841 328">
    <p class='ocr_par' dir='ltr' id='par_1_1' title="bbox 123 249 841 328">
     <span class='ocr_line' id='line_1_1' title="bbox 123 249 841 328; baseline 0 -16"><span class='ocrx_word' id='word_1_1' title='bbox 123 249 168 319; x_wconf 76' lang='lat'>64⁵</span> <span class='ocrx_word' id='word_1_2' title='bbox 316 255 476 327; x_wconf 80' lang='lat' dir='ltr'><strong>Disputatio</strong></span> <span class='ocrx_word' id='word_1_3' title='bbox 498 260 605 328; x_wconf 81' lang='lat' dir='ltr'>Lipsiae</span> <span class='ocrx_word' id='word_1_4' title='bbox 624 260 718 314; x_wconf 85' lang='lat' dir='ltr'>habita</span> <span class='ocrx_word' id='word_1_5' title='bbox 736 277 761 315; x_wconf 85' lang='lat' dir='ltr'>a.</span> <span class='ocrx_word' id='word_1_6' title='bbox 783 260 841 315; x_wconf 81' lang='lat' dir='ltr'>xlx</span> 
     </span>
    </p>
   </div>
   <div class='ocr_carea' id='block_1_2' title="bbox 123 443 1044 670">
    <p class='ocr_par' dir='ltr' id='par_1_2' title="bbox 123 443 1044 670">
     <span class='ocr_line' id='line_1_2' title="bbox 123 443 1044 519; baseline 0.005 -18"><span class='ocrx_word' id='word_1_7' title='bbox 123 443 235 519; x_wconf 89' lang='lat' dir='ltr'>rsticis,</span> <span class='ocrx_word' id='word_1_8' title='bbox 257 450 290 502; x_wconf 84' lang='lat' dir='ltr'>ut</span> <span class='ocrx_word' id='word_1_9' title='bbox 313 445 384 504; x_wconf 83' lang='lat' dir='ltr'>luco</span> <span class='ocrx_word' id='word_1_10' title='bbox 397 445 570 511; x_wconf 70' lang='lat' dir='ltr'><strong>sanctitatis</strong></span> <span class='ocrx_word' id='word_1_11' title='bbox 586 445 707 505; x_wconf 89' lang='lat' dir='ltr'>Patrum</span> <span class='ocrx_word' id='word_1_12' title='bbox 719 445 942 506; x_wconf 88' lang='lat' dir='ltr'>haereticorum</span> <span class='ocrx_word' id='word_1_13' title='bbox 961 454 1044 507; x_wconf 78' lang='lat' dir='ltr'>tusa</span> 
     </span>
     <span class='ocr_line' id='line_1_3' title="bbox 124 524 1044 609; baseline 0.005 -25"><span class='ocrx_word' id='word_1_14' title='bbox 124 537 172 584; x_wconf 92' lang='lat' dir='ltr'>tur</span> <span class='ocrx_word' id='word_1_15' title='bbox 202 524 379 604; x_wconf 70' lang='lat' dir='ltr'>perfidiam,</span> <span class='ocrx_word' id='word_1_16' title='bbox 410 528 555 605; x_wconf 92' lang='lat' dir='ltr'>quoniam</span> <span class='ocrx_word' id='word_1_17' title='bbox 584 528 668 588; x_wconf 90' lang='lat' dir='ltr'>mille</span> <span class='ocrx_word' id='word_1_18' title='bbox 692 536 723 588; x_wconf 94' lang='lat' dir='ltr'>et</span> <span class='ocrx_word' id='word_1_19' title='bbox 741 529 1044 609; x_wconf 81' lang='lat' dir='ltr'>quadringentoasi-</span> 
     </span>
     <span class='ocr_line' id='line_1_4' title="bbox 123 608 1027 670; baseline 0.009 -4"><span class='ocrx_word' id='word_1_20' title='bbox 123 608 186 667; x_wconf 91' lang='lat' dir='ltr'>mul</span> <span class='ocrx_word' id='word_1_21' title='bbox 202 609 336 669; x_wconf 74' lang='lat' dir='ltr'>inculcat</span> <span class='ocrx_word' id='word_1_22' title='bbox 359 629 468 670; x_wconf 90' lang='lat' dir='ltr'>annos.</span> <span class='ocrx_word' id='word_1_23' title='bbox 1023 638 1027 649; x_wconf 87' lang='lat'><strong>·</strong></span> 
     </span>
    </p>
   </div>
   <div class='ocr_carea' id='block_1_3' title="bbox 255 737 1006 841">
    <p class='ocr_par' dir='ltr' id='par_1_3' title="bbox 255 737 1006 841">
     <span class='ocr_line' id='line_1_5' title="bbox 255 737 1006 841; baseline 0.003 -21"><span class='ocrx_word' id='word_1_24' title='bbox 255 737 258 742; x_wconf 15' lang='grc' dir='ltr'><strong>Δ</strong></span> <span class='ocrx_word' id='word_1_25' title='bbox 286 761 325 821; x_wconf 90' lang='grc' dir='ltr'>Μ.</span> <span class='ocrx_word' id='word_1_26' title='bbox 348 761 496 822; x_wconf 89' lang='lat' dir='ltr'>Lutherus</span> <span class='ocrx_word' id='word_1_27' title='bbox 519 763 746 841; x_wconf 78' lang='lat' dir='ltr'>protestabatur</span> <span class='ocrx_word' id='word_1_28' title='bbox 772 763 894 825; x_wconf 85' lang='lat' dir='ltr'>dicens:</span> <span class='ocrx_word' id='word_1_29' title='bbox 994 810 1006 820; x_wconf 93' lang='lat'>..</span> 
     </span>
    </p>
   </div>
   <div class='ocr_carea' id='block_1_4' title="bbox 40 887 1066 1476">
    <p class='ocr_par' dir='ltr' id='par_1_4' title="bbox 40 887 1066 1476">
     <span class='ocr_line' id='line_1_6' title="bbox 204 887 1050 981; baseline 0.001 -26"><span class='ocrx_word' id='word_1_30' title='bbox 204 894 361 957; x_wconf 86' lang='lat' dir='ltr'>Protsstor</span> <span class='ocrx_word' id='word_1_31' title='bbox 375 915 477 957; x_wconf 91' lang='lat' dir='ltr'>coram</span> <span class='ocrx_word' id='word_1_32' title='bbox 502 895 588 957; x_wconf 91' lang='lat' dir='ltr'>vobis</span> <span class='ocrx_word' id='word_1_33' title='bbox 602 896 743 961; x_wconf 90' lang='lat' dir='ltr'>omnibus</span> <span class='ocrx_word' id='word_1_34' title='bbox 761 905 792 958; x_wconf 87' lang='lat' dir='ltr'>ct</span> <span class='ocrx_word' id='word_1_35' title='bbox 806 897 937 978; x_wconf 78' lang='lat' dir='ltr'>publice,</span> <span class='ocrx_word' id='word_1_36' title='bbox 959 887 1050 981; x_wconf 89' lang='lat' dir='ltr'>quod</span> 
     </span>
     <span class='ocr_line' id='line_1_7' title="bbox 122 976 1043 1061; baseline 0.002 -23"><span class='ocrx_word' id='word_1_37' title='bbox 122 979 262 1058; x_wconf 86' lang='lat' dir='ltr'>egregius</span> <span class='ocrx_word' id='word_1_38' title='bbox 285 976 321 1041; x_wconf 88' lang='lat' dir='ltr'>D.</span> <span class='ocrx_word' id='word_1_39' title='bbox 346 980 382 1039; x_wconf 92' lang='lat' dir='ltr'>D.</span> <span class='ocrx_word' id='word_1_40' title='bbox 419 979 480 1040; x_wconf 90' lang='lat' dir='ltr'>hoc</span> <span class='ocrx_word' id='word_1_41' title='bbox 512 979 699 1041; x_wconf 76' lang='lat' dir='ltr'>mendaciter</span> <span class='ocrx_word' id='word_1_42' title='bbox 731 986 762 1042; x_wconf 89' lang='lat' dir='ltr'>et</span> <span class='ocrx_word' id='word_1_43' title='bbox 789 976 984 1061; x_wconf 75' lang='lat' dir='ltr'>impudenter</span> <span class='ocrx_word' id='word_1_44' title='bbox 1003 978 1043 1040; x_wconf 93' lang='lat' dir='ltr'>de</span> 
     </span>
     <span class='ocr_line' id='line_1_8' title="bbox 123 1060 1042 1144; baseline 0.003 -25"><span class='ocrx_word' id='word_1_45' title='bbox 123 1079 171 1121; x_wconf 87' lang='lat' dir='ltr'>me</span> <span class='ocrx_word' id='word_1_46' title='bbox 195 1060 336 1140; x_wconf 89' lang='lat' dir='ltr'>loquitur.</span> <span class='ocrx_word' id='word_1_47' title='bbox 358 1061 520 1122; x_wconf 81' lang='lat' dir='ltr'>EtEccius</span> <span class='ocrx_word' id='word_1_48' title='bbox 543 1068 730 1142; x_wconf 90' lang='lat' dir='ltr'>protestatur</span> <span class='ocrx_word' id='word_1_49' title='bbox 752 1083 786 1124; x_wconf 87' lang='lat' dir='ltr'>ae</span> <span class='ocrx_word' id='word_1_50' title='bbox 810 1062 888 1124; x_wconf 88' lang='lat' dir='ltr'>velle</span> <span class='ocrx_word' id='word_1_51' title='bbox 910 1063 1042 1144; x_wconf 77' lang='lat' dir='ltr'>probare,</span> 
     </span>
     <span class='ocr_line' id='line_1_9' title="bbox 122 1143 1066 1227; baseline 0.003 -25"><span class='ocrx_word' id='word_1_52' title='bbox 122 1144 241 1223; x_wconf 87' lang='lat' dir='ltr'>scriptis</span> <span class='ocrx_word' id='word_1_53' title='bbox 264 1151 295 1204; x_wconf 92' lang='lat' dir='ltr'>et</span> <span class='ocrx_word' id='word_1_54' title='bbox 316 1143 425 1224; x_wconf 87' lang='lat' dir='ltr'>dictis,</span> <span class='ocrx_word' id='word_1_55' title='bbox 454 1146 484 1204; x_wconf 94' lang='lat' dir='ltr'>in</span> <span class='ocrx_word' id='word_1_56' title='bbox 516 1145 624 1224; x_wconf 86' lang='lat' dir='ltr'>quibus</span> <span class='ocrx_word' id='word_1_57' title='bbox 659 1145 754 1227; x_wconf 86' lang='lat' dir='ltr'>longo</span> <span class='ocrx_word' id='word_1_58' title='bbox 784 1154 921 1226; x_wconf 90' lang='lat' dir='ltr'>tempore</span> <span class='ocrx_word' id='word_1_59' title='bbox 945 1146 1066 1206; x_wconf 86' lang='lat' dir='ltr'>maior·</span> 
     </span>
     <span class='ocr_line' id='line_1_10' title="bbox 122 1224 1042 1308; baseline 0.004 -23"><span class='ocrx_word' id='word_1_60' title='bbox 122 1224 310 1287; x_wconf 81' lang='lat' dir='ltr'>Graecorum</span> <span class='ocrx_word' id='word_1_61' title='bbox 335 1247 405 1308; x_wconf 90' lang='lat' dir='ltr'>pars</span> <span class='ocrx_word' id='word_1_62' title='bbox 427 1235 458 1289; x_wconf 91' lang='lat' dir='ltr'>et</span> <span class='ocrx_word' id='word_1_63' title='bbox 480 1228 611 1288; x_wconf 88' lang='lat' dir='ltr'>ecclesia</span> <span class='ocrx_word' id='word_1_64' title='bbox 633 1229 688 1290; x_wconf 85' lang='lat' dir='ltr'>luit</span> <span class='ocrx_word' id='word_1_65' title='bbox 717 1230 871 1299; x_wconf 80' lang='lat' dir='ltr'>haeretica</span> <span class='ocrx_word' id='word_1_66' title='bbox 894 1237 924 1289; x_wconf 87' lang='lat' dir='ltr'>st</span> <span class='ocrx_word' id='word_1_67' title='bbox 947 1228 1042 1289; x_wconf 87' lang='lat' dir='ltr'>schis-</span> 
     </span>
     <span class='ocr_line' id='line_1_11' title="bbox 123 1310 1042 1386; baseline 0.002 -18"><span class='ocrx_word' id='word_1_68' title='bbox 123 1310 255 1386; x_wconf 88' lang='lat' dir='ltr'>matica,</span> <span class='ocrx_word' id='word_1_69' title='bbox 289 1311 343 1371; x_wconf 89' lang='lat' dir='ltr'>sed</span> <span class='ocrx_word' id='word_1_70' title='bbox 366 1332 428 1372; x_wconf 93' lang='lat' dir='ltr'>non</span> <span class='ocrx_word' id='word_1_71' title='bbox 450 1319 498 1371; x_wconf 90' lang='lat' dir='ltr'>est</span> <span class='ocrx_word' id='word_1_72' title='bbox 519 1313 684 1372; x_wconf 91' lang='lat' dir='ltr'>conventio</span> <span class='ocrx_word' id='word_1_73' title='bbox 709 1311 784 1372; x_wconf 90' lang='lat' dir='ltr'>lucis</span> <span class='ocrx_word' id='word_1_74' title='bbox 808 1312 845 1372; x_wconf 87' lang='lat' dir='ltr'>ad</span> <span class='ocrx_word' id='word_1_75' title='bbox 869 1312 988 1386; x_wconf 83' lang='lat' dir='ltr'>Belial,</span> <span class='ocrx_word' id='word_1_76' title='bbox 1011 1314 1042 1371; x_wconf 84' lang='lat' dir='ltr'>ei</span> 
     </span>
     <span class='ocr_line' id='line_1_12' title="bbox 40 1391 1040 1476; baseline 0.007 -26"><span class='ocrx_word' id='word_1_77' title='bbox 40 1391 43 1396; x_wconf 82' lang='grc'><strong>’</strong></span> <span class='ocrx_word' id='word_1_78' title='bbox 122 1392 386 1454; x_wconf 84' lang='lat' dir='ltr'>schismaticorum</span> <span class='ocrx_word' id='word_1_79' title='bbox 407 1392 446 1455; x_wconf 87' lang='lat' dir='ltr'>ad</span> <span class='ocrx_word' id='word_1_80' title='bbox 469 1401 593 1455; x_wconf 86' lang='lat' dir='ltr'>sanctos</span> <span class='ocrx_word' id='word_1_81' title='bbox 616 1402 765 1476; x_wconf 82' lang='lat' dir='ltr'>martyres</span> <span class='ocrx_word' id='word_1_82' title='bbox 784 1403 815 1457; x_wconf 94' lang='lat' dir='ltr'>et</span> <span class='ocrx_word' id='word_1_83' title='bbox 837 1395 1040 1473; x_wconf 79' lang='lat' dir='ltr'>confessores.</span> 
     </span>
    </p>
   </div>
   <div class='ocr_carea' id='block_1_5' title="bbox 506 1558 656 1622">
    <p class='ocr_par' dir='ltr' id='par_1_5' title="bbox 506 1558 656 1622">
     <span class='ocr_line' id='line_1_13' title="bbox 506 1558 656 1622; baseline 0.027 -4"><span class='ocrx_word' id='word_1_84' title='bbox 506 1558 656 1622; x_wconf 82' lang='lat' dir='ltr'>Eccius.</span> 
     </span>
    </p>
   </div>
   <div class='ocr_carea' id='block_1_6' title="bbox 121 1693 1072 3849">
    <p class='ocr_par' dir='ltr' id='par_1_6' title="bbox 121 1693 1072 2355">
     <span class='ocr_line' id='line_1_14' title="bbox 204 1693 1042 1775; baseline 0 -22"><span class='ocrx_word' id='word_1_85' title='bbox 204 1693 250 1753; x_wconf 89' lang='lat' dir='ltr'>De</span> <span class='ocrx_word' id='word_1_86' title='bbox 292 1693 443 1768; x_wconf 86' lang='lat' dir='ltr'>ecclesia,</span> <span class='ocrx_word' id='word_1_87' title='bbox 481 1701 556 1754; x_wconf 88' lang='lat' dir='ltr'>ante</span> <span class='ocrx_word' id='word_1_88' title='bbox 586 1695 756 1755; x_wconf 84' lang='lat' dir='ltr'>Romanam</span> <span class='ocrx_word' id='word_1_89' title='bbox 791 1695 899 1775; x_wconf 84' lang='lat' dir='ltr'>viginti</span> <span class='ocrx_word' id='word_1_90' title='bbox 940 1712 1042 1754; x_wconf 90' lang='lat' dir='ltr'>annos</span> 
     </span>
     <span class='ocr_line' id='line_1_15' title="bbox 123 1776 1072 1860; baseline -0.001 -24"><span class='ocrx_word' id='word_1_91' title='bbox 123 1776 284 1857; x_wconf 80' lang='lat' dir='ltr'>existente,</span> <span class='ocrx_word' id='word_1_92' title='bbox 306 1777 417 1852; x_wconf 88' lang='lat' dir='ltr'>dicam,</span> <span class='ocrx_word' id='word_1_93' title='bbox 440 1794 530 1854; x_wconf 90' lang='lat' dir='ltr'>quam</span> <span class='ocrx_word' id='word_1_94' title='bbox 556 1777 740 1838; x_wconf 89' lang='lat' dir='ltr'>reverendus</span> <span class='ocrx_word' id='word_1_95' title='bbox 753 1778 843 1837; x_wconf 90' lang='lat' dir='ltr'>Pater</span> <span class='ocrx_word' id='word_1_96' title='bbox 864 1777 936 1836; x_wconf 91' lang='lat' dir='ltr'>mihi</span> <span class='ocrx_word' id='word_1_97' title='bbox 958 1794 1041 1836; x_wconf 88' lang='lat' dir='ltr'>com·</span> <span class='ocrx_word' id='word_1_98' title='bbox 1069 1851 1072 1860; x_wconf 25' lang='lat' dir='ltr'>y</span> 
     </span>
     <span class='ocr_line' id='line_1_16' title="bbox 123 1858 1042 1940; baseline -0.001 -19"><span class='ocrx_word' id='word_1_99' title='bbox 123 1862 229 1939; x_wconf 87' lang='lat' dir='ltr'>ponit,</span> <span class='ocrx_word' id='word_1_100' title='bbox 256 1879 318 1920; x_wconf 93' lang='lat' dir='ltr'>uon</span> <span class='ocrx_word' id='word_1_101' title='bbox 342 1876 486 1938; x_wconf 87' lang='lat' dir='ltr'>moveor,</span> <span class='ocrx_word' id='word_1_102' title='bbox 517 1861 598 1938; x_wconf 86' lang='lat' dir='ltr'>quod</span> <span class='ocrx_word' id='word_1_103' title='bbox 629 1862 767 1940; x_wconf 84' lang='lat' dir='ltr'>episcopi</span> <span class='ocrx_word' id='word_1_104' title='bbox 788 1861 891 1940; x_wconf 85' lang='lat' dir='ltr'>graeci</span> <span class='ocrx_word' id='word_1_105' title='bbox 912 1858 1042 1920; x_wconf 84' lang='lat' dir='ltr'>a&#39;Rom.</span> 
     </span>
     <span class='ocr_line' id='line_1_17' title="bbox 122 1941 1042 2022; baseline -0.001 -19"><span class='ocrx_word' id='word_1_106' title='bbox 122 1941 470 2003; x_wconf 78' lang='lat' dir='ltr'>Pontificenonfusrint</span> <span class='ocrx_word' id='word_1_107' title='bbox 491 1941 672 2022; x_wconf 83' lang='lat' dir='ltr'>confirmati,</span> <span class='ocrx_word' id='word_1_108' title='bbox 694 1963 763 2003; x_wconf 88' lang='lat' dir='ltr'>nam</span> <span class='ocrx_word' id='word_1_109' title='bbox 787 1950 818 2003; x_wconf 87' lang='lat' dir='ltr'>et</span> <span class='ocrx_word' id='word_1_110' title='bbox 841 1941 967 2022; x_wconf 87' lang='lat' dir='ltr'>plebani·</span> <span class='ocrx_word' id='word_1_111' title='bbox 986 1960 1042 2002; x_wconf 86' lang='lat' dir='ltr'>ssu</span> 
     </span>
     <span class='ocr_line' id='line_1_18' title="bbox 123 2023 1043 2106; baseline -0.002 -20"><span class='ocrx_word' id='word_1_112' title='bbox 123 2026 300 2105; x_wconf 87' lang='lat' dir='ltr'>parochiani</span> <span class='ocrx_word' id='word_1_113' title='bbox 316 2024 551 2085; x_wconf 79' lang='lat' dir='ltr'>··sscerd0tesa</span> <span class='ocrx_word' id='word_1_114' title='bbox 578 2046 659 2106; x_wconf 91' lang='lat' dir='ltr'>papa</span> <span class='ocrx_word' id='word_1_115' title='bbox 685 2027 746 2086; x_wconf 92' lang='lat' dir='ltr'>iarn</span> <span class='ocrx_word' id='word_1_116' title='bbox 776 2045 837 2086; x_wconf 90' lang='lat' dir='ltr'>non</span> <span class='ocrx_word' id='word_1_117' title='bbox 860 2023 1043 2085; x_wconf 87' lang='lat' dir='ltr'>conflrman-</span> 
     </span>
     <span class='ocr_line' id='line_1_19' title="bbox 123 2107 1043 2187; baseline -0.001 -18"><span class='ocrx_word' id='word_1_118' title='bbox 123 2117 177 2172; x_wconf 86' lang='lat' dir='ltr'>tur.</span> <span class='ocrx_word' id='word_1_119' title='bbox 221 2109 281 2169; x_wconf 81' lang='lat' dir='ltr'>Sed</span> <span class='ocrx_word' id='word_1_120' title='bbox 305 2115 463 2167; x_wconf 84' lang='lat' dir='ltr'>extremae</span> <span class='ocrx_word' id='word_1_121' title='bbox 484 2116 567 2169; x_wconf 87' lang='lat' dir='ltr'>essct</span> <span class='ocrx_word' id='word_1_122' title='bbox 588 2109 771 2187; x_wconf 87' lang='lat' dir='ltr'>dementiae,</span> <span class='ocrx_word' id='word_1_123' title='bbox 794 2107 958 2170; x_wconf 88' lang='lat' dir='ltr'>dicere.0b</span> <span class='ocrx_word' id='word_1_124' title='bbox 981 2108 1043 2168; x_wconf 88' lang='lat' dir='ltr'>hoc</span> 
     </span>
     <span class='ocr_line' id='line_1_20' title="bbox 121 2189 1043 2272; baseline 0 -21"><span class='ocrx_word' id='word_1_125' title='bbox 121 2211 272 2251; x_wconf 91' lang='lat' dir='ltr'>summum</span> <span class='ocrx_word' id='word_1_126' title='bbox 295 2189 474 2251; x_wconf 85' lang='lat' dir='ltr'>Pontificem</span> <span class='ocrx_word' id='word_1_127' title='bbox 512 2210 576 2253; x_wconf 92' lang='lat' dir='ltr'>non</span> <span class='ocrx_word' id='word_1_128' title='bbox 610 2192 724 2254; x_wconf 81' lang='lat' dir='ltr'>habere</span> <span class='ocrx_word' id='word_1_129' title='bbox 753 2194 913 2272; x_wconf 89' lang='lat' dir='ltr'>primatum</span> <span class='ocrx_word' id='word_1_130' title='bbox 949 2210 1043 2272; x_wconf 85' lang='lat' dir='ltr'>super·</span> 
     </span>
     <span class='ocr_line' id='line_1_21' title="bbox 121 2272 849 2355; baseline -0.001 -22"><span class='ocrx_word' id='word_1_131' title='bbox 121 2274 301 2355; x_wconf 85' lang='lat' dir='ltr'>plebeianus</span> <span class='ocrx_word' id='word_1_132' title='bbox 323 2272 508 2334; x_wconf 86' lang='lat' dir='ltr'>sacerdotes.</span> <span class='ocrx_word' id='word_1_133' title='bbox 845 2300 849 2323; x_wconf 75' lang='grc' dir='ltr'>ι</span> 
     </span>
    </p>

    <p class='ocr_par' dir='ltr' id='par_1_7' title="bbox 121 2356 1065 3166">
     <span class='ocr_line' id='line_1_22' title="bbox 205 2356 1041 2436; baseline 0 -20"><span class='ocrx_word' id='word_1_134' title='bbox 205 2358 250 2417; x_wconf 91' lang='lat' dir='ltr'>De</span> <span class='ocrx_word' id='word_1_135' title='bbox 281 2356 478 2436; x_wconf 82' lang='lat' dir='ltr'>frigidissimo</span> <span class='ocrx_word' id='word_1_136' title='bbox 506 2357 646 2418; x_wconf 85' lang='lat' dir='ltr'>Anacleti</span> <span class='ocrx_word' id='word_1_137' title='bbox 673 2357 811 2417; x_wconf 81' lang='lat' dir='ltr'>decreto·</span> <span class='ocrx_word' id='word_1_138' title='bbox 831 2358 933 2417; x_wconf 89' lang='lat' dir='ltr'>dicam</span> <span class='ocrx_word' id='word_1_139' title='bbox 965 2356 1041 2418; x_wconf 81' lang='lat' dir='ltr'>inis·</span> 
     </span>
     <span class='ocr_line' id='line_1_23' title="bbox 122 2438 1042 2518; baseline -0.002 -18"><span class='ocrx_word' id='word_1_140' title='bbox 122 2443 198 2515; x_wconf 87' lang='lat' dir='ltr'>rius,</span> <span class='ocrx_word' id='word_1_141' title='bbox 221 2440 282 2500; x_wconf 91' lang='lat' dir='ltr'>alia</span> <span class='ocrx_word' id='word_1_142' title='bbox 303 2457 426 2518; x_wconf 87' lang='lat' dir='ltr'>quoque</span> <span class='ocrx_word' id='word_1_143' title='bbox 447 2440 571 2502; x_wconf 89' lang='lat' dir='ltr'>decreta</span> <span class='ocrx_word' id='word_1_144' title='bbox 594 2440 784 2501; x_wconf 83' lang='lat' dir='ltr'>defensurus.</span> <span class='ocrx_word' id='word_1_145' title='bbox 830 2443 876 2500; x_wconf 87' lang='lat' dir='ltr'>Do</span> <span class='ocrx_word' id='word_1_146' title='bbox 898 2438 1042 2507; x_wconf 84' lang='lat' dir='ltr'>Numidia</span> 
     </span>
     <span class='ocr_line' id='line_1_24' title="bbox 121 2522 1041 2602; baseline -0.002 -18"><span class='ocrx_word' id='word_1_147' title='bbox 121 2523 306 2584; x_wconf 87' lang='lat' dir='ltr'>reverendus</span> <span class='ocrx_word' id='word_1_148' title='bbox 329 2522 418 2582; x_wconf 89' lang='lat' dir='ltr'>Pater</span> <span class='ocrx_word' id='word_1_149' title='bbox 440 2522 517 2585; x_wconf 89' lang='lat' dir='ltr'>dixit</span> <span class='ocrx_word' id='word_1_150' title='bbox 545 2544 614 2585; x_wconf 85' lang='lat' dir='ltr'>esse</span> <span class='ocrx_word' id='word_1_151' title='bbox 642 2523 754 2582; x_wconf 88' lang='lat' dir='ltr'>lactum</span> <span class='ocrx_word' id='word_1_152' title='bbox 785 2542 847 2584; x_wconf 89' lang='lat' dir='ltr'>nou</span> <span class='ocrx_word' id='word_1_153' title='bbox 869 2523 934 2596; x_wconf 88' lang='lat' dir='ltr'>ius,</span> <span class='ocrx_word' id='word_1_154' title='bbox 956 2523 1041 2602; x_wconf 88' lang='lat' dir='ltr'>quod</span> 
     </span>
     <span class='ocr_line' id='line_1_25' title="bbox 121 2606 1041 2686; baseline 0 -20"><span class='ocrx_word' id='word_1_155' title='bbox 121 2615 169 2667; x_wconf 92' lang='lat' dir='ltr'>est</span> <span class='ocrx_word' id='word_1_156' title='bbox 196 2617 317 2686; x_wconf 91' lang='lat' dir='ltr'>praeter</span> <span class='ocrx_word' id='word_1_157' title='bbox 346 2606 491 2685; x_wconf 84' lang='lat' dir='ltr'>Cypriani</span> <span class='ocrx_word' id='word_1_158' title='bbox 519 2608 721 2683; x_wconf 84' lang='lat' dir='ltr'>sententiam,</span> <span class='ocrx_word' id='word_1_159' title='bbox 751 2608 801 2685; x_wconf 93' lang='lat' dir='ltr'>qui</span> <span class='ocrx_word' id='word_1_160' title='bbox 830 2626 886 2667; x_wconf 90' lang='lat' dir='ltr'>eos</span> <span class='ocrx_word' id='word_1_161' title='bbox 921 2607 1041 2666; x_wconf 90' lang='lat' dir='ltr'>incusat</span> 
     </span>
     <span class='ocr_line' id='line_1_26' title="bbox 123 2688 1041 2768; baseline -0.001 -19"><span class='ocrx_word' id='word_1_162' title='bbox 123 2689 205 2749; x_wconf 88' lang='lat' dir='ltr'>velut</span> <span class='ocrx_word' id='word_1_163' title='bbox 225 2689 446 2763; x_wconf 86' lang='lat' dir='ltr'>schismaticos,</span> <span class='ocrx_word' id='word_1_164' title='bbox 469 2693 519 2768; x_wconf 93' lang='lat' dir='ltr'>qui</span> <span class='ocrx_word' id='word_1_165' title='bbox 540 2689 675 2751; x_wconf 85' lang='lat' dir='ltr'>audeant</span> <span class='ocrx_word' id='word_1_166' title='bbox 695 2689 733 2748; x_wconf 91' lang='lat' dir='ltr'>ad</span> <span class='ocrx_word' id='word_1_167' title='bbox 746 2689 933 2754; x_wconf 76' lang='lat' dir='ltr'>¹cathedram</span> <span class='ocrx_word' id='word_1_168' title='bbox 959 2688 1041 2748; x_wconf 89' lang='lat' dir='ltr'>Petri</span> 
     </span>
     <span class='ocr_line' id='line_1_27' title="bbox 122 2771 1065 2852; baseline -0.001 -20"><span class='ocrx_word' id='word_1_169' title='bbox 122 2780 152 2832; x_wconf 90' lang='lat' dir='ltr'>et</span> <span class='ocrx_word' id='word_1_170' title='bbox 175 2771 373 2852; x_wconf 89' lang='lat' dir='ltr'>principalem</span> <span class='ocrx_word' id='word_1_171' title='bbox 396 2772 568 2850; x_wconf 88' lang='lat' dir='ltr'>ecclesiam,</span> <span class='ocrx_word' id='word_1_172' title='bbox 592 2772 672 2832; x_wconf 88' lang='lat' dir='ltr'>unde</span> <span class='ocrx_word' id='word_1_173' title='bbox 694 2773 794 2832; x_wconf 88' lang='lat' dir='ltr'>unitas</span> <span class='ocrx_word' id='word_1_174' title='bbox 818 2780 886 2833; x_wconf 89' lang='lat' dir='ltr'>ortu</span> <span class='ocrx_word' id='word_1_175' title='bbox 908 2778 968 2846; x_wconf 84' lang='lat' dir='ltr'>ast,</span> <span class='ocrx_word' id='word_1_176' title='bbox 991 2790 1065 2831; x_wconf 91' lang='lat' dir='ltr'>ac·.</span> 
     </span>
     <span class='ocr_line' id='line_1_28' title="bbox 122 2853 1041 2936; baseline -0.001 -21"><span class='ocrx_word' id='word_1_177' title='bbox 122 2854 239 2915; x_wconf 86' lang='lat' dir='ltr'>cedere.</span> <span class='ocrx_word' id='word_1_178' title='bbox 269 2853 359 2929; x_wconf 82' lang='lat' dir='ltr'>Quod</span> <span class='ocrx_word' id='word_1_179' title='bbox 381 2855 571 2935; x_wconf 79' lang='lat' dir='ltr'>Epiphanius</span> <span class='ocrx_word' id='word_1_180' title='bbox 599 2855 729 2936; x_wconf 79' lang='lat' dir='ltr'>Cyprius</span> <span class='ocrx_word' id='word_1_181' title='bbox 750 2855 924 2915; x_wconf 73' lang='lat' dir='ltr'>iohannem</span> <span class='ocrx_word' id='word_1_182' title='bbox 947 2853 1041 2934; x_wconf 82' lang='lat' dir='ltr'>Chry·</span> 
     </span>
     <span class='ocr_line' id='line_1_29' title="bbox 122 2937 1040 3019; baseline -0.001 -21"><span class='ocrx_word' id='word_1_183' title='bbox 122 2947 292 2999; x_wconf 89' lang='lat' dir='ltr'>sostomum</span> <span class='ocrx_word' id='word_1_184' title='bbox 314 2939 494 3018; x_wconf 88' lang='lat' dir='ltr'>episcopum</span> <span class='ocrx_word' id='word_1_185' title='bbox 511 2940 700 3019; x_wconf 88' lang='lat' dir='ltr'>superiorem</span> <span class='ocrx_word' id='word_1_186' title='bbox 722 2937 761 2998; x_wconf 89' lang='lat' dir='ltr'>ab</span> <span class='ocrx_word' id='word_1_187' title='bbox 784 2939 966 3017; x_wconf 84' lang='lat' dir='ltr'>episcopatu</span> <span class='ocrx_word' id='word_1_188' title='bbox 988 2957 1040 2998; x_wconf 85' lang='lat' dir='ltr'>cx-</span> 
     </span>
     <span class='ocr_line' id='line_1_30' title="bbox 122 3020 1040 3102; baseline 0.005 -22"><span class='ocrx_word' id='word_1_189' title='bbox 122 3021 241 3101; x_wconf 86' lang='lat' dir='ltr'>pulerit,</span> <span class='ocrx_word' id='word_1_190' title='bbox 263 3020 372 3081; x_wconf 87' lang='lat' dir='ltr'>viderit</span> <span class='ocrx_word' id='word_1_191' title='bbox 380 3023 456 3102; x_wconf 86' lang='lat' dir='ltr'>ipss,</span> <span class='ocrx_word' id='word_1_192' title='bbox 478 3023 548 3098; x_wconf 84' lang='lat' dir='ltr'>hoo,</span> <span class='ocrx_word' id='word_1_193' title='bbox 570 3021 826 3101; x_wconf 85' lang='lat' dir='ltr'>inquam,t&#39;actum</span> <span class='ocrx_word' id='word_1_194' title='bbox 841 3040 903 3081; x_wconf 93' lang='lat' dir='ltr'>non</span> <span class='ocrx_word' id='word_1_195' title='bbox 925 3021 1040 3085; x_wconf 85' lang='lat' dir='ltr'>iustum</span> 
     </span>
     <span class='ocr_line' id='line_1_31' title="bbox 122 3105 360 3166; baseline 0.008 -2"><span class='ocrx_word' id='word_1_196' title='bbox 122 3105 215 3164; x_wconf 85' lang='lat' dir='ltr'>fuisse</span> <span class='ocrx_word' id='word_1_197' title='bbox 237 3123 360 3166; x_wconf 85' lang='lat' dir='ltr'>censeo.</span> 
     </span>
    </p>

    <p class='ocr_par' dir='ltr' id='par_1_8' title="bbox 121 3186 1042 3849">
     <span class='ocr_line' id='line_1_32' title="bbox 203 3186 1040 3267; baseline 0 -20"><span class='ocrx_word' id='word_1_198' title='bbox 203 3188 384 3265; x_wconf 88' lang='lat' dir='ltr'>Praeterea,</span> <span class='ocrx_word' id='word_1_199' title='bbox 408 3188 490 3267; x_wconf 89' lang='lat' dir='ltr'>quod</span> <span class='ocrx_word' id='word_1_200' title='bbox 512 3190 543 3248; x_wconf 89' lang='lat' dir='ltr'>in</span> <span class='ocrx_word' id='word_1_201' title='bbox 566 3207 615 3248; x_wconf 90' lang='lat' dir='ltr'>me</span> <span class='ocrx_word' id='word_1_202' title='bbox 636 3187 765 3249; x_wconf 83' lang='lat' dir='ltr'>cavillos</span> <span class='ocrx_word' id='word_1_203' title='bbox 787 3193 925 3266; x_wconf 76' lang='lat' dir='ltr'>torquet,</span> <span class='ocrx_word' id='word_1_204' title='bbox 953 3186 1040 3266; x_wconf 87' lang='lat' dir='ltr'>quasi</span> 
     </span>
     <span class='ocr_line' id='line_1_33' title="bbox 121 3269 1042 3348; baseline 0.001 -19"><span class='ocrx_word' id='word_1_205' title='bbox 121 3289 184 3330; x_wconf 92' lang='lat' dir='ltr'>non</span> <span class='ocrx_word' id='word_1_206' title='bbox 208 3270 319 3331; x_wconf 89' lang='lat' dir='ltr'>idonee</span> <span class='ocrx_word' id='word_1_207' title='bbox 342 3290 444 3331; x_wconf 86' lang='lat' dir='ltr'>sacras</span> <span class='ocrx_word' id='word_1_208' title='bbox 468 3270 570 3330; x_wconf 88' lang='lat' dir='ltr'>literas</span> <span class='ocrx_word' id='word_1_209' title='bbox 594 3277 793 3346; x_wconf 77' lang='lat' dir='ltr'>tractantem,</span> <span class='ocrx_word' id='word_1_210' title='bbox 815 3271 866 3348; x_wconf 89' lang='lat' dir='ltr'>qui</span> <span class='ocrx_word' id='word_1_211' title='bbox 888 3269 928 3331; x_wconf 91' lang='lat' dir='ltr'>ob</span> <span class='ocrx_word' id='word_1_212' title='bbox 950 3271 1042 3331; x_wconf 88' lang='lat' dir='ltr'>amis·</span> 
     </span>
     <span class='ocr_line' id='line_1_34' title="bbox 121 3352 1040 3432; baseline 0 -21"><span class='ocrx_word' id='word_1_213' title='bbox 121 3355 239 3414; x_wconf 90' lang='lat' dir='ltr'>sionem</span> <span class='ocrx_word' id='word_1_214' title='bbox 258 3374 357 3414; x_wconf 88' lang='lat' dir='ltr'>rerum</span> <span class='ocrx_word' id='word_1_215' title='bbox 375 3354 586 3432; x_wconf 88' lang='lat' dir='ltr'>temporalium</span> <span class='ocrx_word' id='word_1_216' title='bbox 608 3361 639 3413; x_wconf 89' lang='lat' dir='ltr'>et</span> <span class='ocrx_word' id='word_1_217' title='bbox 653 3353 826 3413; x_wconf 88' lang='lat' dir='ltr'>divitiarum</span> <span class='ocrx_word' id='word_1_218' title='bbox 839 3352 967 3413; x_wconf 84' lang='lat' dir='ltr'>dixerim</span> <span class='ocrx_word' id='word_1_219' title='bbox 989 3352 1040 3412; x_wconf 91' lang='lat' dir='ltr'>ad-</span> 
     </span>
     <span class='ocr_line' id='line_1_35' title="bbox 122 3435 1040 3516; baseline 0 -20"><span class='ocrx_word' id='word_1_220' title='bbox 122 3456 227 3498; x_wconf 87' lang='lat' dir='ltr'>versus</span> <span class='ocrx_word' id='word_1_221' title='bbox 240 3437 378 3498; x_wconf 82' lang='lat' dir='ltr'>Graecus</span> <span class='ocrx_word' id='word_1_222' title='bbox 399 3445 504 3516; x_wconf 87' lang='lat' dir='ltr'>portas</span> <span class='ocrx_word' id='word_1_223' title='bbox 526 3437 615 3496; x_wconf 87' lang='lat' dir='ltr'>inferi</span> <span class='ocrx_word' id='word_1_224' title='bbox 637 3435 854 3515; x_wconf 86' lang='lat' dir='ltr'>praevaluisse.</span> <span class='ocrx_word' id='word_1_225' title='bbox 876 3435 1040 3513; x_wconf 87' lang='lat' dir='ltr'>Nunquam</span> 
     </span>
     <span class='ocr_line' id='line_1_36' title="bbox 122 3518 1041 3600; baseline 0 -21"><span class='ocrx_word' id='word_1_226' title='bbox 122 3523 289 3600; x_wconf 82' lang='lat' dir='ltr'>cogitatum</span> <span class='ocrx_word' id='word_1_227' title='bbox 311 3520 383 3578; x_wconf 92' lang='lat' dir='ltr'>mihi</span> <span class='ocrx_word' id='word_1_228' title='bbox 405 3520 557 3599; x_wconf 87' lang='lat' dir='ltr'>imponit,</span> <span class='ocrx_word' id='word_1_229' title='bbox 587 3537 658 3578; x_wconf 88' lang='lat' dir='ltr'>narn</span> <span class='ocrx_word' id='word_1_230' title='bbox 679 3518 841 3595; x_wconf 85' lang='lat' dir='ltr'>haereses,</span> <span class='ocrx_word' id='word_1_231' title='bbox 861 3519 1041 3593; x_wconf 82' lang='lat' dir='ltr'>schismata,</span> 
     </span>
     <span class='ocr_line' id='line_1_37' title="bbox 121 3601 1040 3671; baseline 0 -9"><span class='ocrx_word' id='word_1_232' title='bbox 121 3622 242 3664; x_wconf 85' lang='lat' dir='ltr'>errores</span> <span class='ocrx_word' id='word_1_233' title='bbox 262 3610 371 3663; x_wconf 91' lang='lat' dir='ltr'>contra</span> <span class='ocrx_word' id='word_1_234' title='bbox 383 3601 573 3671; x_wconf 79' lang='lat' dir='ltr'>Graecorum</span> <span class='ocrx_word' id='word_1_235' title='bbox 587 3602 757 3663; x_wconf 86' lang='lat' dir='ltr'>ecclesiam</span> <span class='ocrx_word' id='word_1_236' title='bbox 778 3601 943 3661; x_wconf 87' lang='lat' dir='ltr'>invaluisse</span> <span class='ocrx_word' id='word_1_237' title='bbox 966 3601 1040 3663; x_wconf 81' lang='lat' dir='ltr'>dixi.</span> 
     </span>
     <span class='ocr_line' id='line_1_38' title="bbox 121 3685 1040 3766; baseline 0 -21"><span class='ocrx_word' id='word_1_238' title='bbox 121 3686 234 3745; x_wconf 86' lang='lat' dir='ltr'>Varum</span> <span class='ocrx_word' id='word_1_239' title='bbox 264 3693 328 3758; x_wconf 88' lang='lat' dir='ltr'>est,</span> <span class='ocrx_word' id='word_1_240' title='bbox 355 3685 437 3764; x_wconf 89' lang='lat' dir='ltr'>quod</span> <span class='ocrx_word' id='word_1_241' title='bbox 465 3693 496 3746; x_wconf 88' lang='lat' dir='ltr'>et</span> <span class='ocrx_word' id='word_1_242' title='bbox 523 3686 646 3766; x_wconf 86' lang='lat' dir='ltr'>Imperii</span> <span class='ocrx_word' id='word_1_243' title='bbox 667 3685 793 3747; x_wconf 87' lang='lat' dir='ltr'>amissio</span> <span class='ocrx_word' id='word_1_244' title='bbox 822 3703 890 3745; x_wconf 87' lang='lat' dir='ltr'>cunr</span> <span class='ocrx_word' id='word_1_245' title='bbox 926 3704 1040 3765; x_wconf 80' lang='lat' dir='ltr'>magno</span> 
     </span>
     <span class='ocr_line' id='line_1_39' title="bbox 121 3768 765 3849; baseline 0.008 -21"><span class='ocrx_word' id='word_1_246' title='bbox 121 3768 349 3830; x_wconf 82' lang='lat' dir='ltr'>christianitatis</span> <span class='ocrx_word' id='word_1_247' title='bbox 370 3769 489 3849; x_wconf 88' lang='lat' dir='ltr'>pudore</span> <span class='ocrx_word' id='word_1_248' title='bbox 505 3769 674 3831; x_wconf 67' lang='lat' dir='ltr'>,subsecuta</span> <span class='ocrx_word' id='word_1_249' title='bbox 689 3775 745 3830; x_wconf 84' lang='lat' dir='ltr'>est.</span> <span class='ocrx_word' id='word_1_250' title='bbox 761 3824 765 3833; x_wconf 93' lang='lat'>.</span> 
     </span>
    </p>
   </div>
   <div class='ocr_carea' id='block_1_7' title="bbox 0 0 1178 4208">
    <p class='ocr_par' dir='ltr' id='par_1_9' title="bbox 0 0 1178 4208">
     <span class='ocr_line' id='line_1_40' title="bbox 0 0 1178 4208; baseline 0 0"><span class='ocrx_word' id='word_1_251' title='bbox 0 0 1178 4208; x_wconf 95' lang='lat' dir='ltr'> </span> 
     </span>
    </p>
   </div>
  </div>
 </body>
</html>
