2346 4208
291 254 327 310 ed
345 252 405 315 seu
424 254 539 311 norm
556 252 738 324 Responsio...
938 251 978 319 61

58 439 249 503 bibliothees
276 437 486 503 ‹Soheurlisuu
515 438 768 520 Norimbergensi
795 443 979 516 asservetur,

56 523 176 606 prodiit
197 523 254 587 sub
267 522 336 584 nse
355 523 574 603 inscriptione:

215 689 403 752 Oenoniei
423 686 584 750 Indoeti
604 688 823 750 Luthereni.

142 842 269 905 Praeter
294 843 373 904 hueo
404 841 499 904 verbs
525 840 620 901 literis
656 842 831 902 muiusoulis
865 861 980 904 exouse

57 926 135 989 nihii
157 927 269 1008 legitur
288 926 320 986 in
342 925 420 986 tituli
443 926 572 1006 pagine,
601 942 660 984 neo
681 923 768 985 loeus
790 944 848 986 nee
870 945 979 1004 onnus,

56 1028 161 1090 neque
181 1010 212 1070 in
233 1010 348 1090 pagins
369 1008 476 1069 ultimo
495 1004 660 1087 quidquem
683 1008 795 1088 legitur
815 1008 873 1069 nisi
890 1027 981 1070 voee-

55 1093 178 1173 buium:
200 1092 294 1154 Finis.
336 1091 384 1161 Ex
406 1097 480 1152 oeto
500 1090 599 1168 foliis,
622 1089 730 1169 quibus
752 1090 813 1152 hoo
834 1093 980 1173 seriptum

55 1174 248 1254 eontinetur,
267 1173 421 1235 'ultimum
450 1172 564 1234 nudum
599 1181 661 1252 est3
697 1175 729 1233 in
756 1182 843 1254 porte
871 1193 980 1236 everso

56 1259 148 1340 primi
169 1258 234 1320 folii
256 1257 333 1320 hese
353 1257 512 1338 leguntur:
646 1290 650 1299 ·

322 1375 546 1456 Argumentum
568 1372 728 1454 epistolae.

142 1491 254 1571 Hesio,
288 1491 370 1572 quod
398 1493 431 1552 in
461 1491 594 1572 epistole
615 1490 655 1551 ed
675 1490 891 1552 Reverendum
912 1491 981 1552 Mis-

141 1577 245 1636 nensis
268 1575 419 1638 eoelesiue
440 1573 617 1635 Antistitem
640 1572 815 1634 Cononioos
837 1575 980 1651 indootos

115 1658 331 1721 .Lutherenos
372 1665 404 1718 et
444 1659 647 1720 seminatores
684 1674 821 1719 errorum
857 1657 980 1719 Lutheri

142 1749 295 1820 vooesset,
316 1740 506 1822 respondent
516 1740 666 1802 Genonioi
678 1738 805 1819 indoeti,
828 1746 979 1819 quotenus

141 1834 256 1904 etque
275 1825 396 1886 rstione
419 1825 480 1884 sint
500 1821 676 1885 Luthsreni.
922 1866 925 1871 -

24 1983 39 1990 -
145 1906 181 1969 In
202 1906 393 1970 bibliotheee
415 1907 614 1969 Soheurliene
648 1905 710 1967 hoo
730 1905 799 1966 libri
822 1907 982 1987 exemplar

57 1993 255 2053 intersertum
286 1998 334 2052 est
354 1990 456 2069 libris,
488 1991 541 2070 qui
568 2007 651 2050 enno
675 1991 754 2053 ’1519
786 1989 979 2070 prodierunt:

56 2081 90 2137 et
118 2073 239 2154 siquid
262 2093 302 2134 ex
334 2072 488 2134 literarum
510 2073 634 2151 formis,
666 2070 774 2152 quibus
793 2072 869 2132 illud
891 2092 981 2134 exou-

57 2177 125 2218 eum
160 2164 223 2235 est,
256 2158 409 2218 ooniieere
430 2156 521 2235 lieet,
552 2175 615 2218 non
642 2155 765 2217 dubium
799 2163 863 2233 est,
900 2157 981 2217 hune

52 2241 173 2317 'librum
203 2241 360 2317 Basileoe,
396 2259 456 2319 quo
487 2238 747 2320 Oeoolempedius
768 2258 787 2298 a
810 2239 982 2301 Besiliensi·

58 2325 116 2385 bns
138 2324 199 2384 iem
223 2331 295 2384 ente
316 2343 357 2384 m.
379 2323 493 2383 Maium
516 2343 544 2384 e.
569 2324 650 2388 1518
671 2322 711 2383 ud
729 2323 983 2385 munusdooendi

58 2406 287 2486 suscipiendum
300 2414 428 2466 vooetus
450 2413 516 2466 eret
541 2404 596 2486 (of.
611 2405 763 2467 Seokend.
777 2405 853 2466 Hist.
865 2407 954 2469 Loth.
966 2407 981 2468 1

59 2496 88 2564 S.
114 2491 154 2554 34
175 2510 205 2571 p.
227 2491 299 2568 44),
322 2490 403 2570 typis
426 2508 495 2549 esse
518 2489 714 2570 exscriptum.

144 2573 268 2654 Legitur
289 2573 350 2633 hoo
365 2574 510 2652 seriptum
532 2571 628 2632 latine
650 2573 741 2632 etiem
763 2571 793 2632 in
816 2572 886 2635 eoll.
901 2571 981 2653 Opp.

58 2655 148 2719 Loth.
178 2657 246 2717 Jen.
269 2656 298 2735 l,
319 2677 349 2736 p.
372 2657 433 2720 382
455 2673 522 2734 sqq.
554 2653 703 2717 Wittenb.
725 2655 746 2719 1.
770 2674 799 2734 p.
823 2656 883 2719 368
905 2674 982 2736 sqq.,

58 2739 190 2800 Loesoh.
221 2739 357 2802 Reform.
391 2739 460 2800 Ast.
483 2738 522 2799 111
549 2757 577 2818 p.
601 2739 660 2802 935
689 2755 772 2817 sqq.,
806 2740 982 2818 germanice

59 2821 142 2903 opud
166 2821 286 2883 Weleh.
308 2819 386 2901 XV,
408 2842 437 2902 p.
462 2823 540 2885 1513
564 2839 630 2899 sqq.
653 2827 684 2881 et
704 2822 736 2880 in
757 2819 881 2882 libello:
923 2821 981 2885 uite

59 2907 229 2986 estiennot
242 2905 378 2968 tintomt
400 2908 444 2967 ber
464 2905 469 2984 Ι
488 2906 529 2968 bie
551 2908 645 2967 tortor
658 2902 707 2968 &ct
727 2905 759 2967 io
779 2905 981 2982 [spumeum

59 2989 144 3065 istest
162 2990 167 3067 t
187 3007 224 3050 oo
246 2993 298 3051 tm
312 2988 434 3065 tittmoit
456 2987 642 3067 cguiiiieptfco
659 2992 665 3065 Ι
685 2989 734 3067 pst
756 2988 796 3048 tie
817 2993 981 3066 ungelottm

58 3071 263 3153 interimimus
297 3071 474 3151 &tumberto
499 3072 504 3150 t
530 3076 663 3150 genennt.
713 3069 805 3130 Anno
835 3070 980 3134 M.D.XX.

62 3160 104 3230 (⁵·
126 3155 166 3234 L)

59 3319 290 3388 omomoomm
311 3319 513 3387 Indootormn
529 3320 784 3389 Luthsrunorum
805 3321 847 3389 ed
867 3321 981 3388 Johm·
1031 3284 1036 3288 Ι

309 3421 379 3470 nem
399 3403 526 3470 Eooium
548 3403 736 3488 Responsio.

324 3559 545 3640 Argumentum
569 3560 730 3640 epistolae.

144 3676 257 3755 nesio,
288 3676 371 3756 quod
392 3679 422 3738 in
447 3678 588 3758 Epistola
615 3677 656 3739 ed
677 3678 891 3740 Reverendum
913 3678 983 3740 Mis·

144 3761 247 3820 nensis
270 3755 422 3821 eoelesiee
443 3760 620 3822 Antistitem
641 3762 817 3823 Oenonieos
835 3761 982 3825 indootos
