2346 4208
401 246 430 302 l).
448 242 484 303 bl.
503 247 625 304 Lutheri.
919 236 979 314 ’161

140 435 257 501 Contra
277 436 336 499 hos
359 437 534 517 sciendum,
557 436 640 518 quod
663 442 804 516 oporteat
825 436 982 498 hommem

55 518 224 599 desperare
245 539 316 580 sese
337 522 441 581 omnia
463 540 518 581 sua
540 520 682 583 mortalia
696 525 826 599 peccata
841 519 982 581 confiteri

54 618 191 682 uuquam
212 621 321 683 posse,
364 611 396 665 et
416 603 587 665 doctrinam
612 601 712 680 illam,
741 621 821 682 quac
842 602 984 684 vulgatur

53 687 86 745 in
101 685 234 746 ecclesia
255 705 295 746 ex
317 686 465 763 Decretis,
489 687 572 767 quod
589 686 685 748 semel
707 687 738 746 in
752 686 983 747 annoomnium
1075 714 1078 722 ·

54 787 182 830 suorum
220 775 416 848 peccatorum
450 771 547 845 (sicut
588 777 700 832 sonant
736 769 849 847 verba)
872 767 985 830 debeat

54 852 160 912 facere
180 852 406 914 confessionem
430 855 529 914 omnis
553 853 752 931 Christianus,
774 857 826 912 aut
848 871 921 912 esse
939 851 982 911 di-

54 933 209 996 abolicam
233 935 572 1015 etbomioidissimam,
594 941 810 1017 satagentem
834 935 928 996 multo
952 941 984 995 et

55 1018 130 1078 laxo
152 1017 437 1116 interpretamenta.

140 1098 309 1180 Oportets
301 1120 435 1180 mquam,
457 1119 520 1163 uon
535 1103 638 1162 omnia
655 1100 805 1178 confiteri,
827 1119 886 1162 nec
902 1119 980 1161 mor·

55 1183 142 1262 talia,
156 1202 213 1243 nec
227 1185 368 1261 venialia,
381 1186 453 1264 quin
470 1187 593 1265 oportet
609 1204 712 1263 nosse,
735 1184 818 1263 quod
834 1191 906 1264 post
917 1203 980 1245 om·

56 1285 130 1326 ncm
158 1266 347 1348 diligentiam
370 1287 455 1328 suam
478 1269 590 1329 factam
615 1268 715 1328 adhuc
737 1269 886 1329 minorem
910 1286 979 1347 par-

55 1357 120 1410 tem
148 1356 345 1429 peccatorum
379 1352 418 1411 sit
451 1351 620 1412 confessus.
664 1349 753 1412 Unde
790 1350 874 1411 hoc?
909 1352 982 1429 quia

55 1431 131 1492 dicit
153 1432 309 1514 Scriptura
329 1433 409 1494 Psal.
430 1435 530 1508 181J:
553 1433 602 1494 Ab
626 1433 754 1494 occultis
770 1435 845 1493 meis
868 1433 982 1494 munda
1078 1502 1081 1507 Δ

56 1535 125 1594 mc,
147 1516 289 1577 Domine.
331 1518 393 1578 Ista
422 1517 543 1578 occulta
566 1518 650 1578 solus
678 1516 764 1577 Deus
798 1517 894 1577 novit.
943 1516 983 1576 ut

54 1599 166 1658 iterum
181 1596 236 1680 *):
259 1598 321 1659 (lor
343 1599 619 1661 mundumcreain
638 1619 703 1677 me,
734 1596 826 1662 Deus.
863 1598 982 1678 Utique

52 1680 244 1742 immundum
274 1682 437 1744 confitetur
466 1702 520 1744 cor
542 1684 633 1744 etiam
668 1689 730 1743 tam
759 1688 883 1743 sanctus
905 1700 981 1761 pro-

56 1764 162 1845 pbeta.
204 1764 245 1824 Et
268 1765 400 1826 ecclesia
419 1772 487 1828 tota
508 1771 616 1826 sancta
638 1769 719 1826 orat:
751 1765 818 1825 Fiat
838 1765 980 1826 voluntas

57 1853 129 1925 tua,
161 1848 279 1908 scilicet
314 1848 471 1928 confessa,
506 1849 589 1929 quod
611 1869 673 1910 non
694 1848 768 1909 facit
788 1848 979 1908 voluntatem

56 1931 127 2009 Dei,
150 1937 181 1991 et
202 1950 271 1992 sese
293 1933 496 2011 peccatricem
521 1949 598 1995 esse.
662 1950 667 1959 ·

144 2015 238 2074 Porro
261 2019 378 2075 tantum
401 2014 508 2093 abest,
535 2021 568 2076 ut
599 2015 703 2075 omnia
723 2013 864 2074 mortalia
885 2013 982 2092 possi-

58 2115 127 2157 mus
149 2116 259 2173 nosse,
295 2097 407 2159 nedum
436 2062 592 2173 conditori,
615 2104 648 2158 ut
671 2099 767 2158 etiam
783 2096 867 2157 bona
887 2114 980 2193 opera

59 2187 177 2256 nostra,
200 2182 225 2239 si
246 2181 407 2261 Dcunper
428 2183 560 2263 rigorem
583 2180 707 2257 iudicet,
687 2186 761 2241 tet
783 2199 845 2240 non
869 2179 982 2239 miseri-

56 2262 193 2324 cordia'
186 2270 366 2343 rgncscente
388 2266 539 2345 ignoscat,
562 2267 622 2324 sint
611 2263 829 2325 tdamnabilia
852 2268 882 2322 et
903 2281 983 2323 mor·

56 2347 141 2406 talia
184 2347 299 2406 ldeo
276 2367 301 2406 ει
316 2349 419 2407 omnia
441 2348 582 2408 mortalia
604 2354 675 2409 sunt
695 2345 880 2424 confitenda,
898 2345 983 2406 brevi

57 2430 155 2490 verbo
180 2429 210 2489 id
232 2428 299 2508 liet,
332 2431 356 2489 si
380 2431 476 2491 semel
499 2430 681 2492 dixerimus:
710 2429 758 2490 En
780 2437 875 2490 totum
899 2428 981 2506 quod

57 2532 142 2590 sum,
171 2514 259 2590 vive,
282 2532 358 2593 ago,
388 2513 515 2592 loquor,
549 2512 611 2573 tale
633 2519 695 2585 est,
729 2521 762 2572 ut
784 2509 913 2572 mortale
943 2513 982 2572 sit

57 2603 90 2657 et
119 2594 313 2674 damnabile,
346 2596 433 2656 iuxta
459 2596 534 2657 illud
563 2594 642 2658 Paal.
674 2594 797 2670 142²):
834 2593 904 2654 Non
938 2595 982 2653 in-

58 2687 121 2740 tres
146 2681 177 2738 in
204 2677 348 2738 iudicium
370 2698 438 2739 cnm
458 2698 547 2740 servo
571 2686 635 2755 tuo,
663 2679 818 2756 quianon
840 2675 982 2736 iustifica-

57 2761 140 2822 bitur
151 2762 181 2821 in
195 2768 363 2842 conspectu
380 2771 432 2822 tuo
448 2764 547 2824 omnis
570 2763 695 2840 vivens,
718 2768 749 2821 et
771 2760 809 2821 ad
831 2760 921 2823 Rom,
944 2764 981 2825 7:

57 2845 128 2926 Ego
151 2851 252 2905 autem
276 2845 406 2905 carnalis
430 2865 512 2924 sum,
536 2844 728 2906 venundatus
742 2844 982 2923 subpeccatum,

57 2946 123 2989 non
134 2929 260 2989 invenio
283 2928 314 2988 in
330 2947 422 2990 carne
435 2949 504 2990 mea
518 2929 643 3007 bonum,
668 2926 751 3006 quod
767 2926 840 2987 nolo
856 2927 979 3006 malum,

60 3011 124 3072 hoc
144 3011 226 3073 facio
248 3017 307 3075 eta,

143 3093 223 3170 Quin
251 3095 313 3158 hoc
345 3102 392 3157 est
426 3096 597 3155 mortalium
623 3094 885 3172 mortalissimum,
918 3112 981 3154 non

57 3177 185 3239 credere
207 3197 241 3238 se
263 3196 333 3238 esse
365 3177 531 3238 damnabili
560 3185 591 3238 et
620 3177 740 3239 mortali
777 3183 907 3256 peccato
930 3175 982 3237 ob-

58 3263 187 3322 noxium
215 3280 320 3322 coram
342 3261 419 3322 Deo.
462 3260 512 3321 Ad
534 3281 625 3341 quam
648 3261 800 3320 insaniam
824 3261 874 3320 isti
897 3259 981 3320 theo·

57 3344 123 3424 logi
153 3344 213 3405 hac
239 3343 347 3424 regula
370 3364 425 3404 sua
447 3346 582 3404 nituntur
610 3344 682 3404 data
705 3363 800 3423 opera
821 3349 852 3403 et
882 3342 982 3424 perdi·

58 3427 177 3488 tissime
199 3427 319 3490 trahere
341 3427 497 3487 hominum
521 3428 741 3500 conscientias,
766 3426 837 3486 dnm
860 3426 983 3505 docent,

58 3510 182 3570 veniala
220 3530 289 3570 csse
321 3510 464 3571 distincta
499 3530 518 3570 a
546 3509 742 3585 mortalibus,
774 3529 831 3569 auo
865 3509 982 3569 scilicet

134 3691 160 3750 l)
180 3686 211 3739 In
231 3687 273 3740 ed.
291 3685 369 3743 den:
390 3688 461 3741 Psal.
481 3687 523 3742 19.
561 3685 593 3754 2)
616 3686 684 3739 lbid.
704 3685 765 3740 143.

137 3761 165 3822 ‘l
186 3757 264 3812 Psal.
283 3761 327 3814 51.

84 3847 178 3888 Lutlrcrl
192 3857 244 3896 opp.
262 3848 288 3889 V.
305 3848 331 3888 Α.
347 3847 375 3888 ad
389 3847 430 3889 ref.
444 3846 494 3887 hist.
508 3847 524 3886 l.
537 3857 560 3896 p.
573 3846 623 3888 Vol.
637 3846 674 3888 1v.
770 3843 810 3906 11
