2346 4208
157 242 222 310 400
441 244 464 300 ·I.
483 247 586 303 concio
605 246 639 300 D.
661 247 694 301 M.
704 247 789 319 ⁴Lutlr.

157 433 344 514 peccaverit,
366 433 515 495 habemus
538 434 722 497 advocatum
743 435 824 516 apud
836 435 956 496 Patrem
978 435 1084 496 desum

159 505 312 579 Christum
333 517 456 599 iustum,
487 525 519 580 et
539 520 605 600 ipse
628 526 675 580 est
695 514 873 599 propitiatio
897 538 954 599 pra
976 537 1085 600 pecca-

113 603 115 614 '
157 601 195 663 tis
217 601 342 680 nostris,
365 621 428 662 non
450 622 506 682 pro
521 604 633 663 nostris
649 610 751 662 autem
763 609 891 679 tanturn,
913 601 969 662 sed
991 603 1084 684 etiam

157 703 213 764 pro
250 685 343 745 totius
384 684 498 747 mundi.
542 686 636 746 Porro
665 685 845 746 hoctotum
873 688 905 746 in
927 684 1084 766 baptismo
1141 734 1144 743 ,

158 766 213 848 iit,
236 769 267 835 in
291 786 352 846 quo
377 768 515 830 Christus
538 769 627 830 nobis
654 768 806 847 donatur,
828 768 858 829 id
881 768 964 848 quod
986 768 1017 828 in
1040 787 1087 828 se·

158 851 265 931 quenti
286 858 373 932 parte
396 853 555 913 concionis
580 852 785 916 tractabimus.
1135 929 1137 933 Ι

240 933 435 1014 Undecimo,
463 937 522 996 nisi
545 954 619 1017 ergo
644 936 705 997 hoc
726 935 835 996 foedus
858 956 927 997 cum
949 935 1016 996 Deo
1039 953 1086 996 es-

157 1022 225 1101 sct,
248 1024 279 1078 et
300 1018 384 1079 Deus
406 1019 526 1080 ratione
549 1019 638 1080 huius
660 1018 794 1080 foederis
818 1019 856 1080 ad
881 1025 988 1080 nostra
1009 1037 1085 1098 pec-

158 1107 228 1162 cata
249 1103 443 1181 conniveret,
477 1102 593 1163 nullum
617 1110 677 1164 tarn
711 1103 780 1163 leve
809 1111 892 1164 essct
913 1109 1085 1183 peccatum,

157 1184 241 1266 quod
264 1204 321 1246 nos
344 1205 405 1246 non
421 1186 652 1248 condemnaret.
686 1186 793 1265 Neque
805 1187 885 1248 enim
899 1185 993 1246 ulium
1015 1203 1085 1265 pec

157 1274 269 1345 catum,
292 1271 486 1348 quantumvis
510 1271 665 1352 exiguum,
688 1271 744 1330 Dei
766 1270 911 1331 iudicium
934 1269 1086 1331 sustinere

157 1355 269 1432 potest.
304 1351 374 1413 Non
396 1353 488 1434 igitur
510 1363 557 1414 est
578 1352 661 1414 aliud
690 1354 786 1414 maius
809 1360 840 1414 et
860 1353 984 1414 suavius
1006 1351 1087 1412 sola-

157 1436 232 1496 tium
253 1438 285 1496 in
306 1435 367 1497 hoc
391 1436 527 1516 mundo,
561 1456 652 1517 quam
675 1436 855 1516 baptismus.
893 1436 951 1497 Per
972 1434 1085 1516 baptis·

157 1538 241 1580 mum
261 1520 341 1580 enim
379 1527 411 1580 et
436 1521 565 1601 gratiam
596 1529 627 1581 et
651 1520 889 1581 misericordiam
925 1519 1086 1598 consequi·

158 1621 234 1681 mur,
257 1622 336 1683 quae
358 1611 486 1684 peccata
508 1623 570 1664 non
588 1612 736 1682 accusant
757 1611 809 1664 out
831 1602 997 1680 damnant,
1030 1600 1085 1662 sed

157 1686 260 1766 potius
284 1706 396 1767 magno
420 1686 527 1749 labore
549 1695 579 1748 et
602 1707 657 1748 usu
680 1688 805 1749 eiiciunt
827 1704 864 1748 ac
883 1685 1045 1766 repeliunt.

240 1786 368 1848 Pulchre
387 1789 478 1869 igitur
500 1787 530 1853 S,
553 1786 741 1868 Augustinus
773 1787 917 1868 scripsit,
955 1792 1085 1866 peccata

156 1871 189 1933 in
212 1870 364 1950 baptismo
388 1870 567 1946 condonari,
590 1890 653 1931 non
667 1871 749 1950 quod
774 1871 876 1932 nullae
899 1870 1020 1950 pcccati
1041 1888 1086 1930 re·

131 2028 134 2033 γ
157 1953 271 2034 iiquiae
288 1957 457 2034 supersint,
491 1954 553 2015 sed.
575 1954 658 2033 quod
681 1973 744 2015 non
767 1955 898 2034 amplius
920 1955 1087 2033 imputetur

157 2044 329 2117 peccatum,
361 2056 390 2115 q.
413 2037 455 2097 d.:
488 2038 621 2099 Peccata
643 2036 765 2118 quidem
788 2039 818 2098 in
838 2044 966 2098 mortem
989 2053 1087 2115 usque

157 2123 189 2180 in
210 2127 317 2182 nostra
339 2139 431 2180 carne
451 2120 588 2199 haerent,
611 2141 645 2182 se
668 2128 876 2198 commovent,
898 2139 936 2182 ac
957 2117 1087 2181 subinde

158 2203 301 2285 produnt,
324 2223 429 2263 verum
452 2223 521 2264 cum
543 2204 596 2265 illa
617 2204 693 2266 fiant
714 2206 803 2271 nobis
831 2205 932 2264 invitis
952 2221 1011 2262 nec
1032 2221 1087 2283 ap·

157 2285 369 2368 probantibus,
392 2287 452 2348 hoc
473 2287 616 2369 baptismi
638 2287 820 2349 beneficium
844 2294 901 2365 cst,
924 2285 1007 2365 quod
1028 2303 1086 2348 nos

157 2388 220 2431 non
249 2370 476 2446 condemnant,
506 2391 564 2433 nec
593 2372 681 2433 nobis
711 2378 846 2449 nocent,
873 2370 928 2432 sed
958 2371 987 2430 in
1021 2369 1086 2430 dica

156 2455 254 2535 magis
277 2473 314 2514 ac
335 2456 443 2535 magis,
466 2455 566 2517 donec
589 2457 770 2532 moriamur,
794 2453 1024 2516 mortificantur.

242 2572 317 2633 Oum
340 2573 432 2654 igitur
454 2575 567 2648 sentis,
603 2581 632 2634 te
663 2573 915 2652 concupiscentia
943 2578 995 2632 aut
1017 2569 1086 2631 aliia

157 2655 238 2718 vitiis
262 2658 392 2736 tentari,
416 2676 479 2717 non
500 2656 570 2717 ideo
594 2657 794 2718 exhorrescas
817 2674 875 2716 neo
896 2651 1086 2735 desperabis,

157 2759 258 2820 neque
287 2741 399 2818 etiam,
434 2742 458 2800 si
488 2741 517 2800 in
547 2741 739 2800 manifestum
769 2738 892 2819 aliquod
921 2743 1083 2819 peccatum

157 2823 337 2904 prolabaris,
362 2824 416 2885 sed
439 2824 584 2904 baptismi
599 2823 773 2898 recordare,
801 2831 894 2902 teque
908 2840 954 2884 eo
976 2838 1087 2882 conso·

158 2907 231 2970 iar'e.
253 2906 332 2968 Nam
349 2908 390 2967 in
404 2907 555 2988 baptismo
569 2907 652 2967 Deus
675 2927 708 2968 se
731 2906 784 2966 tibi
808 2905 980 2979 obstrinxit,
1003 2901 1086 2983 quod

159 2998 190 3055 et
212 2997 264 3052 tua
286 2994 415 3071 peccata
436 2991 512 3052 velit
533 2990 740 3068 mortificare,
775 2995 806 3048 et
839 3008 876 3049 ea
898 2987 1089 3064 condonare,

157 3064 299 3219 airpodo
322 3093 360 3136 ea
381 3082 516 3136 autnon
537 3075 701 3155 approbas,
724 3074 882 3137 autetiam
903 3073 934 3133 in
957 3072 1001 3132 eia
1023 3089 1087 3132 non

157 3176 214 3240 per
236 3178 315 3220 ures.

241 3276 282 3337 Et
304 3279 349 3338 sio
370 3295 494 3356 quoquc
516 3275 717 3357 accipiendae
750 3284 821 3336 suut
848 3273 949 3335 maiae
970 3273 1087 3354 cogita

159 3362 275 3440 tiones,
303 3361 568 3440 concupiscentia,
603 3366 633 3421 et
654 3366 804 3440 peccata,
827 3377 906 3438 quae
929 3357 1087 3433 sentimus,

159 3463 222 3507 non
237 3452 269 3506 ut
291 3446 327 3505 iis
345 3443 385 3504 ad
397 3443 644 3523 desperationem
657 3442 826 3522 adigamur,
848 3440 904 3502 sed
918 3440 1087 3501 sentiamus

161 3547 199 3590 ea
221 3547 290 3589 esse
312 3547 368 3588 ceu
391 3533 591 3589 monumenta
613 3526 765 3604 quaedam
780 3525 903 3602 divina,
927 3541 1007 3603 quae
1029 3541 1088 3585 noa

160 3617 380 3675 commoneant
394 3609 547 3690 baptismi,
569 3609 641 3689 quid
664 3611 694 3669 in
718 3628 755 3669 eo
771 3609 958 3685 voverimus,
976 3625 1088 3687 nempe

160 3702 193 3757 ut
213 3696 392 3756 invocemus
415 3693 549 3755 divinam
571 3694 722 3774 gratiam,
759 3700 791 3754 et
815 3693 846 3753 in
868 3690 992 3752 assiduo
1015 3688 1089 3752 belli

159 3799 224 3846 usu.
248 3785 356 3842 conua
390 3780 520 3858 peccata
549 3778 659 3858 simus,
703 3782 736 3838 ut
772 3776 864 3838 etiarn
904 3779 1088 3855 exoptamus
