2346 4208
120 244 184 329 396
429 244 764 318 utrumnum-1...
794 282 798 293 .

186 436 237 500 21.
259 433 357 497 Reote
379 433 459 495 enim
483 432 557 495 dioit
573 431 604 496 fl.
618 431 821 513 Augustinus,
844 433 905 494 tris
925 440 957 494 et
976 453 1034 516 sen

124 523 186 579 tom
209 537 271 579 non
295 517 410 579 debent
431 535 500 578 esso
522 515 640 592 desem,
664 513 720 577 sed
746 523 820 576 sunt
841 515 960 580 decom.

186 604 236 666 22.
259 599 413 679 Quidquid
442 606 551 662 notum
576 598 639 661 tolo
664 605 726 676 est,
755 618 818 661 non
842 599 954 680 dobst,
979 602 1035 662 imo

123 702 183 745 nso
204 690 308 764 potest
330 684 400 764 lege
422 702 491 745 osse
514 682 564 744 vel
585 682 652 744 fleri
673 682 746 743 tole.

187 769 235 831 23.
261 767 307 828 lto
328 765 431 847 augeli
452 771 484 828 et
498 766 580 827 besti
602 766 633 827 in
652 765 742 827 ooelo
759 783 822 828 non
834 765 953 829 debent
966 774 1037 846 esse,

124 850 179 911 ssd
202 856 274 911 sunt
295 852 362 910 sins
383 849 453 930 lege
476 851 556 930 insti,
579 855 613 908 ιιι
632 869 708 929 puro
729 855 873 911 oresium
893 850 962 913 nsi.

187 934 237 996 24.
260 932 401 994 Oessobit
422 934 503 995 enirn
531 941 604 999 tuno
631 939 663 993 et
683 933 752 1012 ipss
778 930 868 1006 fidos,
890 935 1038 1015 reputatio

124 1015 183 1077 Dei
206 1023 237 1078 et
257 1016 398 1078 remissio
420 1021 627 1095 pooostorum,
649 1034 720 1077 oum
742 1017 890 1078 universo
914 1017 1039 1099 Spiritus

126 1099 308 1161 ministerio.

154 1181 236 1257 .‚2n.
259 1182 367 1261 Neque
388 1187 461 1242 tuno
483 1182 627 1262 amplius,
640 1182 781 1247 oratione
804 1181 974 1262 dominioru,
994 1203 1041 1244 uo·

116 1284 184 1344 ouo
205 1264 358 1347 symbolo,
382 1283 482 1345 nsque
506 1266 708 1327 suorumsntis
731 1275 868 1343 utemur,
891 1275 946 1341 sut
968 1287 1042 1347 opus

122 1347 313 1410 habebimus.

147 1474 150 1483 .
186 1433 237 1496 26.
258 1431 355 1494 Multo
378 1432 477 1511 magis
498 1431 549 1491 lox
570 1432 639 1512 ipss
661 1430 794 1494 osssubit
823 1437 855 1492 et
882 1431 1041 1494 svumrobi-

124 1519 172 1573 tur
193 1533 262 1575 oum
286 1515 370 1575 omni
382 1515 513 1575 unientis
526 1521 557 1575 et
568 1514 732 1595 prophetin
748 1520 780 1576 ot
796 1520 864 1577 totu
876 1514 1041 1597 Soripturn

185 1599 232 1663 27.
256 1597 426 1663 Etitouim
436 1598 520 1659 Deus
542 1598 573 1658 in
597 1597 740 1659 omnibus
764 1599 881 1676 omnis,
905 1606 937 1660 st
957 1599 1042 1660 mirs-

125 1680 194 1749 bilis
212 1682 248 1743 in
270 1681 391 1745 Sunotis
414 1682 487 1760 suis,
507 1699 626 1761 nosque
649 1680 785 1761 periente
806 1700 886 1762 puro
909 1689 941 1743 st
963 1701 1043 1744 novo

123 1769 263 1825 oresium
285 1765 360 1827 eius.

186 1848 237 1912 28.
258 1847 353 1929 Igitur
373 1866 437 1908 non
459 1847 504 1910 sio
518 1846 667 1927 abrogato
684 1854 732 1908 est
754 1846 816 1926 lex,
838 1852 872 1909 ut
893 1848 972 1911 nihil
994 1849 1041 1926 sit,

124 1937 178 1990 sut
199 1930 274 1991 nihil
296 1929 465 1992 seeundum
483 1949 552 1991 enm
574 1930 676 1993 fusore
698 1936 853 2011 oporteat.
929 1968 932 1975 ·

186 2015 236 2079 29.
260 2013 321 2075 Sed
343 2012 520 2076 iustificatio
542 2014 620 2094 legis
641 2013 761 2094 impleri
780 2013 877 2077 debet
898 2015 931 2075 in
954 2015 1042 2077 nobis

124 2115 180 2176 per
200 2095 293 2157 filium
317 2098 385 2173 Dei,
408 2102 441 2165 ut
461 2097 571 2158 Romu.
594 2098 623 2161 8.
646 2096 719 2157 dioit
739 2096 861 2160 Paulus.

186 2181 236 2245 30.
259 2179 339 2254 Quin
363 2187 394 2241 st
414 2181 475 2242 hoo
503 2178 637 2241 officium
666 2179 776 2258 habet,
798 2195 833 2242 ut
861 2180 1044 2242 testificetur

123 2259 270 2323 iustitium
292 2262 380 2340 fidei,
408 2263 560 2341 simulque
583 2262 742 2341 ostendat,
772 2264 870 2342 quolis
903 2272 1044 2325 creatum

124 2353 196 2406 anto
225 2352 386 2424 peoontum
419 2346 547 2425 fuimus,
584 2353 615 2407 ot
650 2353 722 2426 post
752 2353 918 2433 pennatum
953 2348 1044 2409 futurri

124 2448 237 2491 sumus.

185 2514 236 2576 31.
259 2511 428 2586 Interim1)
459 2512 600 2572 fovemur
637 2514 670 2573 in
701 2514 770 2573 sinu
791 2513 866 2591 Dei,
895 2520 1044 2594 tunquam

124 2597 243 2665 initium
266 2602 424 2656 creaturae
436 2614 547 2673 novoe,
570 2595 671 2657 doneo
691 2595 887 2676 perficiamur
900 2597 933 2657 in
947 2617 1044 2658 resur-

124 2681 262 2745 rootione
284 2698 303 2739 a
326 2678 463 2739 mortuis.

187 2765 235 2825 32.
261 2761 328 2822 Hoo
348 2762 467 2821 initium
490 2767 592 2821 nutem
615 2781 670 2841 per
687 2762 770 2824 bonu
792 2781 898 2842 opero,
921 2764 949 2823 si
975 2783 1045 2824 vere

123 2846 222 2921 inest,
252 2863 321 2904 soso
350 2843 501 2923 ostendit,
539 2851 569 2904 ot
598 2852 712 2905 certam
742 2845 816 2907 fooit
842 2848 1043 2908 vocationem

124 2934 272 2988 nostrum.

188 3012 238 3074 33.
260 3011 364 3091 igitur,
386 3011 411 3069 si
433 3010 574 3070 humanis
596 3010 698 3072 verbis
720 3010 815 3071 lioent
836 3010 961 3090 dicore,
984 3033 1043 3074 non

124 3099 195 3154 notu
207 3093 356 3173 perfeeto,
378 3093 434 3153 sed
449 3094 589 3173 potentio
602 3093 776 3174 propinquo
790 3095 861 3154 iusti
880 3114 991 3156 snmus
1003 3096 1045 3173 ²).

188 3180 237 3241 34.
260 3177 421 3236 Formatur
443 3177 525 3236 enirn
548 3176 686 3237 Christus
717 3177 748 3236 in
771 3177 860 3238 nobis
885 3181 1044 3254 continue,

124 3266 155 3320 ot
177 3280 234 3321 nos
267 3259 435 3320 formamur
467 3257 506 3319 ad
539 3261 706 3340 imaginem
738 3260 854 3339 ipsius,
889 3260 963 3322 dum
999 3263 1047 3323 hio

124 3363 265 3405 vivimus.
835 3388 837 3395 ,

185 3429 234 3490 35.
259 3425 360 3501 Quare
383 3426 440 3485 etsi
460 3423 575 3504 ubsque
599 3424 669 3506 loge
698 3432 730 3485 ot
758 3425 875 3504 absque
900 3429 1047 3508 operibus

123 3509 199 3590 legis
221 3507 421 3570 iustifioemur
439 3526 494 3588 per
515 3505 618 3587 fidem,
643 3516 746 3569 tomen
769 3509 800 3568 in
817 3508 880 3571 fide
902 3532 968 3573 non
983 3517 1048 3576 sine

121 3591 266 3672 operibus
289 3591 430 3653 vivimus.

193 3789 225 3864 1)
246 3788 279 3848 In
299 3787 344 3848 sd.
365 3788 453 3849 roos:
468 3790 587 3844 intorsi..
619 3783 655 3849 ‘tt
673 3784 707 3840 in
725 3780 768 3841 sd.
789 3787 878 3846 1558:
898 3791 1000 3850 simus.
