<?xml version="1.0" encoding="UTF-8"?>
<!DOCTYPE html PUBLIC "-//W3C//DTD XHTML 1.0 Transitional//EN"
    "http://www.w3.org/TR/xhtml1/DTD/xhtml1-transitional.dtd">
<html xmlns="http://www.w3.org/1999/xhtml" xml:lang="en" lang="en">
 <head>
  <title>
</title>
<meta http-equiv="Content-Type" content="text/html;charset=utf-8" />
  <meta name='ocr-system' content='tesseract 3.04.00' />
  <meta name='ocr-capabilities' content='ocr_page ocr_carea ocr_par ocr_line ocrx_word'/>
</head>
<body>
  <div class='ocr_page' id='page_1' title='image "./dmartinilutheri04luthgoog_0441.png"; bbox 0 0 2346 4208; ppageno 0'>
   <div class='ocr_carea' id='block_1_1' title="bbox 166 271 834 340">
    <p class='ocr_par' dir='ltr' id='par_1_1' title="bbox 166 271 834 340">
     <span class='ocr_line' id='line_1_1' title="bbox 166 271 834 340; baseline 0.006 -14"><span class='ocrx_word' id='word_1_1' title='bbox 166 271 232 340; x_wconf 72' lang='lat'><strong>430</strong></span> <span class='ocrx_word' id='word_1_2' title='bbox 419 275 461 329; x_wconf 87' lang='lat' dir='ltr'><strong>ili.</strong></span> <span class='ocrx_word' id='word_1_3' title='bbox 481 274 586 330; x_wconf 65' lang='lat' dir='ltr'><strong>otnero</strong></span> <span class='ocrx_word' id='word_1_4' title='bbox 606 274 641 331; x_wconf 80' lang='lat' dir='ltr'><strong>dc</strong></span> <span class='ocrx_word' id='word_1_5' title='bbox 659 277 834 331; x_wconf 82' lang='lat' dir='ltr'><strong>consessione</strong></span> 
     </span>
    </p>
   </div>
   <div class='ocr_carea' id='block_1_2' title="bbox 144 461 1139 3871">
    <p class='ocr_par' dir='ltr' id='par_1_2' title="bbox 168 461 1092 792">
     <span class='ocr_line' id='line_1_2' title="bbox 169 461 1091 539; baseline 0 -16"><span class='ocrx_word' id='word_1_6' title='bbox 169 469 281 538; x_wconf 80' lang='lat' dir='ltr'><strong>catum,</strong></span> <span class='ocrx_word' id='word_1_7' title='bbox 304 461 460 539; x_wconf 70' lang='lat' dir='ltr'><strong>somnam,</strong></span> <span class='ocrx_word' id='word_1_8' title='bbox 482 464 555 522; x_wconf 86' lang='lat' dir='ltr'><strong>itern</strong></span> <span class='ocrx_word' id='word_1_9' title='bbox 570 461 716 522; x_wconf 88' lang='lat' dir='ltr'><strong>mundum</strong></span> <span class='ocrx_word' id='word_1_10' title='bbox 729 462 860 522; x_wconf 84' lang='lat' dir='ltr'><strong>militare</strong></span> <span class='ocrx_word' id='word_1_11' title='bbox 874 462 975 524; x_wconf 86' lang='lat' dir='ltr'><strong>debet.</strong></span> <span class='ocrx_word' id='word_1_12' title='bbox 1009 463 1091 524; x_wconf 81' lang='lat' dir='ltr'><strong>Ante</strong></span> 
     </span>
     <span class='ocr_line' id='line_1_3' title="bbox 169 545 1092 626; baseline 0 -19"><span class='ocrx_word' id='word_1_13' title='bbox 169 546 274 609; x_wconf 84' lang='lat' dir='ltr'><strong>omnis</strong></span> <span class='ocrx_word' id='word_1_14' title='bbox 287 546 379 625; x_wconf 79' lang='lat' dir='ltr'><strong>igitur</strong></span> <span class='ocrx_word' id='word_1_15' title='bbox 400 545 633 626; x_wconf 80' lang='lat' dir='ltr'><strong>diligentissime</strong></span> <span class='ocrx_word' id='word_1_16' title='bbox 653 545 822 605; x_wconf 74' lang='lat' dir='ltr'><strong>memoriae</strong></span> <span class='ocrx_word' id='word_1_17' title='bbox 842 545 1092 608; x_wconf 78' lang='lat' dir='ltr'><strong>commendanda</strong></span> 
     </span>
     <span class='ocr_line' id='line_1_4' title="bbox 169 627 1090 707; baseline 0.002 -19"><span class='ocrx_word' id='word_1_18' title='bbox 169 635 240 688; x_wconf 89' lang='lat' dir='ltr'><strong>sunt</strong></span> <span class='ocrx_word' id='word_1_19' title='bbox 261 627 364 704; x_wconf 81' lang='lat' dir='ltr'><strong>verba,</strong></span> <span class='ocrx_word' id='word_1_20' title='bbox 387 628 496 707; x_wconf 88' lang='lat' dir='ltr'><strong>quibus</strong></span> <span class='ocrx_word' id='word_1_21' title='bbox 518 629 654 688; x_wconf 87' lang='lat' dir='ltr'><strong>Ohristus</strong></span> <span class='ocrx_word' id='word_1_22' title='bbox 677 627 737 687; x_wconf 87' lang='lat' dir='ltr'><strong>hoc</strong></span> <span class='ocrx_word' id='word_1_23' title='bbox 759 635 988 691; x_wconf 85' lang='lat' dir='ltr'><strong>sacramentum·</strong></span> <span class='ocrx_word' id='word_1_24' title='bbox 1006 630 1090 690; x_wconf 87' lang='lat' dir='ltr'><strong>insti-</strong></span> 
     </span>
     <span class='ocr_line' id='line_1_5' title="bbox 168 712 480 796; baseline -0.003 -24"><span class='ocrx_word' id='word_1_25' title='bbox 168 713 235 796; x_wconf 81' lang='lat' dir='ltr'><strong>tuit,</strong></span> <span class='ocrx_word' id='word_1_26' title='bbox 256 730 368 792; x_wconf 86' lang='lat' dir='ltr'><strong>nempe</strong></span> <span class='ocrx_word' id='word_1_27' title='bbox 389 712 480 776; x_wconf 90' lang='lat' dir='ltr'><strong>haee:</strong></span> 
     </span>
    </p>

    <p class='ocr_par' dir='ltr' id='par_1_3' title="bbox 168 757 1106 1275">
     <span class='ocr_line' id='line_1_6' title="bbox 226 757 1090 873; baseline 0.001 -18.031"><span class='ocrx_word' id='word_1_28' title='bbox 226 757 435 855; x_wconf 82' lang='lat' dir='ltr'>Dominus</span> <span class='ocrx_word' id='word_1_29' title='bbox 452 795 582 854; x_wconf 88' lang='lat' dir='ltr'><strong>iesus</strong></span> <span class='ocrx_word' id='word_1_30' title='bbox 575 813 611 857; x_wconf 91' lang='lat' dir='ltr'><strong>1n</strong></span> <span class='ocrx_word' id='word_1_31' title='bbox 628 813 671 855; x_wconf 88' lang='lat' dir='ltr'><strong>ea</strong></span> <span class='ocrx_word' id='word_1_32' title='bbox 688 802 778 853; x_wconf 92' lang='lat' dir='ltr'><strong>noct</strong></span> <span class='ocrx_word' id='word_1_33' title='bbox 784 813 810 871; x_wconf 80' lang='lat' dir='ltr'><strong>e,</strong></span> <span class='ocrx_word' id='word_1_34' title='bbox 831 813 903 873; x_wconf 87' lang='lat' dir='ltr'><strong>qua</strong></span> <span class='ocrx_word' id='word_1_35' title='bbox 910 795 1090 856; x_wconf 86' lang='lat' dir='ltr'><strong>traditos</strong></span> 
     </span>
     <span class='ocr_line' id='line_1_7' title="bbox 167 879 1089 970; baseline 0 -31"><span class='ocrx_word' id='word_1_36' title='bbox 167 883 236 970; x_wconf 85' lang='lat' dir='ltr'><strong>est,</strong></span> <span class='ocrx_word' id='word_1_37' title='bbox 266 879 424 957; x_wconf 91' lang='lat' dir='ltr'><strong>accepit</strong></span> <span class='ocrx_word' id='word_1_38' title='bbox 451 896 600 957; x_wconf 82' lang='lat' dir='ltr'><strong>panem,</strong></span> <span class='ocrx_word' id='word_1_39' title='bbox 634 883 673 937; x_wconf 92' lang='lat' dir='ltr'><strong>et</strong></span> <span class='ocrx_word' id='word_1_40' title='bbox 701 883 907 956; x_wconf 84' lang='lat' dir='ltr'><strong>postquam</strong></span> <span class='ocrx_word' id='word_1_41' title='bbox 937 881 1089 959; x_wconf 78' lang='lat' dir='ltr'><strong>gratias</strong></span> 
     </span>
     <span class='ocr_line' id='line_1_8' title="bbox 167 938 1106 1042; baseline 0.001 -21.001"><span class='ocrx_word' id='word_1_42' title='bbox 167 938 336 1042; x_wconf 80' lang='lat' dir='ltr'>egisset,</span> <span class='ocrx_word' id='word_1_43' title='bbox 370 961 507 1041; x_wconf 86' lang='lat' dir='ltr'><strong>fregit</strong></span> <span class='ocrx_word' id='word_1_44' title='bbox 481 959 724 1021; x_wconf 86' lang='lat' dir='ltr'><strong>tetdedit</strong></span> <span class='ocrx_word' id='word_1_45' title='bbox 758 958 1106 1040; x_wconf 70' lang='grc' dir='ltr'><strong>ἀίεοίρυίἰεευίθ’</strong></span> 
     </span>
     <span class='ocr_line' id='line_1_9' title="bbox 169 1043 1089 1125; baseline 0.001 -21"><span class='ocrx_word' id='word_1_46' title='bbox 169 1043 320 1104; x_wconf 87' lang='lat' dir='ltr'><strong>dicens:</strong></span> <span class='ocrx_word' id='word_1_47' title='bbox 344 1044 536 1123; x_wconf 82' lang='lat' dir='ltr'><strong>Accipite,</strong></span> <span class='ocrx_word' id='word_1_48' title='bbox 554 1043 757 1118; x_wconf 76' lang='lat' dir='ltr'><strong>comedite,</strong></span> <span class='ocrx_word' id='word_1_49' title='bbox 780 1043 930 1104; x_wconf 89' lang='lat' dir='ltr'><strong>hocest</strong></span> <span class='ocrx_word' id='word_1_50' title='bbox 918 1052 1089 1125; x_wconf 79' lang='lat' dir='ltr'><strong>tcorptts</strong></span> 
     </span>
     <span class='ocr_line' id='line_1_10' title="bbox 169 1125 1090 1207; baseline 0.002 -21"><span class='ocrx_word' id='word_1_51' title='bbox 169 1146 307 1203; x_wconf 82' lang='lat' dir='ltr'><strong>meum,</strong></span> <span class='ocrx_word' id='word_1_52' title='bbox 337 1126 438 1207; x_wconf 90' lang='lat' dir='ltr'><strong>quod</strong></span> <span class='ocrx_word' id='word_1_53' title='bbox 468 1146 535 1207; x_wconf 92' lang='lat' dir='ltr'><strong>pro</strong></span> <span class='ocrx_word' id='word_1_54' title='bbox 559 1125 672 1188; x_wconf 87' lang='lat' dir='ltr'><strong>vobis</strong></span> <span class='ocrx_word' id='word_1_55' title='bbox 694 1125 759 1186; x_wconf 84' lang='lat' dir='ltr'><strong>dot</strong></span> <span class='ocrx_word' id='word_1_56' title='bbox 747 1133 816 1187; x_wconf 87' lang='lat' dir='ltr'><strong>tur.</strong></span> <span class='ocrx_word' id='word_1_57' title='bbox 861 1127 940 1188; x_wconf 89' lang='lat' dir='ltr'><strong>Hoc</strong></span> <span class='ocrx_word' id='word_1_58' title='bbox 969 1129 1090 1188; x_wconf 79' lang='lat' dir='ltr'><strong>tacite</strong></span> 
     </span>
     <span class='ocr_line' id='line_1_11' title="bbox 168 1210 780 1275; baseline -0.005 -5"><span class='ocrx_word' id='word_1_59' title='bbox 168 1210 300 1270; x_wconf 87' lang='lat' dir='ltr'><strong>in-mei</strong></span> <span class='ocrx_word' id='word_1_60' title='bbox 323 1211 741 1275; x_wconf 72' lang='lat' dir='ltr'><strong>commemorationem.</strong></span> <span class='ocrx_word' id='word_1_61' title='bbox 778 1222 780 1226; x_wconf 84' lang='lat'>·</span> 
     </span>
    </p>

    <p class='ocr_par' dir='ltr' id='par_1_4' title="bbox 167 1293 1090 1869">
     <span class='ocr_line' id='line_1_12' title="bbox 252 1293 1089 1373; baseline 0.002 -20"><span class='ocrx_word' id='word_1_62' title='bbox 252 1293 450 1370; x_wconf 67' lang='lat' dir='ltr'><strong>Similiter,</strong></span> <span class='ocrx_word' id='word_1_63' title='bbox 474 1299 681 1372; x_wconf 84' lang='lat' dir='ltr'><strong>postquam</strong></span> <span class='ocrx_word' id='word_1_64' title='bbox 706 1295 899 1370; x_wconf 81' lang='lat' dir='ltr'><strong>coenavit,</strong></span> <span class='ocrx_word' id='word_1_65' title='bbox 920 1303 1089 1373; x_wconf 80' lang='lat' dir='ltr'><strong>accepto</strong></span> 
     </span>
     <span class='ocr_line' id='line_1_13' title="bbox 169 1375 1090 1456; baseline 0 -19"><span class='ocrx_word' id='word_1_66' title='bbox 169 1375 312 1455; x_wconf 73' lang='lat' dir='ltr'><strong>calice,</strong></span> <span class='ocrx_word' id='word_1_67' title='bbox 346 1395 426 1436; x_wconf 88' lang='lat' dir='ltr'><strong>curn</strong></span> <span class='ocrx_word' id='word_1_68' title='bbox 466 1377 619 1456; x_wconf 69' lang='lat' dir='ltr'><strong>gratias</strong></span> <span class='ocrx_word' id='word_1_69' title='bbox 653 1379 815 1456; x_wconf 77' lang='lat' dir='ltr'><strong>egisset,</strong></span> <span class='ocrx_word' id='word_1_70' title='bbox 848 1376 960 1437; x_wconf 80' lang='lat' dir='ltr'><strong>dedit</strong></span> <span class='ocrx_word' id='word_1_71' title='bbox 992 1377 1090 1453; x_wconf 83' lang='lat' dir='ltr'><strong>illis,</strong></span> 
     </span>
     <span class='ocr_line' id='line_1_14' title="bbox 168 1457 1090 1536; baseline 0.001 -17"><span class='ocrx_word' id='word_1_72' title='bbox 168 1457 322 1519; x_wconf 87' lang='lat' dir='ltr'><strong>dicens:</strong></span> <span class='ocrx_word' id='word_1_73' title='bbox 364 1458 495 1519; x_wconf 78' lang='lat' dir='ltr'><strong>tiibite</strong></span> <span class='ocrx_word' id='word_1_74' title='bbox 527 1478 573 1518; x_wconf 85' lang='lat' dir='ltr'><strong>ex</strong></span> <span class='ocrx_word' id='word_1_75' title='bbox 605 1458 677 1518; x_wconf 91' lang='lat' dir='ltr'><strong>hoc</strong></span> <span class='ocrx_word' id='word_1_76' title='bbox 709 1477 858 1536; x_wconf 80' lang='lat' dir='ltr'><strong>ornnes,</strong></span> <span class='ocrx_word' id='word_1_77' title='bbox 891 1459 953 1519; x_wconf 83' lang='lat' dir='ltr'><strong>hic</strong></span> <span class='ocrx_word' id='word_1_78' title='bbox 985 1461 1090 1535; x_wconf 77' lang='lat' dir='ltr'><strong>calix</strong></span> 
     </span>
     <span class='ocr_line' id='line_1_15' title="bbox 168 1543 1090 1623; baseline 0.001 -21"><span class='ocrx_word' id='word_1_79' title='bbox 168 1560 307 1603; x_wconf 84' lang='lat' dir='ltr'><strong>novum</strong></span> <span class='ocrx_word' id='word_1_80' title='bbox 333 1549 609 1602; x_wconf 84' lang='lat' dir='ltr'><strong>testamentum</strong></span> <span class='ocrx_word' id='word_1_81' title='bbox 639 1551 697 1602; x_wconf 85' lang='lat' dir='ltr'><strong>est</strong></span> <span class='ocrx_word' id='word_1_82' title='bbox 719 1543 754 1601; x_wconf 94' lang='lat' dir='ltr'><strong>in</strong></span> <span class='ocrx_word' id='word_1_83' title='bbox 777 1561 860 1601; x_wconf 91' lang='lat' dir='ltr'><strong>meo</strong></span> <span class='ocrx_word' id='word_1_84' title='bbox 884 1545 1090 1623; x_wconf 81' lang='lat' dir='ltr'><strong>sanguine,</strong></span> 
     </span>
     <span class='ocr_line' id='line_1_16' title="bbox 167 1623 1089 1705; baseline 0.003 -21"><span class='ocrx_word' id='word_1_85' title='bbox 167 1627 232 1705; x_wconf 77' lang='lat' dir='ltr'><strong>qui</strong></span> <span class='ocrx_word' id='word_1_86' title='bbox 264 1644 333 1705; x_wconf 91' lang='lat' dir='ltr'><strong>pro</strong></span> <span class='ocrx_word' id='word_1_87' title='bbox 366 1626 479 1686; x_wconf 88' lang='lat' dir='ltr'><strong>vobis</strong></span> <span class='ocrx_word' id='word_1_88' title='bbox 509 1623 732 1684; x_wconf 79' lang='lat' dir='ltr'><strong>effunditur</strong></span> <span class='ocrx_word' id='word_1_89' title='bbox 753 1627 788 1683; x_wconf 96' lang='lat' dir='ltr'><strong>in</strong></span> <span class='ocrx_word' id='word_1_90' title='bbox 812 1626 1089 1687; x_wconf 74' lang='lat' dir='ltr'><strong>remissionem</strong></span> 
     </span>
     <span class='ocr_line' id='line_1_17' title="bbox 168 1708 1089 1789; baseline 0 -20"><span class='ocrx_word' id='word_1_91' title='bbox 168 1715 433 1789; x_wconf 83' lang='lat' dir='ltr'><strong>peccatorum,</strong></span> <span class='ocrx_word' id='word_1_92' title='bbox 478 1708 554 1768; x_wconf 91' lang='lat' dir='ltr'><strong>hoc·</strong></span> <span class='ocrx_word' id='word_1_93' title='bbox 589 1708 728 1785; x_wconf 79' lang='lat' dir='ltr'><strong>tacite,</strong></span> <span class='ocrx_word' id='word_1_94' title='bbox 773 1709 1089 1788; x_wconf 76' lang='lat' dir='ltr'><strong>quotiescunque</strong></span> 
     </span>
     <span class='ocr_line' id='line_1_18' title="bbox 168 1791 998 1869; baseline -0.001 -17"><span class='ocrx_word' id='word_1_95' title='bbox 168 1791 373 1869; x_wconf 80' lang='lat' dir='ltr'><strong>biberitis,</strong></span> <span class='ocrx_word' id='word_1_96' title='bbox 395 1793 432 1850; x_wconf 90' lang='lat' dir='ltr'><strong>in</strong></span> <span class='ocrx_word' id='word_1_97' title='bbox 457 1793 530 1850; x_wconf 89' lang='lat' dir='ltr'><strong>mei</strong></span> <span class='ocrx_word' id='word_1_98' title='bbox 555 1793 998 1852; x_wconf 87' lang='lat' dir='ltr'><strong>commemorationem.&#39;</strong></span> 
     </span>
    </p>

    <p class='ocr_par' dir='ltr' id='par_1_5' title="bbox 144 1873 1139 3599">
     <span class='ocr_line' id='line_1_19' title="bbox 250 1873 1088 1954; baseline 0 -20"><span class='ocrx_word' id='word_1_99' title='bbox 250 1875 336 1934; x_wconf 88' lang='lat' dir='ltr'><strong>Haec</strong></span> <span class='ocrx_word' id='word_1_100' title='bbox 352 1883 424 1934; x_wconf 89' lang='lat' dir='ltr'><strong>sunt</strong></span> <span class='ocrx_word' id='word_1_101' title='bbox 440 1873 543 1952; x_wconf 77' lang='lat' dir='ltr'><strong>verba,</strong></span> <span class='ocrx_word' id='word_1_102' title='bbox 566 1892 645 1952; x_wconf 87' lang='lat' dir='ltr'><strong>quac</strong></span> <span class='ocrx_word' id='word_1_103' title='bbox 659 1892 760 1954; x_wconf 89' lang='lat' dir='ltr'><strong>neque</strong></span> <span class='ocrx_word' id='word_1_104' title='bbox 781 1875 850 1954; x_wconf 79' lang='lat' dir='ltr'><strong>ipsi,</strong></span> <span class='ocrx_word' id='word_1_105' title='bbox 872 1893 973 1954; x_wconf 86' lang='lat' dir='ltr'><strong>neque</strong></span> <span class='ocrx_word' id='word_1_106' title='bbox 995 1876 1088 1936; x_wconf 86' lang='lat' dir='ltr'><strong>etiam</strong></span> 
     </span>
     <span class='ocr_line' id='line_1_20' title="bbox 169 1957 1089 2038; baseline 0 -20"><span class='ocrx_word' id='word_1_107' title='bbox 169 1957 263 2024; x_wconf 73' lang='lat' dir='ltr'><strong>Satan</strong></span> <span class='ocrx_word' id='word_1_108' title='bbox 285 1975 402 2038; x_wconf 86' lang='lat' dir='ltr'><strong>negare</strong></span> <span class='ocrx_word' id='word_1_109' title='bbox 424 1959 553 2036; x_wconf 77' lang='lat' dir='ltr'><strong>poterit,</strong></span> <span class='ocrx_word' id='word_1_110' title='bbox 575 1960 606 2016; x_wconf 95' lang='lat' dir='ltr'><strong>in</strong></span> <span class='ocrx_word' id='word_1_111' title='bbox 629 1975 708 2035; x_wconf 91' lang='lat' dir='ltr'><strong>quae</strong></span> <span class='ocrx_word' id='word_1_112' title='bbox 728 1957 868 2037; x_wconf 86' lang='lat' dir='ltr'><strong>figendus</strong></span> <span class='ocrx_word' id='word_1_113' title='bbox 891 1977 946 2037; x_wconf 86' lang='lat' dir='ltr'><strong>pes</strong></span> <span class='ocrx_word' id='word_1_114' title='bbox 969 1966 1033 2031; x_wconf 73' lang='lat' dir='ltr'><strong>est,</strong></span> <span class='ocrx_word' id='word_1_115' title='bbox 1057 1967 1089 2019; x_wconf 89' lang='lat' dir='ltr'><strong>ut</strong></span> 
     </span>
     <span class='ocr_line' id='line_1_21' title="bbox 169 2039 1090 2104; baseline 0 -2"><span class='ocrx_word' id='word_1_116' title='bbox 169 2040 296 2103; x_wconf 81' lang='lat' dir='ltr'><strong>firmiter</strong></span> <span class='ocrx_word' id='word_1_117' title='bbox 323 2041 356 2099; x_wconf 88' lang='lat' dir='ltr'><strong>in</strong></span> <span class='ocrx_word' id='word_1_118' title='bbox 384 2041 420 2099; x_wconf 91' lang='lat' dir='ltr'><strong>iis</strong></span> <span class='ocrx_word' id='word_1_119' title='bbox 450 2040 677 2104; x_wconf 82' lang='lat' dir='ltr'><strong>consistamus?</strong></span> <span class='ocrx_word' id='word_1_120' title='bbox 714 2039 791 2100; x_wconf 79' lang='lat' dir='ltr'><strong>Sunt</strong></span> <span class='ocrx_word' id='word_1_121' title='bbox 821 2047 922 2100; x_wconf 87' lang='lat' dir='ltr'><strong>autem</strong></span> <span class='ocrx_word' id='word_1_122' title='bbox 946 2041 1090 2102; x_wconf 80' lang='lat' dir='ltr'><strong>nuda-ee</strong></span> 
     </span>
     <span class='ocr_line' id='line_1_22' title="bbox 144 2123 1088 2204; baseline 0 -20"><span class='ocrx_word' id='word_1_123' title='bbox 144 2124 357 2204; x_wconf 76' lang='lat' dir='ltr'><strong>·plcnissima,</strong></span> <span class='ocrx_word' id='word_1_124' title='bbox 381 2142 459 2202; x_wconf 86' lang='lat' dir='ltr'><strong>quoe</strong></span> <span class='ocrx_word' id='word_1_125' title='bbox 479 2123 569 2183; x_wconf 85' lang='lat' dir='ltr'><strong>nuliis</strong></span> <span class='ocrx_word' id='word_1_126' title='bbox 587 2123 890 2203; x_wconf 70' lang='lat' dir='ltr'><strong>interpretationibus</strong></span> <span class='ocrx_word' id='word_1_127' title='bbox 913 2124 995 2184; x_wconf 89' lang='lat' dir='ltr'><strong>eludi</strong></span> <span class='ocrx_word' id='word_1_128' title='bbox 1019 2143 1088 2204; x_wconf 88' lang='lat' dir='ltr'><strong>pos·</strong></span> 
     </span>
     <span class='ocr_line' id='line_1_23' title="bbox 169 2206 1089 2287; baseline 0.001 -20"><span class='ocrx_word' id='word_1_129' title='bbox 169 2214 254 2283; x_wconf 78' lang='lat' dir='ltr'><strong>sunt,</strong></span> <span class='ocrx_word' id='word_1_130' title='bbox 285 2207 367 2285; x_wconf 93' lang='lat' dir='ltr'><strong>quod</strong></span> <span class='ocrx_word' id='word_1_131' title='bbox 397 2214 427 2265; x_wconf 93' lang='lat' dir='ltr'><strong>et</strong></span> <span class='ocrx_word' id='word_1_132' title='bbox 454 2208 542 2285; x_wconf 88' lang='lat' dir='ltr'><strong>panis</strong></span> <span class='ocrx_word' id='word_1_133' title='bbox 571 2207 611 2266; x_wconf 91' lang='lat' dir='ltr'><strong>sit</strong></span> <span class='ocrx_word' id='word_1_134' title='bbox 639 2206 749 2266; x_wconf 78' lang='lat' dir='ltr'><strong>Christi</strong></span> <span class='ocrx_word' id='word_1_135' title='bbox 780 2225 891 2286; x_wconf 88' lang='lat' dir='ltr'><strong>eorpus</strong></span> <span class='ocrx_word' id='word_1_136' title='bbox 920 2227 975 2287; x_wconf 88' lang='lat' dir='ltr'><strong>pro</strong></span> <span class='ocrx_word' id='word_1_137' title='bbox 998 2207 1089 2268; x_wconf 75' lang='lat' dir='ltr'><strong>nobis</strong></span> 
     </span>
     <span class='ocr_line' id='line_1_24' title="bbox 168 2289 1089 2369; baseline -0.001 -18"><span class='ocrx_word' id='word_1_138' title='bbox 168 2289 321 2367; x_wconf 82' lang='lat' dir='ltr'><strong>traditum,</strong></span> <span class='ocrx_word' id='word_1_139' title='bbox 345 2297 376 2349; x_wconf 90' lang='lat' dir='ltr'><strong>ct</strong></span> <span class='ocrx_word' id='word_1_140' title='bbox 390 2290 471 2349; x_wconf 84' lang='lat' dir='ltr'><strong>catix</strong></span> <span class='ocrx_word' id='word_1_141' title='bbox 487 2290 598 2355; x_wconf 82' lang='lat' dir='ltr'><strong>Ohristi</strong></span> <span class='ocrx_word' id='word_1_142' title='bbox 617 2290 752 2368; x_wconf 81' lang='lat' dir='ltr'><strong>sanguis,</strong></span> <span class='ocrx_word' id='word_1_143' title='bbox 775 2308 830 2369; x_wconf 92' lang='lat' dir='ltr'><strong>pro</strong></span> <span class='ocrx_word' id='word_1_144' title='bbox 853 2289 952 2350; x_wconf 85' lang='lat' dir='ltr'><strong>vobis·</strong></span> <span class='ocrx_word' id='word_1_145' title='bbox 964 2291 1089 2367; x_wconf 69' lang='lat' dir='ltr'><strong>effusus,</strong></span> 
     </span>
     <span class='ocr_line' id='line_1_25' title="bbox 169 2373 1090 2454; baseline -0.001 -20"><span class='ocrx_word' id='word_1_146' title='bbox 169 2379 201 2434; x_wconf 90' lang='lat' dir='ltr'><strong>et</strong></span> <span class='ocrx_word' id='word_1_147' title='bbox 220 2374 360 2433; x_wconf 91' lang='lat' dir='ltr'><strong>iubemur</strong></span> <span class='ocrx_word' id='word_1_148' title='bbox 381 2373 434 2434; x_wconf 85' lang='lat' dir='ltr'><strong>iila</strong></span> <span class='ocrx_word' id='word_1_149' title='bbox 456 2373 556 2432; x_wconf 84' lang='lat' dir='ltr'><strong>facere</strong></span> <span class='ocrx_word' id='word_1_150' title='bbox 578 2374 608 2431; x_wconf 92' lang='lat' dir='ltr'><strong>in</strong></span> <span class='ocrx_word' id='word_1_151' title='bbox 631 2374 955 2438; x_wconf 75' lang='lat' dir='ltr'><strong>commemorationem</strong></span> <span class='ocrx_word' id='word_1_152' title='bbox 980 2376 1090 2454; x_wconf 86' lang='lat' dir='ltr'><strong>ipsius.</strong></span> 
     </span>
     <span class='ocr_line' id='line_1_26' title="bbox 253 2455 1090 2534; baseline 0 -18"><span class='ocrx_word' id='word_1_153' title='bbox 253 2456 414 2516; x_wconf 89' lang='lat' dir='ltr'><strong>Diversum</strong></span> <span class='ocrx_word' id='word_1_154' title='bbox 453 2464 555 2515; x_wconf 89' lang='lat' dir='ltr'><strong>autem</strong></span> <span class='ocrx_word' id='word_1_155' title='bbox 596 2456 740 2534; x_wconf 81' lang='lat' dir='ltr'><strong>Papistae</strong></span> <span class='ocrx_word' id='word_1_156' title='bbox 777 2455 970 2521; x_wconf 81' lang='lat' dir='ltr'><strong>mandarunt.</strong></span> <span class='ocrx_word' id='word_1_157' title='bbox 1014 2457 1090 2516; x_wconf 82' lang='lat' dir='ltr'><strong>Oum</strong></span> 
     </span>
     <span class='ocr_line' id='line_1_27' title="bbox 169 2538 1091 2620; baseline 0.001 -22"><span class='ocrx_word' id='word_1_158' title='bbox 169 2539 262 2620; x_wconf 80' lang='lat' dir='ltr'><strong>igitur</strong></span> <span class='ocrx_word' id='word_1_159' title='bbox 291 2559 346 2619; x_wconf 88' lang='lat' dir='ltr'><strong>pro</strong></span> <span class='ocrx_word' id='word_1_160' title='bbox 376 2540 528 2600; x_wconf 88' lang='lat' dir='ltr'><strong>concione</strong></span> <span class='ocrx_word' id='word_1_161' title='bbox 555 2538 705 2598; x_wconf 85' lang='lat' dir='ltr'><strong>dixerint:</strong></span> <span class='ocrx_word' id='word_1_162' title='bbox 740 2540 803 2599; x_wconf 88' lang='lat' dir='ltr'><strong>Vos</strong></span> <span class='ocrx_word' id='word_1_163' title='bbox 825 2539 908 2599; x_wconf 89' lang='lat' dir='ltr'><strong>Laici</strong></span> <span class='ocrx_word' id='word_1_164' title='bbox 930 2540 1007 2600; x_wconf 85' lang='lat' dir='ltr'><strong>haec</strong></span> <span class='ocrx_word' id='word_1_165' title='bbox 1029 2560 1091 2601; x_wconf 94' lang='lat' dir='ltr'><strong>non</strong></span> 
     </span>
     <span class='ocr_line' id='line_1_28' title="bbox 169 2621 1091 2703; baseline 0.001 -21"><span class='ocrx_word' id='word_1_166' title='bbox 169 2623 356 2703; x_wconf 81' lang='lat' dir='ltr'><strong>intelligitis,</strong></span> <span class='ocrx_word' id='word_1_167' title='bbox 380 2641 480 2702; x_wconf 87' lang='lat' dir='ltr'><strong>neque</strong></span> <span class='ocrx_word' id='word_1_168' title='bbox 503 2623 575 2682; x_wconf 92' lang='lat' dir='ltr'><strong>licet</strong></span> <span class='ocrx_word' id='word_1_169' title='bbox 596 2621 684 2683; x_wconf 88' lang='lat' dir='ltr'><strong>vobis</strong></span> <span class='ocrx_word' id='word_1_170' title='bbox 707 2622 766 2681; x_wconf 84' lang='lat' dir='ltr'><strong>istc</strong></span> <span class='ocrx_word' id='word_1_171' title='bbox 787 2622 990 2702; x_wconf 75' lang='lat' dir='ltr'><strong>interpretari,</strong></span> <span class='ocrx_word' id='word_1_172' title='bbox 1013 2642 1091 2683; x_wconf 84' lang='lat' dir='ltr'><strong>erra-</strong></span> 
     </span>
     <span class='ocr_line' id='line_1_29' title="bbox 168 2704 1090 2786; baseline 0 -20"><span class='ocrx_word' id='word_1_173' title='bbox 168 2707 207 2766; x_wconf 84' lang='lat' dir='ltr'><strong>tis</strong></span> <span class='ocrx_word' id='word_1_174' title='bbox 233 2707 341 2786; x_wconf 80' lang='lat' dir='ltr'><strong>igitur,</strong></span> <span class='ocrx_word' id='word_1_175' title='bbox 374 2704 544 2785; x_wconf 84' lang='lat' dir='ltr'><strong>responde:</strong></span> <span class='ocrx_word' id='word_1_176' title='bbox 580 2706 626 2764; x_wconf 88' lang='lat' dir='ltr'><strong>ius</strong></span> <span class='ocrx_word' id='word_1_177' title='bbox 663 2705 883 2784; x_wconf 80' lang='lat' dir='ltr'><strong>interpretandi</strong></span> <span class='ocrx_word' id='word_1_178' title='bbox 925 2708 1090 2785; x_wconf 81' lang='lat' dir='ltr'><strong>scripturos</strong></span> 
     </span>
     <span class='ocr_line' id='line_1_30' title="bbox 169 2788 1091 2868; baseline -0.001 -19"><span class='ocrx_word' id='word_1_179' title='bbox 169 2807 268 2868; x_wconf 84' lang='lat' dir='ltr'><strong>acque</strong></span> <span class='ocrx_word' id='word_1_180' title='bbox 287 2790 385 2849; x_wconf 81' lang='lat' dir='ltr'><strong>Laicis</strong></span> <span class='ocrx_word' id='word_1_181' title='bbox 403 2807 586 2848; x_wconf 82' lang='lat' dir='ltr'><strong>concessum</strong></span> <span class='ocrx_word' id='word_1_182' title='bbox 605 2794 776 2866; x_wconf 84' lang='lat' dir='ltr'><strong>essentque</strong></span> <span class='ocrx_word' id='word_1_183' title='bbox 788 2788 897 2849; x_wconf 89' lang='lat' dir='ltr'><strong>doctis.</strong></span> <span class='ocrx_word' id='word_1_184' title='bbox 926 2789 972 2852; x_wconf 76' lang='lat' dir='ltr'><strong>Et·</strong></span> <span class='ocrx_word' id='word_1_185' title='bbox 988 2809 1091 2868; x_wconf 79' lang='lat' dir='ltr'><strong>qucrn-</strong></span> 
     </span>
     <span class='ocr_line' id='line_1_31' title="bbox 170 2870 1092 2950; baseline -0.001 -18"><span class='ocrx_word' id='word_1_186' title='bbox 170 2872 335 2932; x_wconf 84' lang='lat' dir='ltr'><strong>sdmodum</strong></span> <span class='ocrx_word' id='word_1_187' title='bbox 367 2871 446 2949; x_wconf 81' lang='lat' dir='ltr'><strong>iilis,</strong></span> <span class='ocrx_word' id='word_1_188' title='bbox 488 2873 531 2932; x_wconf 87' lang='lat' dir='ltr'><strong>ita</strong></span> <span class='ocrx_word' id='word_1_189' title='bbox 558 2872 648 2932; x_wconf 88' lang='lat' dir='ltr'><strong>nobis</strong></span> <span class='ocrx_word' id='word_1_190' title='bbox 677 2889 801 2950; x_wconf 91' lang='lat' dir='ltr'><strong>quoque</strong></span> <span class='ocrx_word' id='word_1_191' title='bbox 829 2870 1004 2932; x_wconf 88' lang='lat' dir='ltr'><strong>mandatum</strong></span> <span class='ocrx_word' id='word_1_192' title='bbox 1035 2885 1092 2947; x_wconf 81' lang='lat' dir='ltr'><strong>est,</strong></span> 
     </span>
     <span class='ocr_line' id='line_1_32' title="bbox 170 2950 1139 3031; baseline -0.001 -16"><span class='ocrx_word' id='word_1_193' title='bbox 170 2960 203 3015; x_wconf 87' lang='lat' dir='ltr'><strong>ut</strong></span> <span class='ocrx_word' id='word_1_194' title='bbox 217 2955 376 3015; x_wconf 89' lang='lat' dir='ltr'><strong>credamus</strong></span> <span class='ocrx_word' id='word_1_195' title='bbox 390 2956 421 3014; x_wconf 92' lang='lat' dir='ltr'><strong>in</strong></span> <span class='ocrx_word' id='word_1_196' title='bbox 437 2956 544 3031; x_wconf 82' lang='lat' dir='ltr'><strong>Deum,</strong></span> <span class='ocrx_word' id='word_1_197' title='bbox 567 2963 600 3014; x_wconf 90' lang='lat' dir='ltr'><strong>ut</strong></span> <span class='ocrx_word' id='word_1_198' title='bbox 616 2961 752 3016; x_wconf 83' lang='lat' dir='ltr'><strong>nostram</strong></span> <span class='ocrx_word' id='word_1_199' title='bbox 767 2953 859 3017; x_wconf 84' lang='lat' dir='ltr'><strong>fidem</strong></span> <span class='ocrx_word' id='word_1_200' title='bbox 879 2955 1091 3029; x_wconf 67' lang='lat' dir='ltr'><strong>confiteamur,</strong></span> <span class='ocrx_word' id='word_1_201' title='bbox 1136 2950 1139 2963; x_wconf 76' lang='grc'><strong>”</strong></span> 
     </span>
     <span class='ocr_line' id='line_1_33' title="bbox 169 3037 1090 3119; baseline -0.003 -20"><span class='ocrx_word' id='word_1_202' title='bbox 169 3056 208 3100; x_wconf 83' lang='lat' dir='ltr'><strong>ec</strong></span> <span class='ocrx_word' id='word_1_203' title='bbox 229 3040 336 3099; x_wconf 84' lang='lat' dir='ltr'><strong>omnis</strong></span> <span class='ocrx_word' id='word_1_204' title='bbox 357 3045 523 3119; x_wconf 87' lang='lat' dir='ltr'><strong>praecepta</strong></span> <span class='ocrx_word' id='word_1_205' title='bbox 542 3038 599 3097; x_wconf 89' lang='lat' dir='ltr'><strong>Dei</strong></span> <span class='ocrx_word' id='word_1_206' title='bbox 621 3056 787 3100; x_wconf 83' lang='lat' dir='ltr'><strong>servemus.</strong></span> <span class='ocrx_word' id='word_1_207' title='bbox 830 3037 1090 3098; x_wconf 85' lang='lat' dir='ltr'><strong>Habemusenim</strong></span> 
     </span>
     <span class='ocr_line' id='line_1_34' title="bbox 169 3120 1091 3200; baseline -0.001 -18"><span class='ocrx_word' id='word_1_208' title='bbox 169 3121 301 3182; x_wconf 84' lang='lat' dir='ltr'><strong>eundern</strong></span> <span class='ocrx_word' id='word_1_209' title='bbox 324 3122 436 3200; x_wconf 79' lang='lat' dir='ltr'><strong>Deum,</strong></span> <span class='ocrx_word' id='word_1_210' title='bbox 465 3140 555 3200; x_wconf 84' lang='lat' dir='ltr'><strong>quern</strong></span> <span class='ocrx_word' id='word_1_211' title='bbox 584 3123 641 3200; x_wconf 91' lang='lat' dir='ltr'><strong>ipsi</strong></span> <span class='ocrx_word' id='word_1_212' title='bbox 669 3120 782 3181; x_wconf 81' lang='lat' dir='ltr'><strong>habere</strong></span> <span class='ocrx_word' id='word_1_213' title='bbox 812 3120 987 3196; x_wconf 77' lang='lat' dir='ltr'><strong>sedicunt,</strong></span> <span class='ocrx_word' id='word_1_214' title='bbox 1017 3139 1091 3200; x_wconf 91' lang='lat' dir='ltr'><strong>quo-</strong></span> 
     </span>
     <span class='ocr_line' id='line_1_35' title="bbox 170 3203 1091 3285; baseline -0.002 -20"><span class='ocrx_word' id='word_1_215' title='bbox 170 3205 264 3266; x_wconf 91' lang='lat' dir='ltr'><strong>modo</strong></span> <span class='ocrx_word' id='word_1_216' title='bbox 293 3213 395 3265; x_wconf 87' lang='lat' dir='ltr'><strong>autern</strong></span> <span class='ocrx_word' id='word_1_217' title='bbox 423 3203 600 3281; x_wconf 82' lang='lat' dir='ltr'><strong>credemus,</strong></span> <span class='ocrx_word' id='word_1_218' title='bbox 628 3205 653 3264; x_wconf 93' lang='lat' dir='ltr'><strong>si</strong></span> <span class='ocrx_word' id='word_1_219' title='bbox 682 3211 734 3263; x_wconf 90' lang='lat' dir='ltr'><strong>aut</strong></span> <span class='ocrx_word' id='word_1_220' title='bbox 756 3204 881 3264; x_wconf 86' lang='lat' dir='ltr'><strong>verbum</strong></span> <span class='ocrx_word' id='word_1_221' title='bbox 904 3205 1091 3285; x_wconf 80' lang='lat' dir='ltr'><strong>ignoremus,</strong></span> 
     </span>
     <span class='ocr_line' id='line_1_36' title="bbox 170 3287 1092 3369; baseline -0.002 -20"><span class='ocrx_word' id='word_1_222' title='bbox 170 3295 224 3349; x_wconf 76' lang='lat' dir='ltr'><strong>tut</strong></span> <span class='ocrx_word' id='word_1_223' title='bbox 252 3309 313 3348; x_wconf 90' lang='lat' dir='ltr'><strong>non</strong></span> <span class='ocrx_word' id='word_1_224' title='bbox 337 3289 560 3369; x_wconf 73' lang='lat' dir='ltr'><strong>intelligamus,</strong></span> <span class='ocrx_word' id='word_1_225' title='bbox 588 3305 657 3346; x_wconf 89' lang='lat' dir='ltr'><strong>oum</strong></span> <span class='ocrx_word' id='word_1_226' title='bbox 681 3306 755 3367; x_wconf 78' lang='lat' dir='ltr'><strong>ergo</strong></span> <span class='ocrx_word' id='word_1_227' title='bbox 778 3289 955 3347; x_wconf 84' lang='lat' dir='ltr'><strong>urendatum</strong></span> <span class='ocrx_word' id='word_1_228' title='bbox 980 3287 1092 3354; x_wconf 84' lang='lat' dir='ltr'><strong>habec-</strong></span> 
     </span>
     <span class='ocr_line' id='line_1_37' title="bbox 171 3370 1092 3451; baseline 0.003 -19"><span class='ocrx_word' id='word_1_229' title='bbox 171 3390 247 3450; x_wconf 83' lang='lat' dir='ltr'><strong>mus‚</strong></span> <span class='ocrx_word' id='word_1_230' title='bbox 272 3379 304 3432; x_wconf 89' lang='lat' dir='ltr'><strong>ut</strong></span> <span class='ocrx_word' id='word_1_231' title='bbox 327 3371 502 3445; x_wconf 72' lang='lat' dir='ltr'><strong>credemus,</strong></span> <span class='ocrx_word' id='word_1_232' title='bbox 525 3389 653 3430; x_wconf 88' lang='lat' dir='ltr'><strong>necesse</strong></span> <span class='ocrx_word' id='word_1_233' title='bbox 675 3389 799 3449; x_wconf 87' lang='lat' dir='ltr'><strong>quoquc</strong></span> <span class='ocrx_word' id='word_1_234' title='bbox 821 3380 877 3451; x_wconf 85' lang='lat' dir='ltr'><strong>est,</strong></span> <span class='ocrx_word' id='word_1_235' title='bbox 900 3377 935 3431; x_wconf 90' lang='lat' dir='ltr'><strong>nt</strong></span> <span class='ocrx_word' id='word_1_236' title='bbox 954 3370 1092 3441; x_wconf 68' lang='lat' dir='ltr'><strong>verbnm,</strong></span> 
     </span>
     <span class='ocr_line' id='line_1_38' title="bbox 170 3453 1093 3533; baseline -0.002 -18"><span class='ocrx_word' id='word_1_237' title='bbox 170 3457 219 3515; x_wconf 91' lang='lat' dir='ltr'><strong>cui</strong></span> <span class='ocrx_word' id='word_1_238' title='bbox 246 3455 433 3516; x_wconf 90' lang='lat' dir='ltr'><strong>eredendum</strong></span> <span class='ocrx_word' id='word_1_239' title='bbox 461 3461 525 3530; x_wconf 85' lang='lat' dir='ltr'><strong>est,</strong></span> <span class='ocrx_word' id='word_1_240' title='bbox 556 3455 698 3516; x_wconf 81' lang='lat' dir='ltr'><strong>sciamus.</strong></span> <span class='ocrx_word' id='word_1_241' title='bbox 743 3453 849 3532; x_wconf 87' lang='lat' dir='ltr'><strong>Neque</strong></span> <span class='ocrx_word' id='word_1_242' title='bbox 879 3455 959 3513; x_wconf 89' lang='lat' dir='ltr'><strong>enim</strong></span> <span class='ocrx_word' id='word_1_243' title='bbox 989 3459 1093 3533; x_wconf 87' lang='lat' dir='ltr'><strong>potest</strong></span> 
     </span>
     <span class='ocr_line' id='line_1_39' title="bbox 171 3538 555 3599; baseline -0.005 0"><span class='ocrx_word' id='word_1_244' title='bbox 171 3557 241 3599; x_wconf 87' lang='lat' dir='ltr'><strong>csse</strong></span> <span class='ocrx_word' id='word_1_245' title='bbox 262 3538 338 3599; x_wconf 88' lang='lat' dir='ltr'><strong>fides</strong></span> <span class='ocrx_word' id='word_1_246' title='bbox 361 3540 427 3598; x_wconf 90' lang='lat' dir='ltr'><strong>sine</strong></span> <span class='ocrx_word' id='word_1_247' title='bbox 451 3538 555 3598; x_wconf 86' lang='lat' dir='ltr'><strong>verbo.</strong></span> 
     </span>
    </p>

    <p class='ocr_par' dir='ltr' id='par_1_6' title="bbox 165 3617 1093 3871">
     <span class='ocr_line' id='line_1_40' title="bbox 255 3617 1091 3699; baseline -0.005 -18"><span class='ocrx_word' id='word_1_248' title='bbox 255 3623 417 3683; x_wconf 88' lang='lat' dir='ltr'><strong>Praeterea</strong></span> <span class='ocrx_word' id='word_1_249' title='bbox 446 3621 506 3682; x_wconf 84' lang='lat' dir='ltr'><strong>hoe</strong></span> <span class='ocrx_word' id='word_1_250' title='bbox 528 3638 651 3699; x_wconf 90' lang='lat' dir='ltr'><strong>quoque</strong></span> <span class='ocrx_word' id='word_1_251' title='bbox 674 3620 762 3681; x_wconf 91' lang='lat' dir='ltr'><strong>nobis</strong></span> <span class='ocrx_word' id='word_1_252' title='bbox 786 3618 950 3694; x_wconf 75' lang='lat' dir='ltr'><strong>incumbit,</strong></span> <span class='ocrx_word' id='word_1_253' title='bbox 980 3626 1014 3684; x_wconf 82' lang='lat' dir='ltr'><strong>ot</strong></span> <span class='ocrx_word' id='word_1_254' title='bbox 1036 3617 1091 3677; x_wconf 86' lang='lat' dir='ltr'><strong>ilio</strong></span> 
     </span>
     <span class='ocr_line' id='line_1_41' title="bbox 171 3699 1092 3783; baseline -0.009 -15"><span class='ocrx_word' id='word_1_255' title='bbox 171 3705 266 3768; x_wconf 74' lang='lat' dir='ltr'><strong>verbo</strong></span> <span class='ocrx_word' id='word_1_256' title='bbox 295 3707 445 3783; x_wconf 85' lang='lat' dir='ltr'><strong>nitamur,</strong></span> <span class='ocrx_word' id='word_1_257' title='bbox 473 3712 505 3776; x_wconf 84' lang='lat' dir='ltr'><strong>et</strong></span> <span class='ocrx_word' id='word_1_258' title='bbox 533 3711 640 3763; x_wconf 84' lang='lat' dir='ltr'><strong>contra</strong></span> <span class='ocrx_word' id='word_1_259' title='bbox 662 3721 772 3763; x_wconf 89' lang='lat' dir='ltr'><strong>omnes</strong></span> <span class='ocrx_word' id='word_1_260' title='bbox 795 3701 925 3761; x_wconf 85' lang='lat' dir='ltr'><strong>insultus</strong></span> <span class='ocrx_word' id='word_1_261' title='bbox 948 3699 1092 3772; x_wconf 73' lang='lat' dir='ltr'><strong>Satanae,</strong></span> 
     </span>
     <span class='ocr_line' id='line_1_42' title="bbox 165 3785 1093 3871; baseline -0.009 -20"><span class='ocrx_word' id='word_1_262' title='bbox 165 3791 302 3871; x_wconf 37' lang='lat' dir='ltr'><strong>pcccati*</strong></span> <span class='ocrx_word' id='word_1_263' title='bbox 318 3798 350 3849; x_wconf 86' lang='lat' dir='ltr'><strong>et</strong></span> <span class='ocrx_word' id='word_1_264' title='bbox 379 3788 480 3855; x_wconf 87' lang='lat' dir='ltr'><strong>mundi</strong></span> <span class='ocrx_word' id='word_1_265' title='bbox 497 3806 561 3847; x_wconf 90' lang='lat' dir='ltr'><strong>nos</strong></span> <span class='ocrx_word' id='word_1_266' title='bbox 585 3785 809 3863; x_wconf 79' lang='lat' dir='ltr'><strong>defendamus,</strong></span> <span class='ocrx_word' id='word_1_267' title='bbox 840 3786 929 3862; x_wconf 85' lang='lat' dir='ltr'><strong>item,</strong></span> <span class='ocrx_word' id='word_1_268' title='bbox 958 3789 1093 3862; x_wconf 73' lang='lat' dir='ltr'><strong>utque</strong></span> 
     </span>
    </p>
   </div>
   <div class='ocr_carea' id='block_1_3' title="bbox 0 0 1179 4208">
    <p class='ocr_par' dir='ltr' id='par_1_7' title="bbox 0 0 1179 4208">
     <span class='ocr_line' id='line_1_43' title="bbox 0 0 1179 4208; baseline 0 0"><span class='ocrx_word' id='word_1_269' title='bbox 0 0 1179 4208; x_wconf 95' lang='lat' dir='ltr'><strong> </strong></span> 
     </span>
    </p>
   </div>
  </div>
 </body>
</html>
