2346 4208
351 258 403 315 pec
420 244 624 300 Laborantibus
645 248 674 299 ut
691 242 828 299 Ousrstis.
1000 237 1042 306 96

120 429 267 510 angustis
286 435 403 509 nostro,
425 448 525 510 neque
548 432 627 493 enim
656 431 896 512 praesentiorem
919 448 1042 492 menum

120 511 181 575 bei
203 531 351 593 superse
372 513 501 593 quilibet
522 515 630 594 sentit,
668 533 760 594 quum
790 513 861 575 dum
894 514 1045 594 recogitet

121 614 225 663 unnos
259 597 342 656 vitoe
364 599 558 677 prseteritos.
607 598 689 658 Dicit
708 597 743 661 B.
767 597 973 678 Augustinus:
1011 595 1043 657 si

118 678 241 741 bomini
264 677 386 741 deretur
408 681 510 760 optio,
538 691 571 740 ut
592 688 646 740 sut
673 688 857 760 moreretur,
884 689 937 740 sut
956 697 1043 760 pruc·

121 763 249 835 teritum,
266 763 361 830 vitum
385 783 472 824 susm
493 764 601 824 iterum
616 770 733 844 egeret,
755 763 886 824 futurum
910 782 989 840 esse,
1011 769 1044 823 ut

123 845 203 909 mori
225 843 371 925 eligeret,
387 897 391 903 .
410 853 496 908 tonte
528 854 559 907 et
590 847 727 927 periculo
756 853 788 907 et
819 847 901 907 mels
923 845 1042 923 videus,

121 947 216 1008 quse,
234 929 285 988 vix
313 936 345 991 et
371 949 464 1010 aegre
492 931 639 990 evsserit:
670 949 750 1010 quoe
773 931 927 991 sententio
952 929 1044 990 serie
1102 1006 1106 1012 Α

120 1012 203 1074 sirus
224 1017 281 1091 est,
303 1013 330 1073 si
351 1010 444 1093 digne
465 1019 622 1094 pensetur.

204 1093 262 1154 Hic
284 1096 365 1155 euim
388 1115 514 1156 cernere
533 1096 615 1176 licet,
638 1099 759 1175 quoties
773 1097 840 1157 siue
860 1114 917 1156 suo
931 1094 1044 1171 studio,

121 1179 191 1239 sine
212 1195 296 1254 curs,
317 1180 379 1240 imo
403 1181 479 1239 citro
500 1185 534 1241 et
549 1186 663 1259 contre
693 1185 799 1240 votum
815 1179 918 1239 ,multe
939 1177 1046 1238 fecerit

122 1269 156 1323 ct
177 1280 287 1340 possus
308 1263 362 1339 sit,
392 1281 521 1341 quorum
549 1254 630 1325 s'dec
659 1281 722 1324 nou
744 1261 851 1324 habuit
872 1261 1045 1337 consilium,

120 1351 290 1423 uutuqucm
317 1345 443 1426 fierent,
471 1353 524 1406 sut
556 1345 628 1407 dum
665 1353 860 1425 gererentur,
893 1353 926 1405 ut
955 1343 1045 1407 finito

123 1446 221 1507 opere
242 1447 348 1488 secum
371 1431 501 1508 mirone,
533 1436 597 1490 tum
624 1430 753 1510 primum
778 1437 907 1510 cogetur
927 1427 1045 1489 dicere:

123 1502 278 1586 Quorsum
299 1511 378 1573 boec
399 1513 473 1573 mihi
495 1518 671 1590 cesserunt,
700 1530 779 1592 quse
813 1530 872 1572 nec
900 1513 1045 1592 cogitosi,

123 1601 181 1655 sut
194 1594 288 1676 louge
311 1595 374 1657 siis
394 1595 550 1675 cogitavi?
589 1595 637 1656 Ito
666 1600 699 1655 ut
726 1614 832 1655 verum
863 1596 902 1653 sit
922 1613 1046 1674 prover·

123 1677 225 1740 bium-2
245 1676 350 1741 Homo
371 1681 526 1758 proponit,
548 1679 632 1739 Deus
650 1685 754 1738 autem
770 1678 916 1756 disponit,
936 1675 969 1737 id
990 1685 1047 1755 est,

123 1762 157 1829 iu
178 1759 334 1826 diversum
359 1765 461 1842 ponit,
491 1768 523 1823 et
544 1761 628 1823 uliud
657 1780 747 1840 quum
776 1761 871 1822 homo
901 1761 1048 1840 proponit

124 1842 237 1925 effluit,
268 1854 301 1906 ut
327 1845 378 1905 vel
403 1843 438 1905 in'
463 1845 523 1906 hoe
552 1865 613 1906 uno
643 1863 758 1925 negare
787 1863 850 1905 non
880 1844 1046 1924 possimus,

125 1929 225 1989 vitum
243 1935 276 1989 et
296 1934 384 1989 ectus
406 1935 529 1990 nostros
552 1948 615 1990 uon
643 1935 752 1990 nosue
781 1927 958 2008 prudentis,
990 1926 1046 1987 scd

123 2009 257 2073 mirabili
279 2013 420 2091 potentio
441 2019 473 2072 et
493 2012 639 2092 consitio,
662 2017 694 2072 et
712 2011 853 2074 bonitate
874 2011 930 2070 Dei
953 2010 1047 2070 fuisse

122 2093 327 2174 gubernatum
345 2093 388 2176 1).
429 2095 486 2155 Hic
514 2097 710 2176 perspicitur,
738 2096 860 2174 quoties
882 2095 964 2154 Deus
994 2114 1049 2154 no-

124 2179 243 2239 biscum
265 2178 373 2256 fuerit,
404 2177 454 2239 ubi
481 2198 539 2239 nec
567 2179 697 2239 vidimus
727 2197 786 2239 nec
814 2179 981 2254 sensimus,
1009 2196 1048 2235 ec

125 2279 219 2340 quom
241 2281 313 2322 vere
334 2261 447 2322 dixerit
469 2263 590 2322 Petrus:
635 2264 695 2342 ipsi
722 2265 803 2322 enim
833 2269 880 2322 est
908 2258 1049 2321 curedo

125 2344 217 2406 nobis
239 2345 390 2417 omnibus.

211 2426 312 2501 Quare
335 2429 359 2488 si
382 2448 444 2488 non
467 2435 572 2489 essent
593 2428 661 2490 libri
683 2448 784 2508 neque
807 2447 983 2506 sermones,
1005 2435 1048 2488 ts·

125 2529 197 2572 men
220 2513 290 2591 ipso
312 2518 419 2572 nostro
440 2513 568 2592 vitoper
588 2518 636 2572 tot
652 2511 734 2572 mule
746 2518 777 2572 et
789 2512 927 2591 periculo
948 2512 1048 2592 ducto,

126 2595 153 2653 si
186 2593 412 2674 consideretur,
441 2595 563 2657 abunde
597 2594 687 2656 nobis
716 2595 850 2656 divinum
878 2595 1048 2655 bonitatem

126 2678 327 2740 sommendat
352 2680 634 2758 praesentissimum
669 2681 701 2738 et
728 2675 940 2738 suavissimam
969 2697 1049 2754 esse,

126 2767 162 2821 ut
182 2779 262 2840 quse
284 2781 341 2822 nus
363 2762 458 2843 longe
485 2763 563 2822 uitro
592 2761 753 2822 consilium
784 2767 815 2820 et
843 2780 966 2822 sensum
996 2782 1049 2822 no·

126 2851 223 2905 strum
255 2845 347 2905 velut
373 2847 403 2904 iu
439 2848 507 2906 sinu
543 2865 598 2907 suo
631 2845 781 2925 portavit,
819 2850 851 2904 et
885 2851 919 2905 ut
945 2845 1048 2905 Moses

126 2928 217 2988 Dent.
242 2931 290 2992 32.
314 2928 402 2989 dicit:
426 2931 575 2990 Dominus
597 2927 762 2989 custodivit
783 2946 864 3004 eum,
886 2929 973 3006 quasi
995 2948 1048 3009 pu-

126 3011 233 3091 pillam
257 3011 339 3072 oculi
361 3013 424 3091 sui,
453 3011 655 3075 circumduxit
683 3032 770 3090 eum,
799 3018 830 3071 et
860 3012 995 3091 portavit
1016 3015 1049 3074 iu

126 3094 262 3154 humeris
285 3096 359 3155 suis.

212 3179 314 3258 Atque
344 3178 416 3239 hinc
437 3186 529 3240 notae
558 3186 628 3239 sunt
655 3179 888 3240 exhortationes
917 3177 989 3238 iilae
1018 3181 1048 3238 in

127 3261 295 3323 Psalterio:
319 3262 438 3323 Memor
459 3262 500 3321 fui
524 3263 640 3323 dierum
657 3264 862 3342 antiquorum,
885 3261 1049 3324 meditatus

127 3365 196 3405 sum
218 3349 249 3406 in
273 3346 414 3407 omnibus
435 3346 580 3426 operibus
599 3348 669 3425 turis,
691 3354 723 3407 et
743 3349 773 3407 in
796 3347 885 3407 foetis
905 3366 1048 3407 munuum

127 3437 247 3495 tuorum
271 3429 448 3491 meditobar.
478 3431 601 3491 Memor
623 3451 675 3491 ero
699 3430 737 3491 ab
756 3431 844 3492 initio
867 3429 1049 3491 mirabilium

127 3521 270 3591 tucrum,
292 3520 324 3573 et
345 3532 463 3574 memor
485 3513 526 3572 fui
548 3514 728 3575 iudiciorum
749 3502 890 3592 iuorum,
924 3521 955 3574 et
978 3534 1050 3576 con·

127 3596 246 3657 solutus
269 3616 345 3657 sum.
387 3596 474 3658 Haeo
496 3605 526 3657 et
547 3597 658 3657 similia
679 3597 738 3658 hue
768 3606 909 3677 spectent
937 3599 1050 3675 omnio,

348 3734 557 3747 -a--n-—ae--w--o

203 3790 234 3856 1)
256 3791 285 3841 Ιιι
306 3789 349 3842 cd.
368 3756 440 3841 ten-z
459 3789 624 3858 gubernatu.
