2346 4208
333 229 430 279 contra
448 239 557 278 errores
576 223 611 280 M.
631 221 710 278 Loth.
921 212 1001 282 2992.

61 409 439 491 consociatissima,
474 431 643 492 omnesque
666 416 696 471 et
718 408 856 491 singulos
880 427 998 490 supra.

60 495 181 574 dictos,
204 495 255 576 qui
276 495 382 576 elapso
406 497 535 557 termino
558 494 731 556 huiusmodi
755 492 908 554 mandatis
930 511 1000 555 seu-

61 576 190 643 monitis
211 579 326 651 nonnis
349 597 410 638 non
434 581 608 659 paruerint,
645 579 675 639 in
699 597 803 637 eorum
835 575 985 650 ecclesiis,
1010 616 1013 621 -

60 661 226 739 dominicis
248 669 279 722 et
300 661 367 721 aliis
390 662 506 725 festivis
536 662 657 737 diebus,
691 661 763 721 dum
785 658 858 721 inibi
888 659 986 721 maior

60 742 172 826 populi
196 738 357 805 multitudo
392 743 431 804 ad
458 744 562 807 divina
583 745 777 819 convenerit,
797 742 1001 805 declaratos.

61 828 237 889 haereticos
261 835 291 887 et
313 827 535 890 condemnatos
548 828 669 908 publica
685 827 839 906 nuncient,
860 825 986 885 faciant

62 930 124 991 que
147 915 179 985 st
213 909 358 986 mandent
380 910 417 972 ab
441 911 508 972 aliis
531 913 685 986 nuucisri,
719 919 751 972 et
773 909 810 969 ab
843 906 985 969 omnibus
1014 976 1017 981 ¹

62 994 177 1055 arctius
200 992 318 1071 evitari,
341 1012 398 1054 nec
422 1013 484 1055 non
507 994 647 1074 omnibus
669 990 932 1068 Christilidelibus‚
955 995 988 1050 ut

62 1096 119 1138 eos
144 1076 260 1136 evitent
282 1077 347 1156 pari
371 1077 481 1156 modo,
513 1078 568 1138 sub
598 1077 760 1157 praedictis
791 1074 927 1135 censuris
956 1074 988 1135 et

62 1160 194 1241 poenis:
237 1165 268 1220 et
300 1167 478 1240 praesentes
514 1162 637 1239 literas,
672 1160 720 1220 vel
753 1179 855 1220 earum
891 1164 987 1217 trans-

63 1249 218 1324 sumptum
242 1241 298 1304 sub
321 1243 421 1305 forma
441 1243 519 1304 infra
542 1244 655 1324 scripta
676 1245 790 1304 lactum
826 1243 856 1301 in
880 1259 985 1300 eorum

63 1326 223 1402 ecclesiis,
258 1328 470 1402 monasteriis,
505 1328 662 1403 domibus,
699 1324 916 1400 conventibus,
956 1327 988 1383 et

63 1409 132 1470 aliis
155 1404 233 1468 locis
255 1408 332 1489 legi,
355 1408 518 1490 publicari,
542 1418 633 1490 atque
655 1409 738 1489 alfigi
760 1408 883 1468 faciant.

148 1490 184 1574 a)
213 1489 293 1551 Nihil
314 1490 387 1552 lacit
410 1493 508 1572 aliud,
532 1513 622 1573 quarn
646 1477 787 1568 mandat,
809 1489 909 1565 iubet,
931 1490 985 1548 im·

105 1581 209 1654 perat,
237 1572 390 1654 decernit,
420 1583 520 1653 vetat,
542 1575 678 1655 inhibet,
706 1582 826 1651 terret,¹
846 1573 988 1646 minatur,
1013 1620 1016 1625 .

105 1657 247 1717 nimirum
268 1655 490 1738 Imperatorem
519 1659 654 1720 ostendit
683 1675 727 1720 se.
769 1657 883 1716 Verum
912 1655 987 1714 heus

107 1748 151 1817 tu,
173 1738 248 1818 Leo,
272 1739 311 1800 ne
333 1741 474 1822 superbi,
495 1743 577 1803 Deus
602 1744 681 1803 enirn
703 1740 841 1822 superbis
864 1738 987 1814 resistit,

39 1846 43 1855 ¹
104 1821 273 1883 humilibus
296 1830 398 1884 autem
421 1824 472 1885 dat
493 1827 633 1906 gratiam.

148 1906 508 1990 Excommunicamusa)
544 1928 669 1990 quoqne
699 1914 731 1967 et
752 1904 988 1967 anathematiza-

66 2009 132 2050 mus
158 2006 266 2048 omnes
296 1996 327 2050 et
355 1991 510 2072 singulm,
544 1993 750 2069 cuiuscunque
772 1996 893 2066 status,
921 2006 987 2066 gra

64 2073 137 2151 dus,
161 2070 357 2150 conditionis,
381 2074 650 2154 praeeminentiae,
673 2073 837 2154 dignitatis,
862 2076 915 2131 aut
936 2089 987 2131 ex-

63 2154 229 2215 cellentiae
251 2155 380 2234 fuerint,
404 2158 473 2236 qui,
495 2160 656 2237 quominus
680 2163 858 2236 praesentes
880 2154 993 2226 literae,

63 2239 113 2299 vel
137 2257 241 2297 earum
265 2245 486 2319 transsumpta,
508 2243 634 2321 copiae,
657 2261 710 2300 scu
734 2239 932 2317 exemplaria,
955 2239 986 2297 in

62 2323 127 2381 suis
151 2322 238 2380 terris
261 2327 291 2380 et
312 2321 454 2382 dominiis
478 2324 556 2404 legi,
588 2324 671 2404 affigi
694 2329 725 2383 et
747 2322 894 2402 publicari
917 2339 986 2399 pos·

62 2407 135 2481 sint,
158 2402 296 2481 fecerint,
319 2404 371 2464 vel
393 2425 517 2484 quoquo
543 2407 634 2466 modo
659 2406 909 2484 procuraverint,
934 2422 988 2482 per

62 2509 98 2548 se
121 2486 171 2545 vel
194 2485 285 2545 alium
310 2507 365 2547 seu
387 2490 480 2566 alios,
504 2489 624 2567 publice
647 2488 695 2548 vel
720 2488 851 2565 occulte,
874 2487 989 2547 directe

62 2570 115 2631 vel
138 2568 303 2647 indirecte,
331 2572 423 2632 tacita
446 2572 496 2631 vel
518 2592 673 2652 expresse.
719 2640 721 2645 y

104 2652 140 2720 a)
166 2650 303 2712 Tandem
333 2652 371 2712 ad
406 2654 545 2714 ultimum
579 2656 684 2716 evadit
718 2655 844 2715 leonina
871 2655 986 2731 feritas,

105 2734 172 2812 ubi,
213 2737 237 2793 si
261 2737 291 2795 in
314 2736 372 2796 isto
407 2739 589 2799 musicorum
621 2747 740 2799 tucrum
764 2738 892 2816 strepitu
915 2738 988 2797 licet

69 2832 79 2839 ·
104 2815 212 2877 audire
235 2817 299 2895 tibi,
321 2817 395 2896 Leo,
419 2822 496 2881 scire
519 2823 621 2901 cupio,
644 2841 705 2900 qua
719 2820 906 2880 confidentia
927 2821 988 2880 hoo

105 2918 190 2980 agas.
236 2900 368 2961 Putasne
402 2905 432 2962 in
467 2911 517 2964 tua
548 2925 616 2964 esse
639 2910 793 2985 potestate
816 2901 987 2965 interlicere

105 2983 240 3059 animas,
264 2982 344 3062 qnae
366 3005 427 3045 non
450 2989 635 3063 moriuntur,
663 2996 694 3046 et
716 2985 885 3062 vivificare,
909 3005 988 3064 quae

106 3066 323 3126 norrvivunt‘?
357 3065 458 3141 Quare
490 3077 591 3130 autem
625 3070 760 3130 mentiris
791 3069 905 3147 populo
930 3069 1011 3129 oei,

105 3147 244 3208 credenti
268 3149 458 3211 mendaciis?
488 3152 539 3212 An
562 3154 648 3213 nefas
672 3159 755 3212 esset
775 3152 851 3228 hoc,
876 3152 901 3211 si
924 3170 988 3212 non

104 3230 204 3291 solnm
228 3231 410 3295 sceleratam
434 3235 515 3295 hanc
535 3256 553 3295 a
575 3238 665 3297 nobis
684 3235 802 3296 Bullam
827 3241 858 3295 et
879 3253 987 3294 omnes

104 3314 176 3372 huic
200 3314 314 3374 similes
336 3315 455 3378 fortiter
476 3320 674 3379 arceremus?
704 3318 757 3379 sed
782 3326 813 3378 et
829 3318 915 3397 ipsos
938 3336 987 3378 oo·

105 3396 277 3456 cideremus
299 3398 423 3477 publice
445 3401 601 3461 Bullarum
626 3400 806 3481 caupones?

146 3479 307 3539 Postremo
323 3479 379 3562 a),
425 3485 496 3563 quia
530 3484 654 3544 difficile
694 3486 774 3548 foret
808 3489 987 3564 praesentes

61 3564 167 3625 literas
197 3562 236 3622 ad
266 3563 386 3643 singula
409 3585 548 3646 quaeque
571 3567 641 3628 loca
664 3567 793 3643 deferri,
825 3567 856 3625 in
880 3564 987 3644 quibus

62 3646 270 3708 necessarium
294 3646 384 3725 foret,
406 3650 557 3727 volumus,
581 3658 612 3710 et
629 3651 802 3730 apostolica
824 3649 988 3709 autoritate

62 3729 269 3809 decernimus,
292 3731 375 3808 quod
396 3752 499 3807 earum
523 3735 735 3815 transsumptis
758 3751 851 3821 manu
873 3731 987 3815 publici
