2346 4208
198 1163 260 1311 Iis
287 1214 594 1337 Disputatione
622 1215 835 1338 Lipsensi,

57 1370 216 1453 quantun
237 1367 279 1436 ad
299 1368 452 1436 Bobenos
474 1369 581 1437 obiter
602 1368 725 1436 deflexa
746 1371 816 1446 est,
840 1368 981 1454 epistola
1008 1376 1010 1380 “

345 1451 530 1536 Hieronymi
552 1452 685 1519 Eusori.

143 1737 303 1832 bohemos
325 1775 386 1830 tam
421 1768 461 1830 de
482 1769 693 1849 disputatione
713 1769 865 1850 Lipsiensi
888 1789 979 1850 quam

56 1850 97 1911 de
108 1850 241 1914 Lutbero
263 1853 332 1934 ipso
354 1854 479 1934 egregie
501 1853 636 1913 sensisse
650 1852 743 1914 faeile
756 1859 804 1913 est
816 1853 978 1916 aoniieere.

57 1933 105 1996 Ob
129 1954 197 1997 eam
229 1956 292 1997 rem
321 1936 412 1997 etiam
447 1935 621 1997 Ioannes
644 1935 863 2014 Poduseka,
896 1956 980 2017 pres·

56 2018 147 2099 byter
169 2017 291 2081 auratus
314 2019 466 2080 eeclesiae
488 2018 681 2080 cathedralis
704 2020 737 2084 B.
750 2019 886 2101 Virginis
908 2019 979 2080 Pra

56 2120 116 2182 gas
144 2111 215 2164 ante
243 2103 337 2165 iatam
359 2102 495 2182 Curiam,
525 2102 576 2164 die
604 2104 652 2166 16.
682 2124 722 2164 m.
744 2102 817 2163 Julii
846 2122 873 2166 a.
900 2105 979 2167 1519
1023 2120 1029 2130 ’

57 2193 89 2244 et
119 2182 169 2246 die
200 2190 248 2250 17.
280 2185 417 2247 eiusdem
452 2188 566 2246 mensis
595 2186 854 2248 Weneeslaus
884 2186 978 2248 Ros·

56 2267 92 2326 di
102 2267 295 2349 eluvione,
308 2270 504 2348 Praepositae
517 2269 649 2351 collegii
663 2271 860 2351 imperatoris
875 2270 978 2332 Caroli

55 2350 137 2431 apud
160 2352 347 2433 Prageuses‚
386 2352 509 2412 Lutheni
531 2355 666 2413 animum
695 2353 882 2433 epistolia*)
908 2373 979 2415 eou-

57 2433 179 2496 firmere
201 2436 379 2514 studebant,
414 2454 494 2514 quae
516 2435 639 2515 Lipsiae
661 2437 776 2518 egisset
797 2439 824 2496 ei
848 2455 978 2519 congra-

56 2515 190 2578 tulantes
213 2526 244 2579 et
264 2519 406 2600 precious
429 2519 682 2598 orationibusque
711 2539 744 2580 se
767 2539 837 2580 eum
860 2520 978 2581 adiutu-

56 2618 108 2660 ros
131 2599 321 2681 profitentes.
365 2601 453 2676 Quae
475 2600 627 2681 epistolae
656 2620 748 2681 quum
771 2600 904 2664 Luthero
929 2605 979 2663 die

56 2683 181 2743 demum
212 2686 301 2746 tertio
330 2686 445 2746 mensis
468 2684 611 2745 Octobris
639 2703 667 2745 a.
693 2687 770 2749 1519
799 2703 854 2765 per
875 2685 977 2747 aulam

56 2765 202 2828 Frideriei
224 2768 374 2847 Principis
398 2768 553 2830 Senoniae
575 2768 715 2828 mittente
727 2767 888 2848 spalatino
909 2768 978 2829 red·

55 2849 140 2910 ditae
174 2853 236 2911 sint
260 2852 315 2931 (ef.
339 2851 425 2911 Luth.
448 2850 527 2930 Epp.
557 2850 605 2911 ed.
632 2851 729 2914 Auris.
750 2852 764 2912 I
787 2872 816 2931 p.
839 2853 898 2915 209
922 2872 978 2933 sq„

57 2932 97 2993 de
118 2932 259 2994 Wettel
287 2955 316 3014 p.
340 2937 417 3012 341,
447 2934 518 2996 0011.
540 2934 568 2995 J.
592 2935 661 2997 Car.
679 2935 878 2996 Seidemanni
900 2934 978 2996 libro

56 3018 337 3096 praestantissimo:
361 3018 418 3078 Die
440 3017 599 3098 Leipziger
622 3020 819 3098 DIsputation
841 3020 883 3078 im
904 3018 980 3079 Iehr

57 3101 148 3164 1519.
172 3100 309 3161 Drasdea
333 3108 364 3161 et
385 3101 487 3179 Leipz.
512 3103 602 3179 1843,
627 3101 841 3164 Seokendorfii
864 3101 978 3163 Hister.

56 3181 219 3244 Lutheran.
243 3185 255 3243 I
283 3205 313 3265 p.
336 3186 392 3265 86,
423 3184 557 3246 Wanhii
588 3186 700 3249 introd.
730 3189 760 3247 in
788 3185 875 3247 Luth.
899 3183 978 3265 Opp.
1008 3240 1010 3245 .

55 3265 144 3327 Tam.
167 3266 264 3327 XVIII
295 3288 325 3348 p.
348 3269 425 3348 86),
459 3287 520 3330 non
552 3269 694 3331 absimile
725 3278 772 3330 est
799 3288 889 3348 vero,
918 3268 979 3328 hoe

56 3349 164 3409 harum
187 3350 386 3430 epistolarum
409 3360 622 3433 argumentum
639 3354 699 3413 iam
713 3359 806 3414 autea
821 3350 978 3413 nonnullis

60 3470 480 3480 .--.-—----—---——--———0

127 3517 161 3585 ²¹²)
182 3521 240 3574 Hae
260 3522 403 3590 epistolae,
424 3539 495 3594 quae
515 3524 588 3576 infra
607 3525 681 3590 typIs
703 3521 829 3577 redditae
850 3524 979 3593 000110-

56 3594 112 3646 tine
140 3592 271 3662 leguntur
294 3596 323 3646 in
368 3596 411 3650 ed.
448 3595 509 3648 Jen.
537 3594 608 3664 Opp.
633 3594 711 3647 Luth.
736 3595 761 3657 Ι,
793 3611 818 3663 p.
839 3595 890 3650 387
909 3610 978 3664 sqq.,

54 3667 83 3717 in
104 3666 251 3720 Loeseberi
271 3665 347 3718 Actis
360 3666 511 3721 Reformat.
531 3667 577 3731 111,
597 3683 624 3735 p.
644 3665 706 3734 649,
727 3669 886 3734 germanice
905 3668 979 3736 apud

56 3738 213 3791 WoIchium
232 3737 292 3802 XV,
312 3754 338 3807 p.
360 3737 430 3796 1627
449 3754 491 3808 sq.
782 3735 789 3743 ’

81 3827 174 3868 Lutnert
188 3836 240 3876 opp.
255 3826 281 3867 V.
296 3825 322 3866 Α
337 3827 366 3866 ad
378 3827 418 3870 rei.
432 3826 482 3869 ntst
498 3827 514 3868 1.
527 3837 550 3879 ρ.
566 3827 615 3871 Vol.
630 3827 670 3872 1v.
781 3823 806 3890 1
