2346 4208
169 255 235 324 ΛΜ
403 257 796 326 nimioque-odoi

174 447 908 528 &manimunddiwiumexpaau
940 455 974 508 ιι
1000 466 1095 509 owa-

144 540 264 612 ..inim
292 531 347 592 ilia
371 531 579 591 sollieitudine
600 531 780 592 retinendae
802 533 885 592 ritae
917 531 976 591 oei
1006 551 1092 612 pror·

170 634 226 675 m
248 614 465 690 obliviscatur,
485 624 519 674 ιιι
546 617 620 674 item
641 628 772 675 mortem
793 616 891 695 ing'nt
911 626 944 674 et
962 633 1092 675 exonm

175 697 290 759 lrabeat
350 698 483 758 nuaDei
496 697 687 758 voluntatem
708 697 948 758 renudatum.
968 697 1094 772 Qum

172 782 256 842 enim
287 783 340 841 ι’
406 780 461 840 illa
490 780 530 840 de
562 789 662 841 morte
689 783 838 862 eogitalio
869 782 975 841 animo
1002 781 1095 840 fuerit

171 865 341 944 impressa,
360 872 449 924 tanto
471 863 624 923 diffieilina
645 864 788 943 adeoque
809 866 927 924 maiore
947 882 1019 923 enm
1039 883 1118 944 pe·-

173 946 271 1008 rienlo
294 951 426 1008 mortem
446 947 623 1008 toleramus.

250 1029 307 1090 aie
337 1031 430 1110 igitur
460 1029 634 1090 iaoiendum
666 1042 748 1106 erat,
782 1033 908 1109 saepius
941 1030 1020 1090 baec
1054 1030 1092 1089 de

173 1119 273 1172 morte
299 1113 447 1192 eogiufio
476 1122 544 1173 erat
567 1113 746 1173 reroeanda
771 1115 802 1172 in
829 1115 982 1189 animum,
1019 1112 1092 1172 dnm

174 1195 345 1256 ineolumea
365 1197 512 1273 vivimus,
547 1196 680 1276 dumque
710 1197 818 1275 procul
839 1196 942 1255 adhue
961 1204 1092 1256 mortem

171 1278 288 1342 abesse
309 1297 480 1339 oeneemna.
522 1278 601 1340 Tum
633 1298 702 1338 enm
730 1282 792 1339 iam
820 1278 1014 1339 moriendum
1045 1287 1093 1338 est

171 1378 214 1421 ae
232 1379 292 1421 noa
312 1364 382 1442 ipsa
402 1381 486 1422 mors
507 1371 604 1442 urget,
626 1362 695 1441 plue
712 1363 890 1443 diligentior
902 1363 1010 1422 morfia
1030 1381 1093 1421 me

173 1443 283 1505 ditatio
306 1445 412 1519 obeat,
434 1465 525 1524 quam
547 1446 688 1524 prodeat,
708 1447 773 1505 imo
794 1453 859 1506 tum
881 1446 1010 1506 omnino
1029 1445 1093 1504 alio

172 1524 356 1588 defleetendi
377 1536 449 1587 eunt
468 1529 561 1605 oculi,
583 1535 615 1588 et
635 1548 726 1608 quam
744 1529 927 1608 longissime
942 1527 1094 1588 eiiaiendo

174 1611 278 1670 animo
300 1610 356 1670 illa
382 1612 490 1671 morlia
518 1613 666 1691 ‹rogitatio
687 1618 751 1683 eet,
783 1613 864 1671 sieut
888 1611 968 1670 inira
988 1630 1093 1670 mone

173 1693 284 1754 bimus.
325 1693 405 1753 Nam
428 1713 510 1754 more
531 1702 595 1753 tom
617 1694 739 1754 demum
763 1703 812 1754 est
831 1694 1036 1769 validissima,
1067 1694 1093 1752 ai

162 1774 290 1855 ,alioqui
323 1775 446 1836 infirma
471 1785 580 1836 natura
606 1778 782 1856 importuna
804 1797 841 1836 ae
863 1778 956 1836 nimia
977 1777 1093 1856 eogita

174 1860 258 1918 tione
281 1861 387 1918 morfia
409 1879 444 1919 ae
464 1859 622 1938 defatiget

256 1939 415 2020 Septimo,
436 1941 545 2001 eadem
567 1944 687 2001 ratione
708 1950 741 2000 et
760 1950 921 2020 peecatum
943 1943 1093 2021 augendi,

173 2025 199 2083 ai
221 2025 345 2103 saepius
371 2032 403 2083 et
430 2025 522 2082 altius
545 2024 584 2084 de
599 2025 644 2085 'eo
666 2026 794 2104 cogites.
839 2026 967 2084 linitum
989 2032 1092 2085 autem

173 2105 213 2165 ad
236 2125 305 2165 eaor
326 2126 390 2165 rem
405 2106 477 2165 iacit
498 2109 558 2166 iam
581 2116 654 2167 ante
675 2107 780 2167 territa
790 2109 990 2185 conscientia,
1013 2126 1094 2187 qnae

173 2195 206 2248 et
226 2207 284 2248 auo
306 2188 419 2248 iudieio
437 2189 583 2249 damnata
604 2200 667 2261 eut,
699 2198 730 2249 et
755 2190 851 2268 pudet
877 2208 1002 2269 quoqne
1023 2210 1092 2250 eam

172 2270 299 2330 admissi
327 2274 455 2349 peoeati.
504 2272 561 2331 Eat
590 2282 692 2333 autem
721 2280 785 2332 tum
814 2293 926 2353 magna
959 2273 1094 2333 fenestra

173 2352 307 2414 Satanae
328 2353 368 2412 ad
389 2356 580 2415 exercendos
601 2375 659 2416 noa
682 2366 809 2434 aperta,
830 2357 957 2416 rimatur
977 2357 1093 2429 omnia,

172 2455 231 2496 noa
258 2445 362 2516 urget,
396 2444 524 2517 peceato
551 2458 674 2517 quoque
701 2439 795 2518 longe
826 2441 969 2519 graviora
1000 2447 1094 2518 atque

173 2524 244 2577 eunt
279 2518 375 2599 lingit.
418 2520 469 2580 Ει·
493 2522 584 2580 mirus
606 2523 715 2581 artifex
737 2523 842 2581 omnia
864 2524 999 2583 omnium
1024 2541 1092 2602 peo

173 2609 320 2680 datorum,
343 2604 392 2681 qui
415 2622 547 2682 unquam
565 2605 702 2675 fuerunt,
724 2605 869 2684 exempla
889 2612 963 2664 ante
984 2605 1093 2664 oeulos

174 2685 275 2762 ponit,
296 2684 408 2767 redigit
428 2688 458 2746 in
484 2689 662 2747 memoriam
685 2686 806 2747 illorum
831 2688 916 2747 triete
937 2687 1093 2763 indioinrn,

173 2768 224 2908 gui
255 2765 295 2827 ob
323 2768 417 2848 longe
445 2769 562 2829 leviora
589 2777 718 2849 peecata
746 2779 872 2829 aeterna
902 2777 1001 2830 morte
1022 2780 1094 2830 eunt

194 2851 318 2911 arnnati.

253 2932 356 2994 Effluit
377 2943 478 2994 autem
501 2935 548 2994 his
571 2935 808 3013 tentationibus,
838 2946 870 2994 ut
902 2941 956 2996 aut
983 2934 1092 3015 despe-

173 3016 293 3076 ratione
320 3017 418 3077 vietus
441 3019 560 3077 animus
582 3018 777 3091 succumbat,
810 3026 863 3078 aut
890 3026 999 3079 eontra
1034 3018 1092 3078 Dei

173 3098 361 3159 voluntatem
392 3102 523 3160 retinere
551 3102 644 3160 vitam
675 3102 791 3181 cupiat,
824 3110 857 3161 ut
886 3101 998 3162 oblitus
1034 3101 1091 3160 Dei

172 3199 278 3259 parere
302 3182 368 3243 Deo
391 3183 482 3257 nolit,
513 3191 543 3243 et
569 3185 682 3243 invitus
704 3191 833 3244 mortem
858 3183 960 3246 obeat.
1002 3183 1091 3244 Prae·

173 3265 262 3343 oipue
283 3271 384 3325 autem
413 3273 475 3326 tum
499 3266 551 3327 illa
573 3266 676 3327 solent
699 3268 849 3345 accidere,
872 3287 940 3328 eum
963 3285 1090 3346 persua·

173 3345 226 3407 det
247 3347 303 3407 sibi
331 3347 424 3408 homo
454 3349 657 3409 neeessariam
682 3358 713 3410 et
733 3351 837 3410 utilem
860 3352 940 3411 hano
960 3350 999 3410 de
1022 3367 1091 3428 peo

174 3436 243 3489 anto
266 3432 483 3510 cogitationem
508 3451 584 3492 esse.
628 3432 727 3494 Sentit
748 3435 829 3495 enim
851 3454 885 3495 ae
907 3435 1090 3513 imparatum

171 3517 202 3571 et
237 3511 275 3571 ad
310 3521 437 3574 mortem
466 3515 526 3574 ianr
559 3515 747 3577 subeundam
777 3517 856 3577 adeo
878 3536 941 3578 uon
962 3517 1090 3576 instruo

49 3630 63 3655 x
172 3602 250 3670 ium,
286 3603 319 3655 ut
346 3597 450 3658 omnia
477 3598 531 3659 illa
560 3597 643 3659 bona
667 3619 778 3679 opera,
809 3618 887 3679 quae
916 3618 973 3681 per
994 3600 1089 3659 vitam

170 3676 292 3756 feeerit,
316 3685 378 3739 tum
400 3688 596 3760 peecatorum
620 3683 729 3742 faeiem
751 3682 894 3761 induant,
917 3687 1087 3743 attentum

171 3758 269 3838 ιΙιοιι,
292 3769 326 3822 ut
341 3763 467 3844 aliquod
490 3764 528 3826 de
548 3765 609 3825 illia
627 3771 731 3844 speret
743 3766 923 3846 praemium,
945 3772 980 3827 ut
996 3765 1088 3827 etiam
