2332 4206
192 258 256 327 176
458 261 662 318 Condemnatio
680 260 843 316 duramnus

277 448 358 508 bitus
387 448 468 510 lectu
506 469 569 512 non
597 450 780 511 iniucundus
811 451 856 526 (s.
881 450 900 510 l.
930 457 966 510 et
986 453 1048 524 a).
1087 448 1118 509 ln

276 530 353 592 fine:
376 532 424 592 Ex
445 534 608 613 Zeringen.
632 536 721 598 1521.

592 616 691 693 (Bibl.
715 615 851 676 Scheurl.
874 614 1041 689 Norimb.)

278 697 417 777 Epistola
453 697 493 757 dc
519 699 673 778 Magistris
705 699 824 758 Nostris
861 696 1117 775 Louanicnsibus,

162 826 168 838 .
277 790 352 859 quot
366 790 396 840 et
408 782 514 859 quales
529 784 600 858 sint,
623 782 732 860 quibus
746 780 894 841 debemus
909 779 1118 862 magistralem

274 863 358 923 illam
379 862 607 923 damnationem
622 864 847 924 Lutherianam.
874 862 1043 943 [Sequitur
1053 863 1120 924 Vita

276 945 308 1007 8.
332 945 452 1006 Nicolai
470 948 536 1006 siue
558 946 711 1008 stultitiae
732 942 917 1029 Exemplar]
944 967 971 1007 s.
994 946 1016 1010 l.
1040 954 1074 1007 et
1092 965 1118 1008 a.

278 1031 409 1105 (1520).
600 1027 694 1112 [Bibl.
719 1028 855 1091 Scheurl.
877 1029 1019 1090 Norimb.
1047 1032 1062 1107 )

276 1110 400 1191 Legitur
420 1109 498 1171 haec
512 1111 737 1173 condemnatio
751 1112 929 1173 doctrinalis
941 1121 1003 1176 eto.
1074 1113 1081 1126 ’
1102 1131 1119 1172 e

193 1196 284 1254 etiam
321 1196 351 1253 in
381 1194 452 1254 coll.
475 1193 554 1274 Opp.
577 1195 665 1257 Luth.
692 1196 761 1255 len.
782 1196 795 1254 l
816 1216 847 1275 p.
869 1197 945 1260 498.
976 1194 1119 1257 Vittemb.

194 1277 220 1337 ll
243 1297 273 1356 p.
296 1280 355 1355 37„
377 1280 553 1357 germanice
566 1280 597 1338 in
621 1278 753 1339 Walohii
776 1278 855 1339 Coll.
868 1277 952 1358 Opp.
974 1278 1068 1340 Luth.
1087 1277 1119 1339 T.

192 1360 248 1420 XV
271 1380 300 1439 p.
327 1359 404 1423 1589
426 1379 493 1439 sqq.

275 1442 347 1502 'Nos
371 1451 486 1503 textum
510 1443 597 1502 huius
620 1443 688 1503 libri
714 1442 922 1503 recudendum
947 1446 1120 1504 curavimus

195 1526 363 1586 secundum
387 1527 554 1586 editionem
578 1527 765 1606 orginalem,
787 1544 866 1604 quae
888 1525 1119 1608 Vittembergae

192 1608 272 1690 apud
281 1609 478 1670 Melchiorem
495 1609 672 1669 Lottherum
694 1611 843 1670 iuniorem
855 1627 883 1669 a.
898 1612 982 1676 1520
999 1610 1118 1691 prodiit

193 1861 420 1928 condemnatio
441 1858 633 1924 doctrinalis
653 1857 809 1924 librorum
829 1857 966 1925 aarum
987 1858 1119 1926 Luthori

192 1961 251 2027 per
287 1943 440 2026 quosdam
469 1943 645 2089 Magistros
683 1944 812 2007 nostros
840 1943 1060 2009 Lovanionses
1090 1943 1120 2008 et

491 2026 533 2091 do
566 2027 693 2091 niensss
715 2025 812 2091 laeta.

190 2143 394 2223 Raponsio
418 2143 656 2204 Lutheriana
690 2142 734 2202 ad
757 2143 921 2203 eandem
943 2143 1120 2205 condem·

550 2228 763 2287 nationem.

192 2447 416 2529 spectabilibus
441 2457 472 2510 et
493 2450 745 2530 praeclarissimis
768 2450 855 2524 viris,
888 2447 1048 2528 Magistris
1069 2468 1117 2510 no-

191 2533 277 2603 stris,
300 2530 426 2591 Decano
461 2541 491 2592 et
513 2533 662 2592 Facultati
701 2532 878 2611 theologiae
906 2530 1116 2609 Lovaniensis,

192 2616 298 2675 amicis
333 2621 479 2693 tanquam
512 2615 653 2675 fratribus
694 2615 731 2676 E.
754 2614 785 2676 P.
821 2614 858 2674 V.
872 2612 904 2693 ¹)
934 2616 1058 2675 amicus
1088 2619 1116 2676 et

342 2699 495 2758 confrater
515 2698 668 2758 Adrianus
690 2697 779 2759 Card.
801 2697 965 2758 Dertusen.

276 2831 467 2912 spectabiles
490 2832 725 2912 praeclarissimi
738 2831 875 2910 Magistri
896 2833 1006 2910 nostri,
1030 2831 1116 2893 amici

193 2917 360 2993 carissimi,
397 2916 498 2975 literas
533 2923 651 2976 vestras
675 2920 704 2977 7.
727 2912 876 2974 Novemb.
912 2914 952 2974 ad
988 2934 1041 2974 me
1070 2914 1115 2974 da

191 3005 239 3058 tas
261 2997 351 3076 262)
376 2998 512 3059 eiusdem
536 3000 658 3077 accepi,
694 2996 916 3076 quibusplane
942 2997 1115 3077 explicatis,

195 3100 274 3159 quae
297 3082 337 3140 sit
357 3080 446 3141 vobis
469 3101 543 3162 erga
561 3080 711 3142 Christum
734 3078 871 3157 affectio,
899 3087 930 3139 et
951 3082 1022 3159 quis
1047 3099 1114 3162 erga

192 3165 418 3235 sanctissimam
442 3166 506 3224 eius
527 3163 618 3224 fidem
642 3164 735 3224 zelus.
780 3160 849 3221 Vidi
873 3181 1011 3238 errores,
1041 3181 1115 3244 quos

192 3266 232 3307 ex
253 3247 381 3306 diversis
418 3249 538 3327 scriptis
567 3255 599 3307 et
633 3245 810 3306 tractatibus
832 3245 973 3323 botheri,
1012 3264 1115 3308 sacrae

194 3329 371 3410 theologiae
393 3330 540 3411 Magistri,
563 3338 745 3408 annotatos,
767 3328 805 3387 ad
828 3348 878 3388 me
901 3329 1047 3406 misistis,
1070 3328 1115 3409 qui

193 3431 268 3473 sane
291 3422 353 3472 tam
376 3413 467 3473 rudes
500 3432 536 3473 ac
558 3412 730 3493 palpabiles
762 3411 906 3471 haereses
938 3413 1016 3472 mihi
1048 3430 1115 3493 prae

191 3515 226 3556 ss
248 3495 326 3556 ferre
349 3496 497 3576 videntur,
520 3502 603 3555 utne
616 3494 781 3576 discipulus
803 3494 923 3573 quidem
937 3494 1115 3577 theologiae

193 3636 288 3644 ———-—

244 3706 277 3772 1)
299 3705 319 3757 l.
339 3723 364 3761 c.
386 3706 508 3772 Exoptat
527 3705 677 3757 Plurimum
698 3700 800 3765 valere,
821 3701 892 3752 sive:
911 3699 946 3751 Et
966 3700 1113 3768 plurimum

190 3777 363 3830 venerandis.
401 3777 434 3842 2)
455 3776 484 3828 ln
504 3776 546 3829 ed.
565 3775 645 3829 Jeu.:
666 3773 708 3826 16.
