2346 4208
201 238 268 306 162
532 241 689 298 Οοηίὶιοηᾱί
706 245 775 297 ratio

199 450 295 492 more.
337 431 385 490 lta
404 430 534 511 legimus
556 433 588 492 in
611 431 799 512 Augustino,
823 432 983 512 cypriano
1007 437 1040 494 at
1059 432 1120 493 aliis

198 513 348 592 Patribus,
372 533 435 574 non
456 522 587 593 peccata
609 515 762 591 mortalia,
792 514 849 576 sed
869 515 1065 594 criminalia,
1092 515 1119 576 id

200 604 262 677 est,
294 617 332 658 ea
355 616 434 676 quae
456 600 594 658 accusari
614 607 647 659 et
668 599 811 660 convinci
832 604 997 678 poterant,
1033 598 1123 680 ligato

199 687 231 742 et
252 681 355 740 soluta
376 681 479 740 fuisse.
781 746 784 750 ,

284 763 396 823 Omnia
418 782 492 843 crgo
521 769 651 841 peccata
672 763 825 843 intelligat
844 764 1016 825 Decretu-
1038 783 1124 844 opor-

200 853 255 924 tet,
278 848 382 906 omnia
407 847 545 923 erimina,
568 853 600 904 ut
614 845 653 906 de
675 845 784 926 quibus
807 847 858 907 vel
879 847 934 907 alii
956 847 1010 908 vel
1031 848 1124 926 ipsius

200 930 393 989 conscientia
414 949 483 988 eum
507 936 668 1008 accusant,
703 928 956 1011 conscicntial),
988 931 1123 1010 inquam,

201 1019 296 1089 recta,
320 1031 381 1072 non
406 1032 445 1071 cx
468 1011 681 1071 traditionibus
704 1013 863 1074 hominum
885 1013 1076 1074 cauterisata
1097 1019 1125 1075 st

201 1097 337 1174 pessime
358 1095 531 1174 informata,
554 1095 608 1154 scd
631 1115 671 1156 ex
693 1095 803 1156 divinis
822 1095 977 1157 mandatis
1000 1096 1125 1176 erudito,

199 1196 280 1257 quae
301 1179 394 1255 sciat,
429 1178 525 1238 multo
558 1177 646 1257 plura
669 1197 738 1239 esse
768 1178 973 1258 relinquenda
1005 1178 1125 1241 divinae

115 1248 126 1273 '
199 1259 330 1321 bonitati
352 1261 421 1339 soli,
444 1280 534 1340 quam
556 1281 632 1321 suae
653 1261 830 1341 diligentiae
852 1263 1088 1324 committenda.

284 1343 346 1404 Sed
368 1344 452 1424 quid,
474 1346 500 1404 si
521 1345 552 1403 in
575 1351 675 1406 morte
690 1345 832 1406 diabolus
847 1343 976 1406 obiiciat
997 1353 1126 1427 peccata

201 1445 263 1487 non
291 1427 449 1507 confessa,
479 1431 557 1488 sicut
580 1428 675 1488 multa
703 1426 847 1508 exempla
872 1428 1030 1509 legimus?
1072 1429 1127 1491 ne-

198 1509 353 1590 spondeo:
376 1511 612 1572 Transeantilla
635 1513 764 1587 samiis,
787 1509 946 1591 dequibus
959 1511 1125 1592 dicitur‘J:

201 1593 323 1654 Delicta
336 1595 405 1673 quis
419 1594 583 1674 intelligit?
603 1593 644 1654 Et
656 1595 731 1654 illis:
752 1594 825 1655 Non
846 1595 944 1655 intres
966 1597 1001 1655 in
1024 1595 1125 1656 iudici-

200 1696 250 1736 um
274 1695 342 1737 oum
365 1697 454 1738 servo
478 1684 530 1737 tuo
555 1683 612 1741 etc.
656 1677 688 1738 Si
716 1677 789 1756 quid
817 1677 1036 1757 exemplorum
1057 1696 1126 1740 oon·

199 1767 246 1820 tua
266 1760 345 1821 haec
365 1760 446 1821 facta
468 1768 548 1839 sunt,
572 1760 621 1823 val
642 1761 791 1821 illudente
804 1760 929 1823 diabolo
951 1761 1126 1840 factasunt,

198 1843 248 1904 vel
270 1863 332 1904 non
346 1853 430 1903 recte
445 1843 670 1923 intelliguntu13
692 1842 804 1904 sufficit
824 1851 854 1904 tc
868 1844 1010 1906 voluisse
1024 1846 1127 1909 omnia

201 1925 355 2003 confiteri,
384 1928 409 1985 si
432 1946 541 1987 nosses
563 1933 595 1987 et
621 1945 748 2005 posses,
778 1927 1022 1988 misericordiam
1044 1947 1127 1989 suan

200 2009 367 2090 glorificari
389 2011 454 2070 vult
474 2009 558 2070 Deus
570 2008 614 2092 ²).
658 2008 720 2070 Sed
741 2009 812 2071 ubi?
833 2011 1031 2075 iniustitiis?
1051 2011 1128 2092 Non,

202 2093 257 2153 sed
278 2094 309 2152 in
330 2095 465 2172 peccatis
483 2099 519 2152 et
541 2093 671 2152 miseriis
699 2094 810 2153 nostris
833 2093 1028 2174 scripturam
1042 2113 1127 2176 opor·

203 2182 247 2236 tet
268 2177 414 2256 praeferri
436 2175 578 2237 omnibns
601 2177 761 2256 exemplis.
843 2218 862 2253 ,

598 2342 732 2405 Nonum.

285 2478 335 2538 Ad
356 2497 420 2538 rem
443 2478 542 2558 ipsam
564 2477 758 2555 accedendo,
791 2476 952 2536 tumultum
976 2477 1067 2539 illum
1089 2478 1125 2540 di·

202 2562 399 2622 stinctionum
414 2562 534 2640 penitus
549 2559 710 2621 abscindat
721 2560 1002 2640 contessurusjnqui
1014 2563 1125 2642 passim

202 2645 388 2723 celebratur,
411 2645 544 2721 scilicet,
572 2643 643 2722 quid
665 2663 720 2723 per
742 2643 881 2703 timorem
906 2643 990 2703 male
1012 2645 1125 2706 humili·

202 2734 316 2806 antem,
339 2735 369 2789 et
390 2728 530 2788 timorem
539 2725 570 2809 ³)
595 2726 675 2787 male
692 2725 901 2804 accedentem,
927 2726 1004 2805 quid
1023 2735 1127 2790 contra

203 2818 264 2872 tres
293 2813 419 2871 virtutes
448 2810 656 2891 theologicas,
683 2809 791 2890 fidem,
825 2828 927 2889 spem,
956 2812 1126 2888 caritatem,

202 2894 274 2973 qnid
291 2901 398 2957 contra
412 2901 542 2972 quatuor
555 2894 680 2954 virtutes
693 2893 873 2970 cardinales,
884 2892 957 2970 quid
972 2913 1033 2974 per
1045 2896 1126 2974 quin·

203 2998 261 3058 qne
276 2997 394 3057 sensus,
416 2976 488 3056 quid
498 2996 553 3057 per
567 2984 684 3057 septem
698 2983 828 3057 peccata
842 2975 999 3056 mortalia,
1019 2985 1128 3040 contro

202 3069 320 3142 septem
329 3068 531 3139 sacramenta,
545 3069 652 3121 contra
660 3066 777 3141 septem
790 3058 1008 3138 donaspiritus
1023 3062 1126 3139 sancti,

203 3145 274 3224 quid
288 3154 396 3205 eontra
412 3150 482 3204 octo
499 3142 801 3222 beatitudines‚.quid
814 3148 922 3203 contra
936 3161 1056 3205 novem
1064 3163 1126 3228 pec·

203 3235 273 3288 cata
286 3228 396 3306 aliena,
410 3226 482 3305 quid
495 3230 602 3288 contra
616 3226 778 3286 duodecim
792 3224 939 3286 articulos
954 3224 1042 3308 fidei,
1062 3225 1126 3310 quid

201 3332 259 3392 per
281 3319 375 3389 muta,
398 3310 468 3390 quid
481 3329 537 3390 per
551 3310 715 3371 clamantia
736 3311 766 3369 in
782 3309 901 3369 coelum
914 3318 1061 3392 peccata,
1082 3314 1127 3373 aut

204 3396 228 3455 si
253 3413 313 3474 qua
336 3395 397 3453 alia
418 3402 498 3473 sunt,
520 3413 576 3474 per
598 3414 676 3473 quae
698 3401 751 3452 aut
768 3399 874 3453 contra
886 3401 1053 3472 peccatum
1078 3399 1125 3456 est

275 3619 307 3680 l)
328 3617 357 3669 ln
378 3617 419 3670 ed.
453 3619 538 3686 orig.:
575 3618 782 3669 conscientiam.
821 3615 853 3676 2)
877 3615 999 3673 ibidem:
1031 3618 1124 3672 dicem.

204 3690 234 3755 3)
254 3693 283 3740 tn
304 3689 345 3741 ed.
366 3689 439 3741 den:
467 3704 592 3740 amorem
612 3689 684 3742 male
704 3687 908 3741 accendentem.

277 3760 307 3829 *)
328 3761 506 3815 Psal.19.et
526 3760 583 3815 143.
