<?xml version="1.0" encoding="UTF-8"?>
<!DOCTYPE html PUBLIC "-//W3C//DTD XHTML 1.0 Transitional//EN"
    "http://www.w3.org/TR/xhtml1/DTD/xhtml1-transitional.dtd">
<html xmlns="http://www.w3.org/1999/xhtml" xml:lang="en" lang="en">
 <head>
  <title>
</title>
<meta http-equiv="Content-Type" content="text/html;charset=utf-8" />
  <meta name='ocr-system' content='tesseract 3.04.00' />
  <meta name='ocr-capabilities' content='ocr_page ocr_carea ocr_par ocr_line ocrx_word'/>
</head>
<body>
  <div class='ocr_page' id='page_1' title='image "./dmartinilutheri04luthgoog_0559.png"; bbox 0 0 2346 4208; ppageno 0'>
   <div class='ocr_carea' id='block_1_1' title="bbox 162 229 850 304">
    <p class='ocr_par' dir='ltr' id='par_1_1' title="bbox 162 229 850 304">
     <span class='ocr_line' id='line_1_1' title="bbox 162 229 850 304; baseline 0.009 -20"><span class='ocrx_word' id='word_1_1' title='bbox 162 229 206 297; x_wconf 71' lang='lat'><strong>40</strong></span> <span class='ocrx_word' id='word_1_2' title='bbox 360 234 365 253; x_wconf 88' lang='lat'>&#39;</span> <span class='ocrx_word' id='word_1_3' title='bbox 384 230 427 286; x_wconf 81' lang='lat' dir='ltr'><strong>Ad</strong></span> <span class='ocrx_word' id='word_1_4' title='bbox 446 230 649 304; x_wconf 72' lang='lat' dir='ltr'><strong>Aegocarctcm</strong></span> <span class='ocrx_word' id='word_1_5' title='bbox 668 233 850 295; x_wconf 60' lang='lat' dir='ltr'><strong>manuum</strong></span> 
     </span>
    </p>
   </div>
   <div class='ocr_carea' id='block_1_2' title="bbox 159 418 1129 3572">
    <p class='ocr_par' dir='ltr' id='par_1_2' title="bbox 164 418 1085 577">
     <span class='ocr_line' id='line_1_2' title="bbox 164 418 1085 499; baseline 0.003 -21"><span class='ocrx_word' id='word_1_6' title='bbox 164 418 347 479; x_wconf 88' lang='lat' dir='ltr'><strong>constitutus</strong></span> <span class='ocrx_word' id='word_1_7' title='bbox 369 434 461 498; x_wconf 85' lang='lat' dir='ltr'><strong>super</strong></span> <span class='ocrx_word' id='word_1_8' title='bbox 477 422 587 499; x_wconf 84' lang='lat' dir='ltr'><strong>gentos</strong></span> <span class='ocrx_word' id='word_1_9' title='bbox 609 424 641 478; x_wconf 84' lang='lat' dir='ltr'><strong>et</strong></span> <span class='ocrx_word' id='word_1_10' title='bbox 660 436 767 498; x_wconf 78' lang='lat' dir='ltr'><strong>regna,</strong></span> <span class='ocrx_word' id='word_1_11' title='bbox 789 418 1085 499; x_wconf 78' lang='lat' dir='ltr'><strong>uterallatetplan·</strong></span> 
     </span>
     <span class='ocr_line' id='line_1_3' title="bbox 166 498 737 577; baseline 0.004 -17"><span class='ocrx_word' id='word_1_12' title='bbox 166 506 224 577; x_wconf 86' lang='lat' dir='ltr'><strong>tet,</strong></span> <span class='ocrx_word' id='word_1_13' title='bbox 247 500 384 563; x_wconf 85' lang='lat' dir='ltr'><strong>destruat</strong></span> <span class='ocrx_word' id='word_1_14' title='bbox 406 507 438 562; x_wconf 89' lang='lat' dir='ltr'><strong>et</strong></span> <span class='ocrx_word' id='word_1_15' title='bbox 456 498 607 561; x_wconf 84' lang='lat' dir='ltr'><strong>aedificet.</strong></span> <span class='ocrx_word' id='word_1_16' title='bbox 734 559 737 562; x_wconf 20' lang='lat'><strong>⁴</strong></span> 
     </span>
    </p>

    <p class='ocr_par' dir='ltr' id='par_1_3' title="bbox 161 580 1129 1311">
     <span class='ocr_line' id='line_1_4' title="bbox 248 580 1085 665; baseline 0.004 -21"><span class='ocrx_word' id='word_1_17' title='bbox 248 580 348 659; x_wconf 84' lang='lat' dir='ltr'><strong>Adde,</strong></span> <span class='ocrx_word' id='word_1_18' title='bbox 370 583 453 665; x_wconf 90' lang='lat' dir='ltr'><strong>quod</strong></span> <span class='ocrx_word' id='word_1_19' title='bbox 476 589 614 664; x_wconf 89' lang='lat' dir='ltr'><strong>potestas</strong></span> <span class='ocrx_word' id='word_1_20' title='bbox 636 584 668 644; x_wconf 92' lang='lat' dir='ltr'><strong>in</strong></span> <span class='ocrx_word' id='word_1_21' title='bbox 691 584 823 646; x_wconf 89' lang='lat' dir='ltr'><strong>ecclesia</strong></span> <span class='ocrx_word' id='word_1_22' title='bbox 842 584 929 647; x_wconf 76' lang='lat' dir='ltr'><strong>nulle</strong></span> <span class='ocrx_word' id='word_1_23' title='bbox 951 591 1009 662; x_wconf 87' lang='lat' dir='ltr'><strong>est,</strong></span> <span class='ocrx_word' id='word_1_24' title='bbox 1028 585 1085 647; x_wconf 80' lang='lat' dir='ltr'><strong>nisi</strong></span> 
     </span>
     <span class='ocr_line' id='line_1_5' title="bbox 163 666 1085 749; baseline 0.001 -22"><span class='ocrx_word' id='word_1_25' title='bbox 163 686 220 747; x_wconf 90' lang='lat' dir='ltr'><strong>pro</strong></span> <span class='ocrx_word' id='word_1_26' title='bbox 243 667 416 729; x_wconf 88' lang='lat' dir='ltr'><strong>coercendo</strong></span> <span class='ocrx_word' id='word_1_27' title='bbox 439 672 581 747; x_wconf 88' lang='lat' dir='ltr'><strong>peccato,</strong></span> <span class='ocrx_word' id='word_1_28' title='bbox 603 666 686 745; x_wconf 91' lang='lat' dir='ltr'><strong>quod</strong></span> <span class='ocrx_word' id='word_1_29' title='bbox 708 667 785 748; x_wconf 81' lang='lat' dir='ltr'><strong>liget</strong></span> <span class='ocrx_word' id='word_1_30' title='bbox 805 674 837 729; x_wconf 91' lang='lat' dir='ltr'><strong>et</strong></span> <span class='ocrx_word' id='word_1_31' title='bbox 857 667 969 745; x_wconf 86' lang='lat' dir='ltr'><strong>solvat,</strong></span> <span class='ocrx_word' id='word_1_32' title='bbox 991 687 1085 749; x_wconf 81' lang='lat' dir='ltr'><strong>quare</strong></span> 
     </span>
     <span class='ocr_line' id='line_1_6' title="bbox 164 749 1085 832; baseline 0.007 -21"><span class='ocrx_word' id='word_1_33' title='bbox 164 749 338 832; x_wconf 89' lang='lat' dir='ltr'><strong>ubicunque</strong></span> <span class='ocrx_word' id='word_1_34' title='bbox 358 756 520 832; x_wconf 89' lang='lat' dir='ltr'><strong>peccatum</strong></span> <span class='ocrx_word' id='word_1_35' title='bbox 541 756 603 826; x_wconf 87' lang='lat' dir='ltr'><strong>est,</strong></span> <span class='ocrx_word' id='word_1_36' title='bbox 634 749 676 811; x_wconf 93' lang='lat' dir='ltr'><strong>ibi</strong></span> <span class='ocrx_word' id='word_1_37' title='bbox 699 752 845 830; x_wconf 82' lang='lat' dir='ltr'><strong>potestah&#39;</strong></span> <span class='ocrx_word' id='word_1_38' title='bbox 869 750 1023 822; x_wconf 85' lang='lat' dir='ltr'><strong>eiusmodi</strong></span> <span class='ocrx_word' id='word_1_39' title='bbox 1043 751 1085 817; x_wconf 81' lang='lat' dir='ltr'><strong>lo·</strong></span> 
     </span>
     <span class='ocr_line' id='line_1_7' title="bbox 165 831 1085 913; baseline 0.003 -19"><span class='ocrx_word' id='word_1_40' title='bbox 165 851 219 894; x_wconf 88' lang='lat' dir='ltr'><strong>cns</strong></span> <span class='ocrx_word' id='word_1_41' title='bbox 241 841 298 912; x_wconf 84' lang='lat' dir='ltr'><strong>eat,</strong></span> <span class='ocrx_word' id='word_1_42' title='bbox 321 835 407 895; x_wconf 86' lang='lat' dir='ltr'><strong>iuxta</strong></span> <span class='ocrx_word' id='word_1_43' title='bbox 427 831 535 895; x_wconf 82' lang='lat' dir='ltr'><strong>Matth.</strong></span> <span class='ocrx_word' id='word_1_44' title='bbox 559 833 613 896; x_wconf 81' lang='lat'><strong>18:</strong></span> <span class='ocrx_word' id='word_1_45' title='bbox 636 831 667 893; x_wconf 80' lang='lat' dir='ltr'><strong>Si</strong></span> <span class='ocrx_word' id='word_1_46' title='bbox 692 835 869 913; x_wconf 86' lang='lat' dir='ltr'><strong>peccaverit</strong></span> <span class='ocrx_word' id='word_1_47' title='bbox 887 835 919 895; x_wconf 92' lang='lat' dir='ltr'><strong>in</strong></span> <span class='ocrx_word' id='word_1_48' title='bbox 941 840 973 897; x_wconf 86' lang='lat' dir='ltr'><strong>te</strong></span> <span class='ocrx_word' id='word_1_49' title='bbox 992 834 1085 897; x_wconf 77' lang='lat' dir='ltr'><strong>irater</strong></span> 
     </span>
     <span class='ocr_line' id='line_1_8' title="bbox 165 914 1084 998; baseline 0.002 -19"><span class='ocrx_word' id='word_1_50' title='bbox 165 923 244 980; x_wconf 88' lang='lat' dir='ltr'><strong>tuus.</strong></span> <span class='ocrx_word' id='word_1_51' title='bbox 286 915 353 978; x_wconf 83' lang='lat' dir='ltr'><strong>Nec</strong></span> <span class='ocrx_word' id='word_1_52' title='bbox 380 917 431 977; x_wconf 90' lang='lat' dir='ltr'><strong>hic</strong></span> <span class='ocrx_word' id='word_1_53' title='bbox 460 915 539 977; x_wconf 87' lang='lat' dir='ltr'><strong>ullus</strong></span> <span class='ocrx_word' id='word_1_54' title='bbox 568 914 748 996; x_wconf 87' lang='lat' dir='ltr'><strong>pontificum</strong></span> <span class='ocrx_word' id='word_1_55' title='bbox 762 924 876 998; x_wconf 85' lang='lat' dir='ltr'><strong>¹potest</strong></span> <span class='ocrx_word' id='word_1_56' title='bbox 897 916 1012 979; x_wconf 84' lang='lat' dir='ltr'><strong>collum</strong></span> <span class='ocrx_word' id='word_1_57' title='bbox 1034 936 1084 981; x_wconf 85' lang='lat' dir='ltr'><strong>ex·</strong></span> 
     </span>
     <span class='ocr_line' id='line_1_9' title="bbox 162 999 1086 1082; baseline 0.001 -21"><span class='ocrx_word' id='word_1_58' title='bbox 162 1005 285 1080; x_wconf 85' lang='lat' dir='ltr'><strong>catere,</strong></span> <span class='ocrx_word' id='word_1_59' title='bbox 320 1000 394 1080; x_wconf 88' lang='lat' dir='ltr'><strong>quia</strong></span> <span class='ocrx_word' id='word_1_60' title='bbox 423 1001 448 1060; x_wconf 88' lang='lat' dir='ltr'><strong>ai</strong></span> <span class='ocrx_word' id='word_1_61' title='bbox 475 1000 506 1059; x_wconf 88' lang='lat' dir='ltr'><strong>in</strong></span> <span class='ocrx_word' id='word_1_62' title='bbox 537 1017 598 1061; x_wconf 89' lang='lat' dir='ltr'><strong>uno</strong></span> <span class='ocrx_word' id='word_1_63' title='bbox 620 999 749 1060; x_wconf 87' lang='lat' dir='ltr'><strong>alicuius</strong></span> <span class='ocrx_word' id='word_1_64' title='bbox 771 1008 902 1081; x_wconf 84' lang='lat' dir='ltr'><strong>peccato</strong></span> <span class='ocrx_word' id='word_1_65' title='bbox 925 1019 990 1062; x_wconf 90' lang='lat' dir='ltr'><strong>non</strong></span> <span class='ocrx_word' id='word_1_66' title='bbox 1012 1001 1086 1082; x_wconf 78' lang='lat' dir='ltr'><strong>ligat</strong></span> 
     </span>
     <span class='ocr_line' id='line_1_10' title="bbox 161 1081 1088 1164; baseline -0.004 -17"><span class='ocrx_word' id='word_1_67' title='bbox 161 1089 216 1147; x_wconf 82' lang='lat' dir='ltr'><strong>aut</strong></span> <span class='ocrx_word' id='word_1_68' title='bbox 236 1083 329 1144; x_wconf 84' lang='lat' dir='ltr'><strong>solvit</strong></span> <span class='ocrx_word' id='word_1_69' title='bbox 349 1088 506 1164; x_wconf 82' lang='lat' dir='ltr'><strong>potestas,</strong></span> <span class='ocrx_word' id='word_1_70' title='bbox 543 1082 574 1143; x_wconf 93' lang='lat' dir='ltr'><strong>in</strong></span> <span class='ocrx_word' id='word_1_71' title='bbox 597 1081 682 1142; x_wconf 90' lang='lat' dir='ltr'><strong>nullo</strong></span> <span class='ocrx_word' id='word_1_72' title='bbox 706 1082 767 1144; x_wconf 88' lang='lat' dir='ltr'><strong>alio</strong></span> <span class='ocrx_word' id='word_1_73' title='bbox 790 1083 922 1160; x_wconf 79' lang='lat' dir='ltr'><strong>valebit,</strong></span> <span class='ocrx_word' id='word_1_74' title='bbox 963 1092 996 1147; x_wconf 89' lang='lat' dir='ltr'><strong>et</strong></span> <span class='ocrx_word' id='word_1_75' title='bbox 1016 1102 1088 1157; x_wconf 74' lang='lat' dir='ltr'><strong>aup-</strong></span> 
     </span>
     <span class='ocr_line' id='line_1_11' title="bbox 163 1164 1129 1247; baseline 0.003 -21"><span class='ocrx_word' id='word_1_76' title='bbox 163 1171 254 1241; x_wconf 85' lang='lat' dir='ltr'><strong>cnata</strong></span> <span class='ocrx_word' id='word_1_77' title='bbox 285 1174 332 1226; x_wconf 89' lang='lat' dir='ltr'><strong>est</strong></span> <span class='ocrx_word' id='word_1_78' title='bbox 364 1166 502 1247; x_wconf 89' lang='lat' dir='ltr'><strong>penitus,</strong></span> <span class='ocrx_word' id='word_1_79' title='bbox 544 1184 613 1225; x_wconf 92' lang='lat' dir='ltr'><strong>cum</strong></span> <span class='ocrx_word' id='word_1_80' title='bbox 648 1164 735 1227; x_wconf 89' lang='lat' dir='ltr'><strong>nulla</strong></span> <span class='ocrx_word' id='word_1_81' title='bbox 770 1167 810 1227; x_wconf 90' lang='lat' dir='ltr'><strong>sit</strong></span> <span class='ocrx_word' id='word_1_82' title='bbox 845 1168 923 1229; x_wconf 89' lang='lat' dir='ltr'><strong>ratio</strong></span> <span class='ocrx_word' id='word_1_83' title='bbox 958 1166 1083 1232; x_wconf 79' lang='lat' dir='ltr'><strong>diversi·</strong></span> <span class='ocrx_word' id='word_1_84' title='bbox 1127 1165 1129 1168; x_wconf 68' lang='grc'>’</span> 
     </span>
     <span class='ocr_line' id='line_1_12' title="bbox 162 1249 243 1311; baseline -0.012 0"><span class='ocrx_word' id='word_1_85' title='bbox 162 1249 243 1311; x_wconf 83' lang='lat' dir='ltr'><strong>tatis.</strong></span> 
     </span>
    </p>

    <p class='ocr_par' dir='ltr' id='par_1_4' title="bbox 161 1329 1088 2390">
     <span class='ocr_line' id='line_1_13' title="bbox 247 1329 1084 1412; baseline 0.001 -19"><span class='ocrx_word' id='word_1_86' title='bbox 247 1331 350 1411; x_wconf 80' lang='lat' dir='ltr'><strong>Atque</strong></span> <span class='ocrx_word' id='word_1_87' title='bbox 378 1331 429 1392; x_wconf 93' lang='lat' dir='ltr'><strong>hic</strong></span> <span class='ocrx_word' id='word_1_88' title='bbox 454 1329 600 1392; x_wconf 73' lang='lat' dir='ltr'><strong>audacter</strong></span> <span class='ocrx_word' id='word_1_89' title='bbox 626 1331 750 1411; x_wconf 84' lang='lat' dir='ltr'><strong>loquar,</strong></span> <span class='ocrx_word' id='word_1_90' title='bbox 783 1340 815 1394; x_wconf 86' lang='lat' dir='ltr'><strong>ct</strong></span> <span class='ocrx_word' id='word_1_91' title='bbox 843 1332 925 1412; x_wconf 92' lang='lat' dir='ltr'><strong>quod</strong></span> <span class='ocrx_word' id='word_1_92' title='bbox 956 1341 987 1395; x_wconf 87' lang='lat' dir='ltr'><strong>tu</strong></span> <span class='ocrx_word' id='word_1_93' title='bbox 1016 1352 1084 1394; x_wconf 91' lang='lat' dir='ltr'><strong>cum</strong></span> 
     </span>
     <span class='ocr_line' id='line_1_14' title="bbox 163 1412 1084 1495; baseline -0.002 -20"><span class='ocrx_word' id='word_1_94' title='bbox 163 1413 372 1477; x_wconf 76' lang='lat' dir='ltr'><strong>adulatoribus</strong></span> <span class='ocrx_word' id='word_1_95' title='bbox 395 1415 529 1477; x_wconf 84' lang='lat' dir='ltr'><strong>Romani</strong></span> <span class='ocrx_word' id='word_1_96' title='bbox 557 1412 713 1495; x_wconf 89' lang='lat' dir='ltr'><strong>pontificis</strong></span> <span class='ocrx_word' id='word_1_97' title='bbox 743 1415 941 1491; x_wconf 84' lang='lat' dir='ltr'><strong>vehementer</strong></span> <span class='ocrx_word' id='word_1_98' title='bbox 969 1416 1012 1487; x_wconf 84' lang='lat' dir='ltr'><strong>sis</strong></span> <span class='ocrx_word' id='word_1_99' title='bbox 1035 1414 1084 1478; x_wconf 61' lang='lat' dir='ltr'><strong>ad,</strong></span> 
     </span>
     <span class='ocr_line' id='line_1_15' title="bbox 164 1496 1084 1579; baseline 0.001 -19"><span class='ocrx_word' id='word_1_100' title='bbox 164 1498 336 1579; x_wconf 83' lang='lat' dir='ltr'><strong>miratume,</strong></span> <span class='ocrx_word' id='word_1_101' title='bbox 356 1516 394 1559; x_wconf 89' lang='lat' dir='ltr'><strong>ac</strong></span> <span class='ocrx_word' id='word_1_102' title='bbox 415 1498 494 1559; x_wconf 88' lang='lat' dir='ltr'><strong>forte</strong></span> <span class='ocrx_word' id='word_1_103' title='bbox 515 1496 666 1558; x_wconf 81' lang='lat' dir='ltr'><strong>haeresim</strong></span> <span class='ocrx_word' id='word_1_104' title='bbox 689 1496 884 1576; x_wconf 86' lang='lat' dir='ltr'><strong>definiturus,</strong></span> <span class='ocrx_word' id='word_1_105' title='bbox 908 1496 991 1578; x_wconf 88' lang='lat' dir='ltr'><strong>dico,-</strong></span> <span class='ocrx_word' id='word_1_106' title='bbox 1010 1518 1084 1579; x_wconf 89' lang='lat' dir='ltr'><strong>pon·</strong></span> 
     </span>
     <span class='ocr_line' id='line_1_16' title="bbox 163 1578 1084 1663; baseline 0 -20"><span class='ocrx_word' id='word_1_107' title='bbox 163 1578 262 1644; x_wconf 89' lang='lat' dir='ltr'><strong>tiflces</strong></span> <span class='ocrx_word' id='word_1_108' title='bbox 297 1582 395 1663; x_wconf 90' lang='lat' dir='ltr'><strong>primo</strong></span> <span class='ocrx_word' id='word_1_109' title='bbox 431 1580 528 1642; x_wconf 88' lang='lat' dir='ltr'><strong>teneri</strong></span> <span class='ocrx_word' id='word_1_110' title='bbox 557 1579 613 1642; x_wconf 90' lang='lat' dir='ltr'><strong>suh</strong></span> <span class='ocrx_word' id='word_1_111' title='bbox 636 1587 765 1661; x_wconf 89' lang='lat' dir='ltr'><strong>peccato</strong></span> <span class='ocrx_word' id='word_1_112' title='bbox 789 1583 911 1644; x_wconf 85' lang='lat' dir='ltr'><strong>mortali</strong></span> <span class='ocrx_word' id='word_1_113' title='bbox 932 1590 976 1647; x_wconf 89' lang='lat' dir='ltr'><strong>et·</strong></span> <span class='ocrx_word' id='word_1_114' title='bbox 993 1590 1084 1645; x_wconf 85' lang='lat' dir='ltr'><strong>reatu</strong></span> 
     </span>
     <span class='ocr_line' id='line_1_17' title="bbox 164 1663 1085 1746; baseline -0.002 -19"><span class='ocrx_word' id='word_1_115' title='bbox 164 1671 310 1727; x_wconf 75' lang='lat' dir='ltr'><strong>aeternae</strong></span> <span class='ocrx_word' id='word_1_116' title='bbox 333 1664 555 1744; x_wconf 81' lang='lat' dir='ltr'><strong>damnationis,</strong></span> <span class='ocrx_word' id='word_1_117' title='bbox 580 1670 613 1724; x_wconf 90' lang='lat' dir='ltr'><strong>nt</strong></span> <span class='ocrx_word' id='word_1_118' title='bbox 633 1664 779 1725; x_wconf 78' lang='lat' dir='ltr'><strong>resistant</strong></span> <span class='ocrx_word' id='word_1_119' title='bbox 800 1665 1016 1746; x_wconf 85' lang='lat' dir='ltr'><strong>pestilentibus</strong></span> <span class='ocrx_word' id='word_1_120' title='bbox 1037 1663 1085 1727; x_wconf 87' lang='lat' dir='ltr'><strong>his</strong></span> 
     </span>
     <span class='ocr_line' id='line_1_18' title="bbox 164 1747 1086 1829; baseline -0.001 -18"><span class='ocrx_word' id='word_1_121' title='bbox 164 1749 308 1811; x_wconf 80' lang='lat' dir='ltr'><strong>monstris</strong></span> <span class='ocrx_word' id='word_1_122' title='bbox 322 1749 486 1810; x_wconf 88' lang='lat' dir='ltr'><strong>Romanae</strong></span> <span class='ocrx_word' id='word_1_123' title='bbox 507 1747 621 1829; x_wconf 90' lang='lat' dir='ltr'><strong>curiae,</strong></span> <span class='ocrx_word' id='word_1_124' title='bbox 644 1747 753 1827; x_wconf 93' lang='lat' dir='ltr'><strong>quibus</strong></span> <span class='ocrx_word' id='word_1_125' title='bbox 775 1749 891 1828; x_wconf 82' lang='lat' dir='ltr'><strong>passim</strong></span> <span class='ocrx_word' id='word_1_126' title='bbox 913 1747 1086 1810; x_wconf 85' lang='lat' dir='ltr'><strong>venduntur</strong></span> 
     </span>
     <span class='ocr_line' id='line_1_19' title="bbox 164 1830 1086 1912; baseline -0.002 -19"><span class='ocrx_word' id='word_1_127' title='bbox 164 1832 267 1893; x_wconf 90' lang='lat' dir='ltr'><strong>omnia</strong></span> <span class='ocrx_word' id='word_1_128' title='bbox 296 1830 424 1908; x_wconf 81' lang='lat' dir='ltr'><strong>Christi,</strong></span> <span class='ocrx_word' id='word_1_129' title='bbox 460 1835 649 1911; x_wconf 84' lang='lat' dir='ltr'><strong>exsuguntur</strong></span> <span class='ocrx_word' id='word_1_130' title='bbox 677 1830 800 1911; x_wconf 91' lang='lat' dir='ltr'><strong>populi,</strong></span> <span class='ocrx_word' id='word_1_131' title='bbox 843 1837 990 1902; x_wconf 84' lang='lat' dir='ltr'><strong>vorantur</strong></span> <span class='ocrx_word' id='word_1_132' title='bbox 1025 1832 1086 1912; x_wconf 87' lang='lat' dir='ltr'><strong>epi-</strong></span> 
     </span>
     <span class='ocr_line' id='line_1_20' title="bbox 163 1912 1085 1995; baseline 0.002 -21"><span class='ocrx_word' id='word_1_133' title='bbox 163 1920 309 1995; x_wconf 87' lang='lat' dir='ltr'><strong>scopatus</strong></span> <span class='ocrx_word' id='word_1_134' title='bbox 331 1912 451 1994; x_wconf 87' lang='lat' dir='ltr'><strong>palliis,</strong></span> <span class='ocrx_word' id='word_1_135' title='bbox 485 1912 659 1975; x_wconf 83' lang='lat' dir='ltr'><strong>sacerdotia</strong></span> <span class='ocrx_word' id='word_1_136' title='bbox 688 1915 826 1992; x_wconf 65' lang='lat' dir='ltr'><strong>canatis,</strong></span> <span class='ocrx_word' id='word_1_137' title='bbox 864 1933 923 1974; x_wconf 90' lang='lat' dir='ltr'><strong>neo</strong></span> <span class='ocrx_word' id='word_1_138' title='bbox 944 1933 1000 1981; x_wconf 86' lang='lat' dir='ltr'><strong>eoa</strong></span> <span class='ocrx_word' id='word_1_139' title='bbox 1023 1913 1085 1977; x_wconf 85' lang='lat' dir='ltr'><strong>ulio</strong></span> 
     </span>
     <span class='ocr_line' id='line_1_21' title="bbox 162 1996 1088 2077; baseline -0.002 -16"><span class='ocrx_word' id='word_1_140' title='bbox 162 2003 254 2077; x_wconf 76' lang='lat' dir='ltr'><strong>pacto</strong></span> <span class='ocrx_word' id='word_1_141' title='bbox 277 2003 406 2058; x_wconf 82' lang='lat' dir='ltr'><strong>excusat</strong></span> <span class='ocrx_word' id='word_1_142' title='bbox 427 1996 628 2076; x_wconf 85' lang='lat' dir='ltr'><strong>superioritas</strong></span> <span class='ocrx_word' id='word_1_143' title='bbox 649 2014 764 2077; x_wconf 86' lang='lat' dir='ltr'><strong>papae,</strong></span> <span class='ocrx_word' id='word_1_144' title='bbox 786 1998 858 2076; x_wconf 88' lang='lat' dir='ltr'><strong>quia</strong></span> <span class='ocrx_word' id='word_1_145' title='bbox 879 1997 955 2077; x_wconf 69' lang='lat' dir='ltr'><strong>plur</strong></span> <span class='ocrx_word' id='word_1_146' title='bbox 973 1996 1088 2067; x_wconf 80' lang='lat' dir='ltr'><strong>debent</strong></span> 
     </span>
     <span class='ocr_line' id='line_1_22' title="bbox 162 2077 1084 2161; baseline 0 -20"><span class='ocrx_word' id='word_1_147' title='bbox 162 2099 306 2161; x_wconf 82' lang='lat' dir='ltr'><strong>supremo</strong></span> <span class='ocrx_word' id='word_1_148' title='bbox 336 2079 472 2140; x_wconf 92' lang='lat' dir='ltr'><strong>omnium</strong></span> <span class='ocrx_word' id='word_1_149' title='bbox 498 2077 638 2158; x_wconf 76' lang='lat' dir='ltr'><strong>Christo,</strong></span> <span class='ocrx_word' id='word_1_150' title='bbox 671 2077 702 2140; x_wconf 93' lang='lat' dir='ltr'><strong>id</strong></span> <span class='ocrx_word' id='word_1_151' title='bbox 730 2085 791 2158; x_wconf 85' lang='lat' dir='ltr'><strong>est,</strong></span> <span class='ocrx_word' id='word_1_152' title='bbox 822 2081 961 2158; x_wconf 80' lang='lat' dir='ltr'><strong>veritati,</strong></span> <span class='ocrx_word' id='word_1_153' title='bbox 993 2098 1084 2160; x_wconf 86' lang='lat' dir='ltr'><strong>quam</strong></span> 
     </span>
     <span class='ocr_line' id='line_1_23' title="bbox 162 2162 1085 2242; baseline 0 -18"><span class='ocrx_word' id='word_1_154' title='bbox 162 2163 213 2225; x_wconf 87' lang='lat' dir='ltr'><strong>nbi</strong></span> <span class='ocrx_word' id='word_1_155' title='bbox 234 2163 341 2223; x_wconf 90' lang='lat' dir='ltr'><strong>vident</strong></span> <span class='ocrx_word' id='word_1_156' title='bbox 361 2181 416 2242; x_wconf 89' lang='lat' dir='ltr'><strong>per</strong></span> <span class='ocrx_word' id='word_1_157' title='bbox 438 2181 548 2241; x_wconf 88' lang='lat' dir='ltr'><strong>papam</strong></span> <span class='ocrx_word' id='word_1_158' title='bbox 572 2162 780 2242; x_wconf 88' lang='lat' dir='ltr'><strong>pessumdari,</strong></span> <span class='ocrx_word' id='word_1_159' title='bbox 814 2171 845 2224; x_wconf 90' lang='lat' dir='ltr'><strong>et</strong></span> <span class='ocrx_word' id='word_1_160' title='bbox 873 2181 936 2223; x_wconf 90' lang='lat' dir='ltr'><strong>oon</strong></span> <span class='ocrx_word' id='word_1_161' title='bbox 965 2181 1085 2224; x_wconf 90' lang='lat' dir='ltr'><strong>succur-</strong></span> 
     </span>
     <span class='ocr_line' id='line_1_24' title="bbox 161 2245 1085 2326; baseline 0 -20"><span class='ocrx_word' id='word_1_162' title='bbox 161 2253 247 2323; x_wconf 87' lang='lat' dir='ltr'><strong>runt,</strong></span> <span class='ocrx_word' id='word_1_163' title='bbox 279 2247 323 2305; x_wconf 88' lang='lat' dir='ltr'><strong>rei</strong></span> <span class='ocrx_word' id='word_1_164' title='bbox 352 2251 423 2304; x_wconf 88' lang='lat' dir='ltr'><strong>aunt</strong></span> <span class='ocrx_word' id='word_1_165' title='bbox 452 2246 588 2305; x_wconf 89' lang='lat' dir='ltr'><strong>omniurn</strong></span> <span class='ocrx_word' id='word_1_166' title='bbox 622 2245 790 2326; x_wconf 89' lang='lat' dir='ltr'><strong>malorum,</strong></span> <span class='ocrx_word' id='word_1_167' title='bbox 823 2265 902 2325; x_wconf 91' lang='lat' dir='ltr'><strong>quae</strong></span> <span class='ocrx_word' id='word_1_168' title='bbox 931 2265 1015 2326; x_wconf 88' lang='lat' dir='ltr'><strong>papa</strong></span> <span class='ocrx_word' id='word_1_169' title='bbox 1036 2245 1085 2307; x_wconf 78' lang='lat' dir='ltr'><strong>val</strong></span> 
     </span>
     <span class='ocr_line' id='line_1_25' title="bbox 163 2327 723 2390; baseline 0.002 -1"><span class='ocrx_word' id='word_1_170' title='bbox 163 2327 298 2390; x_wconf 86' lang='lat' dir='ltr'><strong>volendo</strong></span> <span class='ocrx_word' id='word_1_171' title='bbox 322 2328 372 2388; x_wconf 85' lang='lat' dir='ltr'><strong>vel</strong></span> <span class='ocrx_word' id='word_1_172' title='bbox 396 2327 618 2389; x_wconf 85' lang='lat' dir='ltr'><strong>dissimulando</strong></span> <span class='ocrx_word' id='word_1_173' title='bbox 641 2328 723 2390; x_wconf 86' lang='lat' dir='ltr'><strong>facit.</strong></span> 
     </span>
    </p>

    <p class='ocr_par' dir='ltr' id='par_1_5' title="bbox 160 2409 1085 3303">
     <span class='ocr_line' id='line_1_26' title="bbox 245 2409 1085 2491; baseline 0 -20"><span class='ocrx_word' id='word_1_174' title='bbox 245 2409 328 2472; x_wconf 90' lang='lat' dir='ltr'><strong>ldem</strong></span> <span class='ocrx_word' id='word_1_175' title='bbox 351 2413 485 2491; x_wconf 88' lang='lat' dir='ltr'><strong>pertinet</strong></span> <span class='ocrx_word' id='word_1_176' title='bbox 506 2411 544 2472; x_wconf 89' lang='lat' dir='ltr'><strong>ad</strong></span> <span class='ocrx_word' id='word_1_177' title='bbox 573 2430 630 2472; x_wconf 91' lang='lat' dir='ltr'><strong>nos</strong></span> <span class='ocrx_word' id='word_1_178' title='bbox 654 2431 778 2489; x_wconf 86' lang='lat' dir='ltr'><strong>omnes,</strong></span> <span class='ocrx_word' id='word_1_179' title='bbox 812 2430 882 2471; x_wconf 90' lang='lat' dir='ltr'><strong>nam</strong></span> <span class='ocrx_word' id='word_1_180' title='bbox 911 2430 1012 2490; x_wconf 90' lang='lat' dir='ltr'><strong>aequo</strong></span> <span class='ocrx_word' id='word_1_181' title='bbox 1035 2411 1085 2471; x_wconf 81' lang='lat' dir='ltr'><strong>de</strong></span> 
     </span>
     <span class='ocr_line' id='line_1_27' title="bbox 161 2490 1084 2576; baseline 0 -21"><span class='ocrx_word' id='word_1_182' title='bbox 161 2490 225 2555; x_wconf 90' lang='lat' dir='ltr'><strong>bito</strong></span> <span class='ocrx_word' id='word_1_183' title='bbox 246 2513 350 2554; x_wconf 89' lang='lat' dir='ltr'><strong>sumus</strong></span> <span class='ocrx_word' id='word_1_184' title='bbox 373 2494 482 2555; x_wconf 82' lang='lat' dir='ltr'><strong>Christi</strong></span> <span class='ocrx_word' id='word_1_185' title='bbox 505 2494 623 2576; x_wconf 84' lang='lat' dir='ltr'><strong>gloriae</strong></span> <span class='ocrx_word' id='word_1_186' title='bbox 646 2494 800 2572; x_wconf 80' lang='lat' dir='ltr'><strong>obstricti,</strong></span> <span class='ocrx_word' id='word_1_187' title='bbox 824 2494 881 2553; x_wconf 90' lang='lat' dir='ltr'><strong>nisi</strong></span> <span class='ocrx_word' id='word_1_188' title='bbox 904 2493 989 2573; x_wconf 92' lang='lat' dir='ltr'><strong>quod</strong></span> <span class='ocrx_word' id='word_1_189' title='bbox 1010 2492 1084 2555; x_wconf 86' lang='lat' dir='ltr'><strong>iilud</strong></span> 
     </span>
     <span class='ocr_line' id='line_1_28' title="bbox 161 2575 1084 2657; baseline -0.002 -19"><span class='ocrx_word' id='word_1_190' title='bbox 161 2576 295 2646; x_wconf 58' lang='lat' dir='ltr'><strong>Paulis)</strong></span> <span class='ocrx_word' id='word_1_191' title='bbox 331 2575 557 2638; x_wconf 89' lang='lat' dir='ltr'><strong>observandum</strong></span> <span class='ocrx_word' id='word_1_192' title='bbox 581 2584 628 2638; x_wconf 89' lang='lat' dir='ltr'><strong>est</strong></span> <span class='ocrx_word' id='word_1_193' title='bbox 650 2578 765 2657; x_wconf 91' lang='lat' dir='ltr'><strong>primo:</strong></span> <span class='ocrx_word' id='word_1_194' title='bbox 798 2575 958 2637; x_wconf 80' lang='lat' dir='ltr'><strong>Seniorem</strong></span> <span class='ocrx_word' id='word_1_195' title='bbox 980 2595 1021 2637; x_wconf 90' lang='lat' dir='ltr'><strong>na</strong></span> <span class='ocrx_word' id='word_1_196' title='bbox 1042 2577 1084 2636; x_wconf 64' lang='lat' dir='ltr'><strong>iuss</strong></span> 
     </span>
     <span class='ocr_line' id='line_1_29' title="bbox 161 2659 1084 2741; baseline 0.001 -21"><span class='ocrx_word' id='word_1_197' title='bbox 161 2661 351 2740; x_wconf 90' lang='lat' dir='ltr'><strong>orepaveris,</strong></span> <span class='ocrx_word' id='word_1_198' title='bbox 374 2659 428 2721; x_wconf 91' lang='lat' dir='ltr'><strong>sed</strong></span> <span class='ocrx_word' id='word_1_199' title='bbox 452 2659 582 2721; x_wconf 90' lang='lat' dir='ltr'><strong>obsecra</strong></span> <span class='ocrx_word' id='word_1_200' title='bbox 609 2666 641 2720; x_wconf 91' lang='lat' dir='ltr'><strong>ut</strong></span> <span class='ocrx_word' id='word_1_201' title='bbox 662 2667 795 2739; x_wconf 90' lang='lat' dir='ltr'><strong>patrem,</strong></span> <span class='ocrx_word' id='word_1_202' title='bbox 826 2679 934 2741; x_wconf 72' lang='lat' dir='ltr'><strong>perum</strong></span> <span class='ocrx_word' id='word_1_203' title='bbox 957 2659 1009 2720; x_wconf 93' lang='lat' dir='ltr'><strong>ubi</strong></span> <span class='ocrx_word' id='word_1_204' title='bbox 1033 2660 1084 2722; x_wconf 93' lang='lat' dir='ltr'><strong>ob·</strong></span> 
     </span>
     <span class='ocr_line' id='line_1_30' title="bbox 161 2742 1083 2823; baseline 0.001 -19"><span class='ocrx_word' id='word_1_205' title='bbox 161 2744 293 2807; x_wconf 86' lang='lat' dir='ltr'><strong>sacranti</strong></span> <span class='ocrx_word' id='word_1_206' title='bbox 313 2763 376 2804; x_wconf 90' lang='lat' dir='ltr'><strong>non</strong></span> <span class='ocrx_word' id='word_1_207' title='bbox 400 2745 542 2819; x_wconf 88' lang='lat' dir='ltr'><strong>cesserit,</strong></span> <span class='ocrx_word' id='word_1_208' title='bbox 581 2743 653 2822; x_wconf 91' lang='lat' dir='ltr'><strong>quid</strong></span> <span class='ocrx_word' id='word_1_209' title='bbox 680 2742 763 2804; x_wconf 89' lang='lat' dir='ltr'><strong>aliud</strong></span> <span class='ocrx_word' id='word_1_210' title='bbox 791 2750 882 2823; x_wconf 88' lang='lat' dir='ltr'><strong>putas</strong></span> <span class='ocrx_word' id='word_1_211' title='bbox 909 2742 1083 2809; x_wconf 84' lang='lat' dir='ltr'><strong>faciendum</strong></span> 
     </span>
     <span class='ocr_line' id='line_1_31' title="bbox 161 2825 1085 2906; baseline -0.001 -18"><span class='ocrx_word' id='word_1_212' title='bbox 161 2827 311 2904; x_wconf 84' lang='lat' dir='ltr'><strong>suadebit,</strong></span> <span class='ocrx_word' id='word_1_213' title='bbox 333 2827 390 2887; x_wconf 92' lang='lat' dir='ltr'><strong>nisi</strong></span> <span class='ocrx_word' id='word_1_214' title='bbox 413 2827 600 2888; x_wconf 89' lang='lat' dir='ltr'><strong>haereticum</strong></span> <span class='ocrx_word' id='word_1_215' title='bbox 613 2826 770 2887; x_wconf 88' lang='lat' dir='ltr'><strong>hominem</strong></span> <span class='ocrx_word' id='word_1_216' title='bbox 794 2825 916 2886; x_wconf 89' lang='lat' dir='ltr'><strong>devita?</strong></span> <span class='ocrx_word' id='word_1_217' title='bbox 937 2825 1007 2887; x_wconf 83' lang='lat' dir='ltr'><strong>Nou</strong></span> <span class='ocrx_word' id='word_1_218' title='bbox 1031 2845 1085 2906; x_wconf 94' lang='lat' dir='ltr'><strong>po-</strong></span> 
     </span>
     <span class='ocr_line' id='line_1_32' title="bbox 160 2908 1084 2990; baseline 0 -20"><span class='ocrx_word' id='word_1_219' title='bbox 160 2917 256 2971; x_wconf 83' lang='lat' dir='ltr'><strong>testas</strong></span> <span class='ocrx_word' id='word_1_220' title='bbox 278 2928 379 2990; x_wconf 87' lang='lat' dir='ltr'><strong>papae</strong></span> <span class='ocrx_word' id='word_1_221' title='bbox 411 2915 464 2969; x_wconf 87' lang='lat' dir='ltr'><strong>aut</strong></span> <span class='ocrx_word' id='word_1_222' title='bbox 492 2910 621 2970; x_wconf 91' lang='lat' dir='ltr'><strong>alicuius</strong></span> <span class='ocrx_word' id='word_1_223' title='bbox 653 2911 792 2989; x_wconf 80' lang='lat' dir='ltr'><strong>episcopi</strong></span> <span class='ocrx_word' id='word_1_224' title='bbox 822 2910 853 2969; x_wconf 91' lang='lat' dir='ltr'><strong>in</strong></span> <span class='ocrx_word' id='word_1_225' title='bbox 876 2908 1010 2982; x_wconf 89' lang='lat' dir='ltr'><strong>ecclesia</strong></span> <span class='ocrx_word' id='word_1_226' title='bbox 1032 2908 1084 2970; x_wconf 86' lang='lat' dir='ltr'><strong>do-</strong></span> 
     </span>
     <span class='ocr_line' id='line_1_33' title="bbox 160 2990 1083 3072; baseline -0.001 -18"><span class='ocrx_word' id='word_1_227' title='bbox 160 2994 302 3069; x_wconf 87' lang='lat' dir='ltr'><strong>minatur,</strong></span> <span class='ocrx_word' id='word_1_228' title='bbox 324 2992 379 3054; x_wconf 89' lang='lat' dir='ltr'><strong>sed</strong></span> <span class='ocrx_word' id='word_1_229' title='bbox 401 2992 527 3054; x_wconf 89' lang='lat' dir='ltr'><strong>verbum</strong></span> <span class='ocrx_word' id='word_1_230' title='bbox 550 2992 617 3071; x_wconf 89' lang='lat' dir='ltr'><strong>Dei,</strong></span> <span class='ocrx_word' id='word_1_231' title='bbox 641 2992 723 3072; x_wconf 87' lang='lat' dir='ltr'><strong>quod</strong></span> <span class='ocrx_word' id='word_1_232' title='bbox 747 2991 821 3051; x_wconf 90' lang='lat' dir='ltr'><strong>nulli</strong></span> <span class='ocrx_word' id='word_1_233' title='bbox 844 2999 892 3052; x_wconf 88' lang='lat' dir='ltr'><strong>est</strong></span> <span class='ocrx_word' id='word_1_234' title='bbox 913 2990 1083 3072; x_wconf 85' lang='lat' dir='ltr'><strong>alligatum,</strong></span> 
     </span>
     <span class='ocr_line' id='line_1_34' title="bbox 160 3074 1083 3157; baseline -0.002 -20"><span class='ocrx_word' id='word_1_235' title='bbox 160 3077 296 3137; x_wconf 90' lang='lat' dir='ltr'><strong>omnium</strong></span> <span class='ocrx_word' id='word_1_236' title='bbox 319 3075 522 3155; x_wconf 84' lang='lat' dir='ltr'><strong>liberrimum,</strong></span> <span class='ocrx_word' id='word_1_237' title='bbox 556 3095 611 3136; x_wconf 89' lang='lat' dir='ltr'><strong>rex</strong></span> <span class='ocrx_word' id='word_1_238' title='bbox 632 3095 739 3157; x_wconf 83' lang='lat' dir='ltr'><strong>regum</strong></span> <span class='ocrx_word' id='word_1_239' title='bbox 762 3082 793 3135; x_wconf 87' lang='lat' dir='ltr'><strong>et</strong></span> <span class='ocrx_word' id='word_1_240' title='bbox 815 3074 964 3135; x_wconf 91' lang='lat' dir='ltr'><strong>Dominus</strong></span> <span class='ocrx_word' id='word_1_241' title='bbox 987 3074 1083 3136; x_wconf 90' lang='lat' dir='ltr'><strong>domi·</strong></span> 
     </span>
     <span class='ocr_line' id='line_1_35' title="bbox 160 3156 1084 3248; baseline -0.003 -29"><span class='ocrx_word' id='word_1_242' title='bbox 160 3159 317 3238; x_wconf 84' lang='lat' dir='ltr'><strong>nantium,</strong></span> <span class='ocrx_word' id='word_1_243' title='bbox 351 3165 490 3238; x_wconf 84' lang='lat' dir='ltr'><strong>potestas</strong></span> <span class='ocrx_word' id='word_1_244' title='bbox 525 3178 625 3248; x_wconf 77' lang='lat' dir='ltr'><strong>papae</strong></span> <span class='ocrx_word' id='word_1_245' title='bbox 648 3159 778 3218; x_wconf 89' lang='lat' dir='ltr'><strong>servitus</strong></span> <span class='ocrx_word' id='word_1_246' title='bbox 801 3165 864 3235; x_wconf 87' lang='lat' dir='ltr'><strong>est,</strong></span> <span class='ocrx_word' id='word_1_247' title='bbox 901 3176 964 3218; x_wconf 88' lang='lat' dir='ltr'><strong>uon</strong></span> <span class='ocrx_word' id='word_1_248' title='bbox 988 3156 1084 3218; x_wconf 85' lang='lat' dir='ltr'><strong>dorni·</strong></span> 
     </span>
     <span class='ocr_line' id='line_1_36' title="bbox 160 3261 252 3303; baseline -0.011 -1"><span class='ocrx_word' id='word_1_249' title='bbox 160 3261 252 3303; x_wconf 84' lang='lat' dir='ltr'><strong>nrum.</strong></span> 
     </span>
    </p>

    <p class='ocr_par' dir='ltr' id='par_1_6' title="bbox 159 3323 1085 3572">
     <span class='ocr_line' id='line_1_37' title="bbox 240 3323 1085 3387; baseline -0.002 0"><span class='ocrx_word' id='word_1_250' title='bbox 240 3325 320 3387; x_wconf 90' lang='lat' dir='ltr'><strong>Hinc</strong></span> <span class='ocrx_word' id='word_1_251' title='bbox 342 3325 444 3387; x_wconf 88' lang='lat' dir='ltr'><strong>multis</strong></span> <span class='ocrx_word' id='word_1_252' title='bbox 468 3323 641 3385; x_wconf 85' lang='lat' dir='ltr'><strong>nominihus</strong></span> <span class='ocrx_word' id='word_1_253' title='bbox 674 3323 922 3386; x_wconf 82' lang='lat' dir='ltr'><strong>commendanda</strong></span> <span class='ocrx_word' id='word_1_254' title='bbox 949 3331 998 3384; x_wconf 91' lang='lat' dir='ltr'><strong>est</strong></span> <span class='ocrx_word' id='word_1_255' title='bbox 1020 3324 1085 3385; x_wconf 89' lang='lat' dir='ltr'><strong>uni·</strong></span> 
     </span>
     <span class='ocr_line' id='line_1_38' title="bbox 160 3404 1084 3487; baseline 0.003 -21"><span class='ocrx_word' id='word_1_256' title='bbox 160 3408 291 3470; x_wconf 85' lang='lat' dir='ltr'><strong>versitas</strong></span> <span class='ocrx_word' id='word_1_257' title='bbox 313 3407 573 3468; x_wconf 81' lang='lat' dir='ltr'><strong>Ohristianissima</strong></span> <span class='ocrx_word' id='word_1_258' title='bbox 595 3406 787 3486; x_wconf 88' lang='lat' dir='ltr'><strong>Parisiensis,</strong></span> <span class='ocrx_word' id='word_1_259' title='bbox 811 3425 891 3487; x_wconf 86' lang='lat' dir='ltr'><strong>quae</strong></span> <span class='ocrx_word' id='word_1_260' title='bbox 910 3404 980 3486; x_wconf 87' lang='lat' dir='ltr'><strong>plus</strong></span> <span class='ocrx_word' id='word_1_261' title='bbox 1003 3406 1084 3487; x_wconf 88' lang='lat' dir='ltr'><strong>prin·</strong></span> 
     </span>
     <span class='ocr_line' id='line_1_39' title="bbox 159 3489 1084 3572; baseline -0.001 -20"><span class='ocrx_word' id='word_1_262' title='bbox 159 3492 236 3572; x_wconf 87' lang='lat' dir='ltr'><strong>cipis</strong></span> <span class='ocrx_word' id='word_1_263' title='bbox 264 3491 399 3552; x_wconf 89' lang='lat' dir='ltr'><strong>omnium</strong></span> <span class='ocrx_word' id='word_1_264' title='bbox 432 3490 567 3551; x_wconf 86' lang='lat' dir='ltr'><strong>veritatis</strong></span> <span class='ocrx_word' id='word_1_265' title='bbox 603 3499 633 3552; x_wconf 89' lang='lat' dir='ltr'><strong>et</strong></span> <span class='ocrx_word' id='word_1_266' title='bbox 665 3490 851 3552; x_wconf 88' lang='lat' dir='ltr'><strong>dominantis</strong></span> <span class='ocrx_word' id='word_1_267' title='bbox 885 3489 916 3549; x_wconf 90' lang='lat' dir='ltr'><strong>in</strong></span> <span class='ocrx_word' id='word_1_268' title='bbox 950 3489 1084 3553; x_wconf 85' lang='lat' dir='ltr'><strong>ecclesia</strong></span> 
     </span>
    </p>
   </div>
   <div class='ocr_carea' id='block_1_3' title="bbox 119 3670 568 3816">
    <p class='ocr_par' dir='ltr' id='par_1_7' title="bbox 119 3670 568 3816">
     <span class='ocr_line' id='line_1_40' title="bbox 119 3670 568 3816; baseline -0.004 -8"><span class='ocrx_word' id='word_1_269' title='bbox 119 3670 159 3735; x_wconf 54' lang='lat'>⁸</span> <span class='ocrx_word' id='word_1_270' title='bbox 231 3754 261 3816; x_wconf 75' lang='lat' dir='ltr'><strong>‘t</strong></span> <span class='ocrx_word' id='word_1_271' title='bbox 282 3755 297 3808; x_wconf 94' lang='lat'>1</span> <span class='ocrx_word' id='word_1_272' title='bbox 317 3754 387 3807; x_wconf 81' lang='lat' dir='ltr'><strong>Tim</strong></span> <span class='ocrx_word' id='word_1_273' title='bbox 406 3755 432 3808; x_wconf 79' lang='lat' dir='ltr'><strong>b.</strong></span> <span class='ocrx_word' id='word_1_274' title='bbox 469 3754 522 3807; x_wconf 75' lang='lat' dir='ltr'><strong>&#39;lit</strong></span> <span class='ocrx_word' id='word_1_275' title='bbox 544 3755 568 3807; x_wconf 91' lang='lat'><strong>1.</strong></span> 
     </span>
    </p>
   </div>
   <div class='ocr_carea' id='block_1_4' title="bbox 0 0 1178 4208">
    <p class='ocr_par' dir='ltr' id='par_1_8' title="bbox 0 0 1178 4208">
     <span class='ocr_line' id='line_1_41' title="bbox 0 0 1178 4208; baseline 0 0"><span class='ocrx_word' id='word_1_276' title='bbox 0 0 1178 4208; x_wconf 95' lang='lat' dir='ltr'><strong> </strong></span> 
     </span>
    </p>
   </div>
  </div>
 </body>
</html>
