2346 4208
424 249 521 305 libror.
540 249 571 304 D.
590 247 624 304 lfa
643 243 764 304 liutheri.
992 240 1053 313 177

125 452 165 495 ao
192 435 291 515 prima
328 437 393 497 eius
415 435 521 498 limina
541 437 702 518 ingressus
721 438 765 498 ita
783 435 844 498 labi
868 436 977 498 merito
998 454 1054 519 po·

125 518 245 581 tuisset.
1031 522 1034 529 ’

209 601 250 661 Et
271 621 310 662 ex
332 602 393 662 hoo
414 604 548 664 maxime
565 603 751 665 haeretioum
775 621 809 662 se
825 600 946 682 probat,
969 601 1053 682 quod

126 692 267 763 paratum
290 704 324 744 se
345 685 505 765 profitetur
534 687 638 766 ignem
671 704 709 747 ao
740 692 870 747 mortem
904 704 960 767 pro
992 685 1052 748 illis

125 766 239 845 subire,
261 773 292 828 et
315 787 438 829 omnem
457 776 565 830 eontra
586 768 958 850 sapientemhaeretioum
973 788 1052 831 esse.
1089 777 1092 782 '

124 849 230 912 Taoeo
252 870 377 930 oausas,
400 852 509 931 quibus
532 851 572 912 de
593 852 722 933 singulis
744 853 878 913 articulis
901 851 1051 914 deelaral'i

125 940 243 1014 posset
265 935 525 1014 quemadmodum
547 934 700 996 haeresim
717 937 905 1014 contineant
928 942 962 997 ut
983 954 1051 1016 pro-

126 1017 279 1078 lixitatem
300 1019 393 1078 vitem
421 1020 453 1078 in
474 1037 508 1079 re
536 1037 598 1078 non
622 1019 767 1100 ambigua
787 1038 846 1080 neo
867 1020 1051 1081 necessaria.

124 1099 220 1160 Miror
241 1100 342 1179 valde,
365 1101 553 1181 quodhomo
575 1109 637 1161 tam
652 1103 815 1162 manifeste
837 1108 967 1182 tamque
984 1106 1052 1183 pel·

125 1183 268 1244 tiuaeiter
289 1186 320 1243 in
342 1183 404 1245 lide
426 1204 549 1263 errans,
585 1191 615 1245 et
638 1203 709 1244 suas
727 1185 871 1246 haereses
894 1187 1051 1265 omniqua-

125 1284 187 1344 que
209 1265 382 1328 diffundens
404 1270 530 1349 impune
552 1286 668 1347 errare,
693 1274 724 1328 et
745 1267 824 1330 alios
845 1270 877 1329 in
899 1270 1059 1350 pernicio-1

125 1349 266 1410 sissimus
289 1370 409 1412 errores
432 1352 554 1411 trahere
576 1353 701 1431 impune
722 1353 840 1413 sinitur.
1009 1366 1013 1375 ’

209 1434 274 1494 Vos
292 1441 374 1494 oerte
397 1435 476 1496 bene
498 1453 536 1494 ao
546 1434 741 1495 laudabiliter
757 1434 867 1512 facitis,
891 1435 972 1515 quod
996 1454 1063 1515 peg

124 1513 235 1575 stiteris
257 1516 389 1577 hominis
412 1517 608 1598 dogmatibus
622 1519 785 1596 (quantum
808 1518 838 1577 in
861 1517 949 1579 vobis
984 1523 1050 1595 est)

124 1597 248 1659 obviem
271 1601 336 1677 itis,
370 1600 548 1661 doctrinalis
572 1599 840 1660 oondemnationis
879 1600 1050 1661 antidotum

123 1681 198 1741 illis
209 1683 408 1762 opponendo,
431 1703 471 1744 ue
484 1683 565 1743 illius
589 1689 691 1744 errata
703 1685 794 1744 etiam
807 1702 863 1744 vos
880 1683 1051 1762 involvant,

123 1783 205 1824 neve
225 1767 269 1825 rei
291 1767 356 1826 sitis
378 1767 461 1847 apud
477 1768 643 1827 Dominum
655 1768 836 1843 animarum,
859 1786 939 1846 quae
962 1780 1050 1828 o'eoa·

123 1847 213 1908 sione
235 1868 399 1928 perversae
421 1851 486 1911 eius
509 1849 668 1910 doetrinae
689 1856 828 1930 pereunt,
853 1849 1050 1930 quemadmo-

123 1930 197 1990 dum
219 1929 316 2010 fieret‚
338 1935 397 1993 nisi
410 1932 547 1993 eiusdem
570 1932 729 1994 doetrinae
745 1933 909 1994 falsitatem
924 1952 961 1994 aa
984 1953 1050 2014 per·

123 2014 236 2075 nioiem
269 2034 398 2077 oensura
432 2023 535 2077 vestra
566 2035 604 2076 ao
632 2015 770 2077 veritatis
803 2017 1050 2078 manifestatione

123 2101 351 2178 monstraretis,
389 2102 475 2160 iuxta
504 2099 579 2159 illud
602 2099 786 2161 Salvatoris:
825 2098 884 2176 Qui
912 2120 974 2160 non
1003 2107 1051 2160 est

123 2199 255 2253 meeum,
276 2190 384 2243 eontra
406 2203 454 2259 me
476 2189 541 2262 est,
565 2190 596 2244 et
616 2184 669 2263 qui
691 2202 753 2244 non
778 2183 898 2265 oolligit
919 2200 1049 2262 meeum,

120 2266 248 2345 spargit.

206 2347 267 2408 Sed
288 2349 363 2409 illud
376 2350 525 2430 imprimis
538 2349 701 2430 providere
716 2349 844 2428 debetis,
868 2356 901 2409 ut
921 2351 952 2410 in
976 2368 1047 2411 oon-

121 2430 321 2492 demnatione
342 2452 397 2512 per
412 2453 468 2494 vos
484 2432 670 2513 publicanda
683 2434 797 2492 nullum
818 2434 941 2493 verbum
958 2433 1048 2493 aliter

122 2521 272 2594 ponatur,
306 2535 397 2595 quam
421 2516 550 2596 abipso
575 2523 682 2575 autore
705 2517 744 2575 sit
766 2517 929 2595 seriptum,
952 2515 1046 2576 veluti

121 2600 152 2657 iu
179 2599 317 2660 articulo.
343 2599 432 2660 Cinea
454 2619 527 2660 vero
545 2599 784 2659 satisfactionem
808 2617 864 2679 pro
886 2601 1048 2659 immutare

121 2700 177 2740 seu
201 2689 317 2742 mutare
331 2685 545 2762 scriptumest,
568 2683 688 2742 imitare
709 2683 756 2740 ius
774 2681 920 2760 divinum,
944 2698 1047 2741 errore

125 2764 176 2844 (ut
199 2764 310 2839 oredo)
336 2767 502 2846 scriptoris,
524 2767 610 2845 quasi
632 2764 725 2825 homo
748 2763 902 2824 nedivina
923 2765 1045 2843 quidem

121 2849 286 2910 autoritate
309 2849 403 2909 fretus
426 2850 534 2910 tollere
557 2855 664 2928 posset
679 2848 900 2927 obligationem
921 2846 960 2907 de
982 2850 1047 2907 iure

121 2929 227 2990 divino
250 2937 281 2991 et
302 2940 430 2993 naturae
452 2939 564 3008 ortam,
598 2949 658 2990 neo
685 2949 818 3010 unquam
847 2931 966 2991 valeret
987 2930 1045 2991 dis·

122 3016 263 3093 pensatio
286 3017 317 3075 in
344 3017 435 3094 votis,
456 3016 644 3090 iuramentis,
667 3021 698 3074 et
714 3015 780 3074 aliis
805 3033 845 3074 ex
862 3030 1044 3094 quacunque

122 3116 218 3157 eausa
257 3099 428 3160 relaxativa
469 3099 666 3179 obligationis
720 3105 918 3175 contrastae3
961 3097 1045 3176 quod

122 3179 284 3241 manifeste
304 3183 412 3243 falsum
437 3189 492 3258 est,
515 3191 547 3242 et
567 3183 652 3242 omni
666 3182 818 3242 ecelesiae
831 3182 1044 3242 constitutioni

122 3267 320 3326 eontrarium.

205 3348 275 3409 Non
297 3348 398 3408 soribo
430 3366 512 3407 nuno
543 3347 630 3427 plura
663 3353 790 3426 propter
823 3348 1045 3427 oeaupationes

122 3432 284 3508 maximas,
306 3434 359 3493 det
381 3432 540 3506 Dominus,
563 3438 596 3489 ut
618 3429 703 3489 brevi
726 3449 794 3490 oum
817 3429 1045 3510 dignationibus

122 3516 232 3573 vestris
254 3516 292 3575 de
315 3516 361 3575 his
385 3520 416 3574 et
437 3514 503 3574 aliis
527 3531 673 3593 praesens
701 3513 790 3573 latius
814 3514 952 3574 conferre
975 3533 1045 3593 poe·

121 3590 188 3658 sim.
231 3598 353 3659 interea
385 3605 487 3657 tamen
523 3617 584 3656 non
619 3598 757 3678 omittam
786 3595 857 3657 lidei
892 3596 1044 3658 laboranti

121 3698 313 3759 succurrere,
342 3683 373 3741 in
395 3682 460 3759 his,
497 3699 577 3762 quae
604 3681 669 3740 istis
693 3679 833 3760 malignis
856 3680 1045 3760 temporibus

121 3783 176 3843 per
208 3784 257 3824 me
288 3766 355 3825 lieri
385 3783 422 3825 aa
455 3765 612 3844 proourari
639 3768 792 3844 poterunt.
837 3763 970 3825 Valeant
992 3763 1044 3824 diu

151 3857 243 3922 nanae
257 3891 308 3930 opp.
323 3881 350 3922 v.
361 3881 389 3921 a
403 3880 432 3921 ιι
445 3881 486 3922 rer.
499 3881 550 3922 uns
564 3881 579 3921 ι.
593 3891 612 3930 ρ.
629 3881 678 3922 vos
689 3881 727 3922 ιι.
845 3851 885 3912 12
