2346 4208
184 250 250 327 242
505 248 783 311 somn-ms

189 461 272 505 mom
294 459 383 502 suom
396 445 557 518 operatum
579 438 738 500 nonenim
758 437 857 499 homo
871 432 935 503 sihi
959 439 1040 501 visit
1058 439 1114 503 soli

189 527 220 586 in
244 543 375 604 eorpore
406 525 468 584 isto
490 523 612 584 mortali
638 520 680 586 ed
708 519 900 600 operandum
930 523 965 583 in
989 541 1050 602 eo,
1066 523 1115 584 sed

190 615 223 670 et
244 607 385 668 omnibus
408 606 582 667 hominibus
604 606 636 666 io
657 612 749 683 terre,
769 605 833 665 imo
853 605 962 667 solum
985 606 1057 667 eliis
1075 608 1114 681 ri·

190 693 237 753 vit
258 699 289 750 et
310 710 373 751 non
396 689 462 752 sibi.
505 689 540 749 ln
565 687 627 750 hoo
648 688 730 749 enim
752 705 865 767 eorpus
888 707 982 751 enum
1003 690 1117 752 subiet·

191 782 256 835 tum
273 773 367 850 lesit,
397 791 457 851 quo
480 772 628 835 sineerios
650 778 682 833 et
701 770 827 833 liberius
848 780 947 850 quest
969 771 1041 835 eliis
1060 791 1118 835 ser

191 858 266 931 vire,
286 857 367 919 siout
380 855 492 917 Paulus
504 855 594 917 Rom.
610 856 658 919 14.
681 852 769 917 dioit:
792 853 895 916 Nemo
917 855 982 917 sibi
1001 857 1119 919 visitet

193 936 354 1001 nemosibi
377 939 513 1016 moritur,
535 939 587 1017 qui
609 939 689 999 enim
706 937 790 1014 vivit,
810 937 950 999 Domino
972 940 1072 1017 vivit,
1091 946 1119 1003 el

191 1022 242 1102 qui
264 1023 401 1100 moritur,
421 1020 557 1081 Domino
575 1022 709 1084 moritur.
733 1019 807 1083 ldeo
829 1038 895 1082 non
916 1029 1030 1101 potest
1045 1021 1119 1101 heri,

191 1111 226 1167 ot
245 1106 285 1165 sit
306 1106 424 1165 otiosus
445 1105 477 1163 in
499 1103 558 1167 hee
579 1105 643 1166 vite
660 1111 692 1164 et
712 1101 830 1182 absque
844 1121 940 1184 opere
961 1124 1041 1187 erp
1056 1124 1119 1187 pre·

191 1188 293 1249 ximos
315 1205 399 1249 eoos.
421 1186 558 1249 Necesse
578 1194 627 1251 eet
648 1187 741 1263 enim,
762 1194 795 1247 ut
816 1186 975 1266 loquetur,
997 1196 1075 1270 eget
1093 1197 1122 1251 et

189 1276 387 1332 conversetur
409 1289 476 1330 eum
504 1270 696 1348 hominibus,
721 1271 801 1331 sient
821 1269 1011 1354 Christus*)
1033 1274 1067 1333 in
1085 1274 1120 1334 si

189 1352 392 1415 militudinem
414 1353 544 1427 footmd)
569 1352 674 1414 habitu
687 1356 831 1413 inventus
844 1361 893 1415 eet
915 1360 950 1414 ut
962 1354 1074 1437 homo,
1092 1363 1121 1417 st

190 1444 391 1499 conversatus
414 1455 482 1498 oum
505 1436 691 1514 hominibus,
712 1442 746 1496 nt
766 1435 886 1497 Berueh
908 1438 939 1502 3.
965 1438 1053 1501 dieis

274 1519 368 1580 Nullo
391 1528 495 1582 temen
528 1519 637 1581 horum
666 1538 745 1600 opus
778 1521 806 1579 ei
841 1527 890 1580 est
912 1519 954 1581 sd
977 1522 1120 1585 iustitie·

192 1610 225 1664 et
246 1603 388 1681 salutem,
410 1603 482 1665 ideo
503 1605 535 1663 in
558 1601 699 1665 omnibus
722 1601 866 1683 operibus
889 1604 956 1664 suis
980 1624 1023 1666 es
1033 1605 1121 1668 debet

193 1687 341 1766 opinione
363 1705 432 1750 esse
456 1686 620 1765 formatus,
653 1693 684 1748 et
704 1684 766 1748 hue
781 1685 882 1747 solum
904 1695 1073 1768 speeiem,
1092 1695 1121 1750 nt

193 1770 263 1831 eliis
285 1771 400 1831 serviet
421 1777 452 1830 et
474 1771 573 1851 prosit
593 1771 625 1831 in
648 1767 800 1846 omnibus,
821 1788 1034 1852 quoscunque
1047 1772 1120 1835 hos

191 1854 248 1933 rit,
280 1853 354 1915 nihil
377 1860 450 1914 ente
472 1853 580 1917 oeulos
602 1852 736 1931 hebens,
768 1853 827 1915 nisi
846 1856 1076 1919 necessitatem
1094 1861 1122 1917 ei

192 1936 444 1998 eommoditotem
467 1937 609 2016 proximi.
652 1933 805 1997 sicorim
829 1935 1010 2016 Apostolus
1032 1938 1121 2018 iobm

192 2027 226 2081 ut
256 2019 397 2081 menibus
426 2018 621 2094 laboremus,
656 2037 718 2098 quo
756 2018 862 2080 demus
901 2023 1120 2086 recessimus

189 2102 330 2180 heberti,
380 2121 448 2165 oum
494 2103 650 2182 potuisset
692 2099 813 2182 disere,
866 2121 930 2182 qno
982 2125 1045 2168 nos
1083 2107 1121 2187 ip

193 2205 245 2248 sos
268 2186 408 2265 olemus,
444 2185 499 2247 sed
521 2185 574 2248 det
583 2184 633 2264 2),
666 2185 779 2266 inquit,
817 2188 1044 2250 necessitatem
1074 2189 1120 2251 be

193 2269 287 2330 benti.
329 2269 408 2329 Nam
431 2276 462 2329 et
483 2270 514 2329 in
528 2269 590 2330 hoo
604 2271 703 2348 ipsum
727 2270 865 2349 eorporis
878 2288 989 2332 eurem
1011 2271 1119 2336 hebere

194 2351 400 2413 Christianum
422 2364 480 2429 est,
501 2371 562 2432 quo
586 2353 728 2433 persius
752 2353 930 2415 salutemet
952 2354 1119 2418 eommodi·

194 2441 287 2495 tetern
312 2435 472 2513 leborsre,
504 2455 553 2497 res
576 2454 725 2514 quaerere
754 2443 785 2496 et
807 2455 932 2499 servare
956 2441 1119 2519 possimus,

194 2521 224 2580 in
248 2518 416 2580 subsidium
441 2538 557 2598 eorum,
580 2520 631 2598 qui
652 2519 802 2600 indigent,
825 2526 858 2580 ut
879 2521 926 2580 sio
949 2523 1118 2585 membrum

192 2603 349 2666 robustum
373 2603 486 2664 serviet
508 2602 645 2664 membro
662 2602 794 2681 infirmo,
821 2609 852 2664 et
866 2603 965 2666 simus
988 2605 1119 2685 flliiDei,

192 2685 272 2748 elter
295 2705 351 2766 pro
385 2685 483 2748 altero
512 2685 663 2748 sollicitus
695 2693 727 2748 et
755 2685 948 2765 laboriosos,
990 2691 1118 2752 invioem

193 2787 289 2830 onere
310 2776 481 2849 portentss,
503 2778 535 2830 et
558 2771 603 2830 sio
624 2768 725 2850 legem
748 2768 860 2830 Christi
880 2771 1064 2850 implentes.

273 2852 374 2931 Eoos,
397 2853 476 2913 hseo
497 2859 639 2915 estsere
663 2852 940 2930 Christianorum
976 2856 1031 2919 hio
1052 2875 1118 2919 vere

191 2932 268 2996 fides
291 2935 403 2997 effiosx
426 2942 473 2997 est
494 2956 549 3017 per
573 2937 780 3012 dimotionem,
803 2936 933 3016 hooest,
958 2957 1032 3000 oum
1055 2957 1119 3023 gen

192 3016 243 3078 dio
267 3025 297 3078 et
320 3018 486 3081 dilectione
507 3020 612 3100 prodit
626 3021 656 3080 in
670 3039 747 3099 opus
769 3021 923 3081 servitutis
936 3020 1118 3102 liberrimus,

192 3118 252 3180 qus
275 3102 363 3163 elteri
385 3104 479 3182 gratis
503 3111 535 3165 et
556 3111 668 3184 sponte
694 3104 803 3183 servit,
838 3103 908 3183 ipss
930 3103 1060 3169 abunde
1080 3125 1119 3168 re

194 3191 259 3245 turs
273 3184 306 3261 ³)
328 3185 400 3247 fidei
422 3205 499 3248 sose
519 3186 710 3267 plenitudine
732 3193 763 3248 et
785 3185 955 3267 opulentis.

274 3267 325 3328 Sio
345 3268 558 3350 Philippenses
588 3290 657 3330 oum
680 3270 792 3331 Paulus
821 3270 999 3352 docuisset,
1034 3293 1118 3356 quen

192 3349 302 3412 divites
325 3352 398 3414 loeti
421 3360 526 3414 essent
548 3352 711 3434 perfidem
736 3353 859 3432 Christi,
879 3355 912 3415 in
935 3374 1001 3435 que
1023 3358 1118 3420 omnis

192 3433 406 3519 obtinuissent,
418 3435 572 3498 dooeteos
585 3437 731 3517 deinceps
744 3435 923 3515 dioens**):
936 3438 1045 3521 siqua
1056 3460 1117 3504 oon

228 3633 257 3687 ll
278 3629 309 3682 In
330 3631 373 3685 ed.
389 3631 470 3685 1521:
492 3633 520 3683 in
541 3631 753 3685 similitudinem
765 3633 910 3685 hominum
922 3630 1025 3693 foetus.
1047 3639 1075 3701 2)
1093 3636 1115 3686 ln

191 3702 234 3757 ed.
253 3701 323 3754 len:
342 3703 390 3756 sed
411 3709 438 3755 et
457 3705 553 3772 inquit.
574 3703 605 3765 3)
627 3705 656 3756 ln
676 3703 718 3757 ed.
739 3706 809 3773 orig.
830 3703 912 3758 eted.
935 3707 1023 3764 1521:
1044 3715 1116 3765 sotor.

263 3775 294 3838 ·)
314 3774 416 3844 Ephes.
435 3774 460 3830 2
482 3774 531 3842 u)
551 3774 623 3828 Phil.
643 3774 668 3832 2.
