2346 4208
337 245 480 314 parandus
496 247 604 298 animur
625 245 660 298 ad
678 248 805 299 mortem.
853 320 855 326 Ι
981 240 1045 307 463

208 430 266 492 Est
286 451 411 512 qnoque
422 433 559 493 Christus
581 434 699 512 gratiae
720 434 824 512 imago
848 439 956 492 contra
974 449 1045 512 pcc·

124 519 214 592 cata,
237 533 315 593 quae
338 518 396 576 etsi
417 518 447 575 in
472 535 504 575 se
527 517 710 612 recepisset,
732 522 836 575 tamen
858 515 971 575 devicit
991 534 1046 593 per
1141 527 1145 546 '

122 598 271 658 invictam
292 598 376 658 illam
399 599 553 660 obedient
533 606 616 676 tram,
639 617 700 677 qua
721 616 754 658 se
778 606 874 658 totum
896 598 1045 692 voluntati

124 680 224 741 Patris
246 681 380 743 tradidit

127 773 132 783 “
209 763 266 824 Est
288 784 412 844 quoque
440 764 566 825 coelest
546 771 584 824 tis
613 763 701 823 illa
693 783 797 844 rmago
826 769 934 823 contra
954 763 1044 823 inier-

125 865 216 923 num,
245 866 418 926 quanquam
443 850 523 908 enim
547 867 566 906 a
587 848 653 907 Deo
677 846 840 906 derelictus
863 856 960 924 esset,
982 865 1044 907 non

123 928 216 1003 aliter
237 937 330 1008 atque
351 933 393 1008 is,
424 933 475 1009 qui
497 938 641 990 aeternae
664 929 853 990 damnationi
876 936 923 989 eat
944 928 1048 989 addic-

125 1019 190 1089 tus,
225 1019 327 1072 tamen
358 1014 508 1074 infernum
543 1014 615 1072 vicit
646 1032 701 1072 suo
725 1032 830 1072 amore
860 1013 889 1070 in
914 1012 1044 1090 Patrem,

125 1113 187 1172 quo
218 1098 323 1156 omnia
358 1104 469 1176 potest.
516 1097 571 1156 Est
597 1103 698 1156 autem
730 1095 761 1154 id
795 1098 868 1155 satis
902 1114 1064 1176 magnum

124 1186 349 1258 argumentum,
372 1180 454 1258 quod
478 1181 518 1239 sit
539 1199 657 1238 summe
678 1177 808 1238 dilectus
824 1179 927 1238 Filius
949 1179 1044 1262 Porro

124 1262 232 1321 omnia
253 1262 322 1338 illa,
357 1281 437 1341 quae
457 1263 518 1322 iam
542 1264 735 1337 enumeravi,
768 1268 874 1321 nostra
896 1270 987 1337 aunt,
1021 1263 1045 1321 ai

125 1343 297 1405 eradamus.

210 1426 327 1502 Quarto
362 1427 500 1503 decimo,
535 1427 628 1488 debet
662 1433 764 1488 autenr
796 1426 885 1487 nobis
915 1446 1046 1507 magnae

126 1509 336 1601 contghtioni
359 1531 438 1589 esse,
461 1511 544 1590 quod
567 1529 630 1571 non
653 1510 753 1570 solum
776 1513 916 1586 mortem,
939 1529 1045 1589 peeca

127 1592 191 1651 tuni
221 1598 253 1653 et
283 1595 434 1654 infernum
458 1594 596 1654 Christus
619 1593 781 1671 devicerit,
812 1611 849 1651 ac
871 1591 961 1652 nobis
983 1611 1046 1653 cre·
1106 1656 1111 1663 ,

126 1675 260 1736 dandam
281 1677 365 1736 illam
379 1678 540 1737 victoriam
552 1677 758 1756 proposuerit,
782 1675 835 1734 sed
849 1677 940 1734 etiam
963 1675 1045 1753 quod

125 1777 183 1818 sua
204 1770 317 1838 sponte
346 1768 434 1840 praet
436 1780 468 1820 er
488 1761 705 1819 necessitatem
738 1759 769 1817 in
792 1777 825 1817 se
855 1760 946 1817 etiam
976 1758 1045 1817 iltas

124 1843 312 1903 tentationes
334 1845 501 1922 receperit,
538 1852 571 1904 ut
590 1862 647 1902 nos
676 1859 732 1902 suo
761 1840 904 1920 exemplo
936 1859 1046 1900 conso-

124 1925 239 2004 laretur
273 1945 311 1985 ac
344 1925 556 2000 confirmaret,
597 1944 667 1984 nam
698 1925 899 1985 tentationem
929 1925 1045 2000 mortis,

123 2008 200 2067 item
222 2011 340 2087 peccati
361 2016 393 2069 et
413 2010 523 2069 inferni
545 2011 612 2088 ipse
634 2027 757 2086 quoque
779 2026 944 2088 perpessus
967 2013 1024 2066 est.

209 2092 308 2151 Morte
331 2099 393 2151 tum
417 2091 608 2168 tentabatur,
647 2110 716 2150 cum
750 2090 887 2150 dicerent
914 2090 953 2149 ad
976 2108 1045 2149 eum

124 2173 246 2234 Iudaei:
280 2175 457 2234 Descendat
487 2194 568 2234 nunc
596 2174 762 2252 deurode,
796 2174 874 2234 alios
903 2176 1045 2251 servavit,

124 2265 228 2316 servet
259 2278 341 2317 nnnc
367 2278 401 2318 se
422 2260 530 2337 ipsum.
579 2257 709 2317 Perinde
730 2264 822 2336 atque
846 2259 870 2316 si
895 2258 939 2315 sio
966 2255 1046 2316 dice-

123 2345 208 2399 rent:
236 2341 319 2400 Ecce
349 2343 410 2400 iam
433 2344 527 2400 sentis
551 2352 699 2418 mortem,
732 2359 811 2418 quae
845 2341 898 2399 tibi
929 2341 1045 2399 nolenti

123 2422 241 2482 volenti
264 2433 311 2483 est
333 2424 508 2500 subeunda,
531 2442 631 2501 neque
652 2425 768 2502 poteris
793 2423 938 2503 effugere.
983 2424 1044 2485 Sio-

124 2514 158 2564 ut
189 2505 281 2567 Satan
311 2525 433 2584 quoque
462 2515 552 2584 tum,
575 2526 645 2565 eum
665 2507 805 2565 imminet
826 2526 924 2576 mors,
960 2507 1043 2566 illam

126 2589 275 2648 moriendi
300 2592 515 2650 necessitatem
548 2588 686 2649 horribili
717 2589 796 2648 facie
831 2591 933 2649 animo
964 2590 1044 2649 solet

123 2671 269 2732 obiicere.

207 2755 340 2815 Peccato
363 2756 536 2816 tentabatur
558 2755 710 2829 ChristuS,
744 2772 811 2811 oum
845 2751 983 2814 dicerent
1004 2756 1043 2814 ad

122 2856 192 2897 eum
216 2838 337 2897 Iudaei:
372 2839 459 2899 Alios
488 2840 639 2916 servavit,
670 2838 695 2896 si
717 2834 796 2895 filius
820 2836 875 2896 Dei
898 2847 959 2915 eat,
992 2837 1042 2897 de·

122 2921 252 2981 scandat
272 2923 333 2980 iam
357 2922 395 2981 de
417 2941 506 2981 cruce
529 2930 584 2981 etc.
625 2918 755 2980 Perinde
777 2926 869 2996 atque
892 2923 916 2978 si
934 2922 979 2979 sio
1000 2920 1042 2979 di-

122 3011 245 3064 eerent:
268 3005 418 3083 Imposuit
441 3005 530 3065 nobis
553 3007 615 3064 suis
639 3002 794 3083 operibus,
817 3002 873 3062 fuit
893 3006 1043 3082 impostor

122 3095 155 3146 et
176 3097 316 3167 nugator,
339 3095 392 3170 est⁸
406 3087 486 3147 filius
508 3088 651 3164 Satanae,
673 3107 735 3147 non
753 3086 820 3163 Dei,
844 3096 891 3147 est
910 3087 1043 3146 Satanae

122 3172 307 3248 mancipium
341 3180 402 3229 tam
441 3191 570 3251 corpore
605 3189 695 3249 quam
729 3171 844 3245 anima,
883 3189 1042 3249 nunquam

122 3254 285 3332 quicquam
335 3253 407 3314 boni
440 3254 530 3329 fecit,
570 3257 677 3313 merito
708 3255 800 3332 igitur
829 3255 888 3312 iam
933 3254 1041 3333 dignae

121 3336 328 3415 mmmmm

206 3419 472 3493 Quemadmodum
496 3427 597 3478 autem
620 3419 725 3480 ludaei
744 3419 864 3479 Christo
888 3430 950 3481 tum
972 3439 1048 3498 pec·

122 3503 197 3578 cati,
227 3511 288 3562 tum
314 3506 436 3580 mortio,
467 3509 529 3561 tum
561 3503 651 3561 etiam
679 3502 787 3560 inferni
818 3504 944 3581 faciem,
978 3523 1040 3565 non

121 3593 207 3646 certo
230 3586 351 3662 ordine,
376 3587 430 3645 ned
453 3586 580 3645 confuse
603 3584 802 3662 obiiciebant,
825 3587 868 3645 sio
890 3605 947 3646 nos
969 3605 1041 3665 quo·

122 3688 183 3747 que
212 3689 272 3729 uno
300 3671 416 3748 impetu
439 3669 579 3729 omnibus
606 3669 666 3728 illis
689 3687 917 3748 oppugnamur,
949 3681 981 3729 ut
1002 3690 1039 3731 eo

121 3752 211 3812 citius
244 3751 410 3832 desperent
442 3753 545 3813 animi.
586 3751 637 3812 Ad
665 3772 734 3813 eum
764 3770 888 3831 quoque
915 3752 1039 3814 modum
