2332 4206
181 235 246 302 464
495 228 656 306 Disputatio
673 238 704 291 l).
723 226 759 292 ‘1
776 234 811 293 1.
877 280 881 285 .

246 427 297 489 31.
332 423 409 484 Cum
443 424 517 485 nihil
547 425 646 503 possit
679 425 779 503 magis
816 423 880 484 diui
916 423 1110 501 baeretieum,

183 528 275 589 quam
298 508 464 567 humanam
488 518 627 567 naturam
650 525 720 567 esse
742 516 862 567 vestem
886 507 1066 567 divinitatis.

245 593 294 656 38.
318 590 389 651 Non
412 593 494 651 enim
518 592 614 650 vestis
627 599 658 650 et
679 609 792 669 eorpus
814 592 1108 651 constituuntunam

183 693 372 756 personam,
403 675 482 733 siout
503 673 588 733 Deus
618 681 650 733 et
674 673 772 734 homo
800 675 999 735 constituunt
1025 693 1109 734 uuam

185 777 361 840 personam.

246 843 296 905 39.
321 839 440 899 Tamen
470 839 607 918 piissime
637 840 772 900 sensisse
800 839 983 919 Seduliun,
1012 848 1108 900 oeters

184 924 324 986 earmina
343 921 477 1002 probant
498 921 740 982 evidentissime.

248 1008 299 1071 40.
328 1003 446 1065 Eadem
476 1005 597 1064 ratione
630 1005 818 1065 haereticum
846 1014 934 1065 esset
955 1005 1108 1086 vulgatum

184 1088 277 1150 illud:
303 1087 386 1149 Tota
405 1088 525 1147 trinitas
547 1096 676 1167 operata
697 1095 746 1148 est
764 1090 1019 1150 inoarnationem
1040 1088 1110 1161 Filii,

186 1174 266 1234 deut
287 1171 368 1232 duae
389 1170 512 1251 puellae
533 1172 654 1231 tertiam
674 1170 817 1249 induunt,
837 1173 909 1251 ipsa
931 1171 1027 1232 simul
1047 1190 1110 1232 sese

185 1255 344 1317 induente.

248 1341 300 1402 4l.
322 1337 370 1397 Ita
388 1335 572 1397 Scholastiei
593 1334 699 1417 aliqui,
719 1336 791 1397 dum
815 1336 991 1398 divinitatis
1014 1345 1045 1398 et
1066 1338 1110 1396 bu·

187 1421 343 1484 inanitatis
364 1418 576 1480 habitudinem
597 1422 735 1481 sentiunt
754 1420 888 1480 similem
911 1440 985 1481 esse
1013 1421 1110 1481 unioni

187 1505 307 1566 formae
328 1502 368 1564 ad
392 1504 563 1581 materiam,
582 1523 645 1564 non
667 1511 796 1584 possent
819 1502 958 1565 delendi.

250 1607 300 1668 42.
329 1603 391 1663 Alii
419 1611 529 1664 eontra
556 1624 626 1665 esse
657 1604 868 1666 habitudinem
898 1603 1035 1663 similem
1056 1622 1112 1665 ms·

187 1690 284 1750 teriae
305 1687 345 1747 ad
367 1687 517 1766 formam,
540 1688 638 1749 multo
662 1689 812 1766 ineptius,
834 1687 861 1747 si
884 1685 1063 1747 iudicentur
1079 1687 1113 1746 ri·

187 1771 269 1854 gide,
292 1771 469 1849 loquuntur.

250 1856 302 1919 43.
323 1854 433 1933 Neque
452 1853 507 1913 illa
528 1855 722 1932 consisteret,
742 1852 794 1913 ubi
823 1851 1021 1913 divinitatem
1044 1852 1113 1932 igni,

186 1947 220 2000 et
241 1938 461 1998 humanitatem
484 1937 564 1998 ferro
587 1936 737 2015 similant,
766 1937 887 1997 etiamsi
915 1939 958 1996 sit
980 1934 1114 2016 puleher·

187 2024 268 2082 rima
289 2019 466 2082 similitudo.

251 2106 301 2168 44.
329 2103 438 2183 Neque
459 2103 545 2162 illam
564 2102 646 2162 ferre
667 2101 789 2177 liceret,
811 2120 904 2180 quam
927 2102 1115 2162 Athanasius

188 2189 291 2271 ponit:
316 2186 402 2248 Siout
421 2188 524 2246 anima
544 2184 703 2246 rationalis
721 2194 752 2245 et
769 2203 842 2245 earo
858 2204 940 2245 unus
953 2193 1004 2246 est
1013 2185 1114 2260 homo,

186 2275 230 2334 ita
252 2271 337 2332 Deus
359 2277 391 2330 et
412 2269 508 2330 homo
530 2288 609 2329 unus
630 2275 677 2328 est
700 2267 847 2328 Christus.

251 2355 302 2418 45.
332 2352 448 2412 Omnes
471 2355 552 2413 enim
575 2363 692 2432 negant
712 2350 867 2411 Christum
891 2370 965 2412 esse
988 2370 1113 2432 oompo·

187 2442 290 2514 situm,
313 2437 370 2497 etsi
393 2438 591 2497 constitutum
616 2433 778 2495 affirmant.

250 2524 299 2586 46.
322 2519 405 2580 Nulli
422 2539 496 2581 vero
508 2518 654 2579 insulsius
667 2518 841 2596 loquuntur,
859 2535 954 2596 quam
964 2517 1113 2591 Moderni,

188 2626 268 2687 qnos
301 2610 430 2678 voosnt,
464 2605 516 2682 qui
545 2603 681 2662 omnium
715 2601 825 2661 volunt
855 2599 1061 2661 subtilissime
1086 2609 1114 2660 et

189 2689 399 2771 propriissime
421 2686 506 2766 loqui
529 2684 635 2747 videri.

251 2774 300 2834 47.
322 2771 361 2830 Hi
382 2769 497 2846 dieunt,
519 2769 685 2829 humanam
708 2772 847 2827 naturam
869 2769 1040 2827 sustentari
1062 2786 1111 2827 seu

188 2855 377 2934 suppositari
398 2872 417 2912 a
439 2851 543 2913 divina
565 2857 683 2927 natura,
706 2870 760 2911 seu
781 2852 945 2929 supposito
969 2849 1086 2912 divino.

250 2960 301 3023 48.
330 2959 399 3019 Hoo
426 2966 458 3018 et
485 2965 668 3038 portentose
700 2956 826 3035 dieitur,
858 2964 891 3017 et
917 2957 1007 3037 eogit
1036 2974 1111 3036 pene

187 3041 285 3101 Deum
308 3041 393 3102 velut
413 3044 538 3122 portare
561 3040 611 3100 vel
634 3046 757 3121 gestare
777 3039 1014 3101 humanitatem.

249 3148 299 3208 49.
330 3146 390 3208 Sed
425 3165 533 3206 omnes
563 3147 607 3206 illi
637 3152 721 3207 reete
749 3151 781 3206 et
801 3144 958 3206 oatholioe
981 3147 1111 3226 sapiunt,

186 3229 258 3292 ideo
282 3230 489 3291 condonanda
510 3237 558 3290 est
578 3230 638 3291 illis
660 3228 858 3291 incommoda
879 3228 1012 3293 looutio.

249 3334 296 3395 50.
322 3330 401 3406 Quia
423 3351 486 3392 rem
508 3331 695 3392 ineffabilem
718 3330 866 3392 volebant
879 3327 980 3409 effari,
1002 3328 1110 3391 deinde

185 3417 286 3476 omnis
308 3415 475 3477 similitudo
499 3415 660 3493 claudicet,
683 3433 741 3474 neo
763 3432 898 3494 unquam
920 3416 974 3494 (ut
989 3412 1107 3487 dieunt)

185 3499 278 3560 ourrit
298 3504 430 3576 quatuor
450 3498 591 3579 pedibus.

248 3585 298 3645 51.
320 3580 352 3642 Si
372 3601 434 3642 non
456 3581 568 3662 placet,
591 3582 641 3642 vel
663 3600 726 3642 non
741 3579 923 3660 intelligitur
936 3580 1008 3658 ista,
1032 3578 1108 3640 Obri-

185 3674 250 3728 stus
272 3666 440 3726 seeundum
463 3665 546 3744 quod
569 3665 671 3726 Homo
702 3671 750 3725 est
777 3672 938 3743 ereatura,
973 3661 1109 3725 cousula-

183 3757 234 3819 tur
253 3750 487 3840 grammatibus.
