2346 4208
166 267 228 334 344
402 269 495 323 Resoi.
515 270 540 322 t.
561 285 645 338 super
664 271 857 338 Propositione

168 459 201 515 ut
221 455 300 514 iuret
321 474 355 515 se
376 462 461 516 reete
482 457 613 534 iurasse,
651 455 744 535 idque
766 458 832 517 sine
853 455 932 531 fine,
965 470 1035 512 cum
1055 453 1087 511 in

168 537 254 598 nullo
276 539 447 599 iuramento
471 540 692 600 conscientiam
715 541 779 599 eius
801 557 934 615 noscas,
961 541 1089 596 rectene

168 622 261 698 iuret,
298 640 337 680 an
361 621 471 682 secus?
504 621 535 682 Si
557 628 659 682 autem
686 623 861 703 ignorantia
889 623 948 680 ista
969 617 1086 680 consci-

169 704 272 764 entiae
296 723 358 763 non
392 710 498 765 movet
529 704 568 765 ad
597 707 791 766 exactionem
813 703 991 778 iuramenti,
1028 718 1090 780 qua

168 787 268 847 fronte
290 788 496 866 ignorantiam
519 790 773 848 conscientiarum
797 807 853 867 pro
877 804 972 847 causa
993 783 1087 844 addu-

169 869 233 929 cis?
277 868 365 943 Quae
395 878 442 931 est
463 872 522 930 ista
544 871 690 932 mirabilis
713 873 743 930 in
766 891 826 932 uno
849 871 974 931 homine
997 879 1090 946 super

168 951 278 1013 eodem
301 950 428 1013 homine
449 955 598 1032 patientia
618 962 649 1015 et
667 956 859 1035 impatientia
883 947 1087 1034 ignorarnel)

169 1036 399 1097 conscientiae?
422 1035 454 1096 Si
468 1046 596 1118 accepto
620 1038 792 1097 iuramento
816 1043 930 1097 tantam
960 1033 1089 1093 admini-

168 1118 347 1179 strationem
371 1119 400 1178 ei
416 1119 513 1180 cedis:
528 1139 580 1180 our
593 1138 666 1200 non,
691 1119 774 1200 quod
795 1119 892 1181 levius
915 1124 990 1196 erat,
1009 1116 1090 1176 iura·

170 1206 304 1261 mentum
331 1201 393 1281 [ei]
420 1202 526 1262 cedis?
548 1204 597 1263 An
623 1210 729 1282 putas,
755 1203 836 1283 quod
861 1203 958 1263 maior
979 1202 1029 1259 re‘s
1052 1199 1092 1258 sit
1166 1220 1170 1228 ·

168 1285 370 1344 iuramentum
394 1280 447 1345 tibi
469 1287 665 1366 praestitum,
699 1305 788 1366 quam
812 1293 916 1346 tantae
938 1281 1091 1344 ecclesiae

168 1364 410 1431 administratio?

251 1449 299 1509 Ad
321 1449 415 1529 haec,
444 1453 586 1531 ignorata
607 1453 798 1512 conscientia
820 1450 925 1512 debuit
944 1456 975 1509 te
998 1454 1093 1528 quam

171 1532 354 1593 tritissimum
378 1534 480 1594 facere
502 1526 540 1594 ad
553 1534 773 1615 imponendam
797 1533 1036 1614 praelationem,
1058 1537 1093 1591 ut

171 1633 209 1676 eo
232 1617 330 1696 magis
352 1616 540 1697 relinqueres
563 1619 781 1694 iuramentum,
812 1635 872 1697 quo
896 1616 1001 1676 minus
1019 1632 1092 1675 con·

170 1698 315 1760 scientias
339 1701 430 1774 nosti,
453 1719 493 1760 ne
513 1700 593 1763 forte
615 1700 654 1761 ad
671 1702 834 1780 periurium
860 1718 928 1760 eum
951 1716 1091 1795 cogeres.

170 1781 375 1844 Gaudendum
400 1782 454 1843 tibi
474 1784 546 1862 suit,
578 1783 658 1844 hanc
685 1783 779 1844 tibia
802 1783 923 1844 Christo
951 1779 1090 1842 relictam

169 1864 361 1939 libertatem,
383 1872 416 1927 ut
436 1868 537 1947 possis
561 1868 606 1927 eis
629 1886 704 1928 oves
728 1868 937 1942 committere,
960 1877 1091 1949 quorum

170 1948 266 2010 corda
299 1968 360 2009 non
391 1950 482 2010 nosti.
526 1948 615 2010 Nunc
646 1969 702 2031 per
732 1949 935 2010 iuramentum
972 1951 1093 2009 secreta

172 2031 326 2113 exploras,
349 2038 402 2091 aut
423 2033 455 2091 in
468 2032 637 2112 periculum
650 2032 934 2111 fratrem-adducis,
960 2028 1091 2110 quorum

171 2121 332 2193 utrumque
353 2114 566 2194 gravissimum
592 2123 652 2177 est:
686 2113 778 2194 idque
801 2117 867 2176 sine
890 2122 998 2191 causa,
1024 2110 1092 2174 'nec

170 2204 295 2277 propter
323 2197 439 2275 Deum,
469 2197 522 2258 sed
556 2205 682 2279 propter
714 2197 894 2259 fidelitatem
926 2198 1091 2258 Romanae

170 2277 331 2340 ecclcsiae.

150 2393 176 2428 ,·
250 2364 390 2438 Demum,
413 2363 437 2422 si
460 2363 633 2444 ignorantie
657 2370 704 2423 est
726 2383 819 2424 causa
840 2361 1021 2441 iuramenti,
1045 2380 1090 2422 se·

172 2445 282 2525 quitur,
305 2446 330 2504 si
353 2447 447 2506 scires
471 2447 702 2524 conscientiam,
726 2447 806 2506 male
831 2453 860 2507 te
882 2446 1027 2526 exegisse
1047 2445 1090 2504 iu·

170 2534 351 2589 ramentum.
397 2529 437 2589 At
474 2549 543 2589 cnm
581 2529 710 2609 quisque
739 2528 778 2589 de
812 2528 950 2610 quolibet
977 2527 1092 2589 debeat

170 2612 287 2692 optima
312 2631 526 2692 praesumere,
551 2621 582 2672 et
603 2614 737 2672 caritatis
760 2613 805 2672 sit
828 2612 931 2672 omnia
953 2609 1090 2688 credere,

169 2693 248 2755 haec
269 2695 337 2774 ipsa
359 2693 435 2755 fides
459 2695 497 2755 de
520 2695 619 2756 fratris
638 2693 777 2756 bonitate
799 2697 911 2756 certior
934 2699 982 2754 est
1004 2693 1089 2754 omni

170 2776 315 2856 scientia,
338 2777 421 2857 quod
445 2779 564 2838 etiamsi
585 2780 693 2856 scires,
717 2778 768 2839 diu
791 2780 870 2839 seire
891 2797 952 2837 non
976 2776 1090 2856 possis,

170 2859 296 2921 credere
329 2869 431 2921 autem
460 2880 582 2942 semper
612 2863 724 2944 possis.
774 2862 907 2937 Ultimo,
940 2857 1090 2938 numquid

170 2950 242 3023 post
264 2945 466 3004 iuramentum
488 2945 570 3004 nosti
593 2945 658 3004 eius
672 2943 915 3005 conscientiam?
938 2943 999 3004 Cur
1014 2960 1090 3025 ergo

171 3044 232 3086 non
255 3033 321 3087 toto
336 3032 475 3107 tempore
494 3025 548 3088 tibi
562 3029 649 3106 iurat,
672 3029 722 3106 qui
739 3034 803 3088 toto
821 3035 959 3107 tempore
981 3043 1090 3091 causas

170 3109 330 3169 iuramenti
354 3109 407 3169 tibi
430 3110 586 3190 praestat?

251 3192 337 3252 Haec
359 3191 436 3270 dixi,
471 3202 503 3253 ut
537 3192 710 3270 videamus,
745 3191 817 3270 quid
846 3193 884 3251 ait
913 3190 1009 3254 verbo
1032 3190 1091 3251 Dei

169 3272 253 3335 nolle
276 3274 395 3352 cedere,
419 3281 449 3334 et
462 3275 632 3356 Scripturas
650 3295 705 3336 suo
729 3276 831 3336 sensui
853 3280 967 3354 aptare.
1008 3271 1091 3349 Quo·

170 3356 263 3418 modo
276 3356 369 3439 eg0²)
384 3378 503 3438 sperem
518 3359 598 3439 apud
610 3360 767 3419 Romanos
780 3358 942 3439 pontifices
958 3375 1029 3419 esse
1042 3358 1091 3416 ins

170 3435 418 3522 interpretandae
428 3442 613 3522 scripturae,
621 3443 741 3522 quitam
751 3439 1091 3521 manifesteflcripturas

169 3523 200 3582 in
221 3522 323 3583 alieno
339 3543 432 3584 sensu
448 3525 600 3585 tractant?
623 3525 692 3601 Vel,
715 3524 787 3603 quid
801 3544 864 3585 non
878 3523 1040 3584 obtineant
1059 3522 1092 3582 in

170 3612 248 3665 terra
272 3605 470 3690 Romani³)?
500 3608 571 3687 quid
595 3629 657 3669 non
679 3608 813 3668 audeant
834 3626 941 3668 eorum
964 3607 1091 3668 nomine

169 3693 485 3702 m——ss—
488 3696 588 3704 ----

203 3709 234 3773 1)
257 3710 284 3760 tn
310 3709 648 3779 edienzignnranuaa.
685 3709 713 3776 2)
736 3709 765 3761 In
791 3709 834 3763 ed.
870 3707 994 3761 dem-st
1023 3709 1090 3762 Wit-

165 3779 254 3835 tenu:
274 3797 351 3851 ergo.
390 3782 422 3847 3)
445 3781 510 3836 ibid.
536 3781 673 3835 additum:
694 3782 845 3849 pontifices.
