2346 4208
192 253 234 321 68
401 254 533 312 Cerronio.
551 255 659 310 Indoct.
681 219 901 313 butbersnorum

194 445 303 528 galiis,
335 445 522 507 audiemus·
546 446 836 527 Interpretationem
858 452 960 506 autem
983 462 1112 526 evange

195 533 274 591 lieae
292 531 470 610 scripturae,
493 532 687 610 quantumvis
702 530 818 590 indocti
840 531 943 607 simus,
966 548 985 589 a
1006 529 1113 610 priscis

195 613 255 674 illis
277 614 449 693 autoribus,
477 615 529 692 qui
552 633 614 673 non
637 620 723 674 tanto
742 614 906 674 intervallo
927 611 967 674 ab
991 619 1113 693 aposto-

194 698 294 758 lorum
308 697 469 758 abfuerunt
481 697 679 776 temporibus,
703 697 822 757 discere
839 696 1000 774 malumus,
1024 715 1113 776 quam

196 800 216 841 a
243 784 274 841 te
308 782 465 841 t'arinaeve
498 786 569 840 tuae
596 780 865 860 praeceptoribus,
895 787 928 840 et
954 779 1116 840 annalibus

110 867 113 870 ’
196 864 391 941 historiisque
413 862 557 923 libentius
579 883 637 923 nos
660 863 827 941 credimus,
859 883 951 943 quam
973 864 1114 923 humanis

196 956 228 1008 et
249 947 414 1027 tyrannicis
437 946 618 1025 quibusdum
640 947 919 1008 constitutionibus.

279 1029 390 1108 Papias
417 1029 683 1109 Hierapolitanos,
712 1030 834 1091 auditor
854 1028 1017 1107 lobannis,
1039 1029 1115 1094 ,inei-

196 1114 356 1194 picnteme
379 1119 410 1173 et
426 1112 551 1173 indocte
573 1115 627 1173 tibi
649 1115 804 1193 praelatus
826 1113 946 1173 videtur
967 1113 1009 1189 in¹
1023 1110 1116 1174 libros

195 1196 424 1276 explanationis
447 1210 628 1257 ‘sermonum
650 1199 784 1274 Domini,
806 1197 889 1277 quod
912 1196 1047 1256 noluerit
1066 1213 1116 1254 aa·

196 1281 257 1340 rias
270 1281 434 1360 opiniones
447 1281 568 1358 sectari,
590 1279 644 1340 sed
663 1281 825 1360 apostolos
847 1280 961 1340 habere
983 1284 1117 1354 autores,

195 1365 240 1427 ,uti
263 1363 301 1422 dc
325 1381 362 1422 eo
380 1363 531 1424 Eusebius
554 1370 585 1422 et
600 1363 806 1443 Hieronymus
829 1361 974 1424 narranti
1003 1361 1117 1422 Verum

198 1447 268 1506 viva
295 1445 340 1505 illi
369 1446 496 1507 oracula
522 1448 727 1526 contigerunt.
770 1447 834 1507 Nos
862 1446 965 1507 adacti
986 1446 1118 1506 necessi-

198 1535 261 1590 tate
275 1529 416 1589 literariie
429 1529 653 1608 apostolorum,
675 1538 707 1590 et
729 1529 838 1609 quihus
860 1529 1052 1610 apostolicus
1074 1535 1120 1588 est

198 1613 331 1693 spiritus,
355 1615 562 1674 monumentis
585 1615 723 1673 contenti
745 1633 861 1676 sumus.

199 1756 201 1760 Α
280 1696 343 1759 lam
365 1696 452 1756 'satis
486 1695 648 1776 liquidum,
683 1706 756 1757 tune
785 1717 824 1757 an
850 1696 1000 1757 Lutherus
1030 1713 1119 1757 evau-

197 1779 281 1862 gelio
317 1782 443 1865 propius
473 1779 613 1859 incedat,
654 1789 721 1842 uter
751 1780 973 1861 receptionibus
995 1779 1120 1851 ,nitatur

199 1861 372 1939 autoribus,
405 1871 472 1922 uter
499 1861 620 1924 fidelius
649 1864 856 1943 eruditiusque
887 1864 1009 1925 Patrum
1025 1860 1119 1937 ¹dicta

199 1949 288 2022 citet,
327 1954 394 2005 uter
426 1947 635 2006 honestiorem
669 1966 797 2027 scopum
829 1953 959 2027 spectet.
1005 1945 1119 2007 Fontes

199 2032 405 2111 aquaevivae
427 2031 612 2108 quaerimus,
636 2037 667 2090 tu
690 2050 747 2091 nos
769 2031 808 2091 ad
830 2031 915 2090 lacus
937 2029 1070 2092 detritos
1090 2035 1120 2089 et

199 2132 306 2173 amnes
334 2111 472 2173 turbidos
502 2112 619 2174 duces?
663 2113 816 2174 Christum
844 2114 1036 2193 quaerimus,
1069 2111 1120 2173 ubi

199 2205 359 2274 nascatur,
384 2195 573 2258 ostendatur.
617 2198 711 2278 Igitur
734 2198 784 2258 vel
806 2217 863 2258 nos
886 2197 1003 2258 itineris
1027 2196 1119 2256 duces

200 2291 232 2340 tu
254 2298 399 2358 sequere,
421 2280 472 2339 vel
495 2289 526 2340 te
546 2290 713 2360 praeeunte
736 2300 908 2361 sequemur.
953 2281 1067 2355 Verum
1090 2287 1120 2339 tu

200 2364 324 2423 Herode
347 2362 461 2423 vastior
482 2373 513 2424 et
535 2383 592 2425 uos
614 2368 792 2443 morareris,
822 2365 848 2424 si
871 2364 1120 2441 obsequeremur,

104 2475 105 2479 ,
200 2465 282 2506 nunc
303 2446 535 2523 Vnickleiistas,
560 2468 642 2508 nunc
664 2447 862 2508 Manichaeos
885 2448 1121 2527 cognominans,

201 2541 232 2591 et
258 2532 337 2590 inter
367 2530 454 2591 idola
485 2532 708 2610 sophismatum
744 2531 910 2591 considens
941 2529 1119 2591 comitatum

201 2633 264 2676 non
302 2614 466 2694 polliceris.
511 2616 578 2688 Quo
614 2624 644 2676 te
678 2617 757 2696 rapit
788 2617 898 2676 insana
925 2612 1121 2689 mordacitas,

200 2698 461 2777 immodicumque
479 2701 651 2760 sententiae
673 2708 744 2759 tuae
767 2697 920 2759 studium?
942 2695 1120 2772 Quis'arro

201 2783 348 2863 gantiam,
370 2785 438 2860 quis
461 2784 656 2861 supercilium
681 2790 763 2843 tuum
786 2781 883 2843 ferat?
905 2779 985 2855 ‘Qui
1008 2787 1061 2840 tua
1082 2779 1121 2839 lc-

201 2875 278 2947 gunt
299 2873 330 2925 et
352 2866 586 2945 amplectuntur,
609 2868 692 2927 docti
714 2873 800 2927 sunt:
829 2867 880 2946 qui
902 2864 1015 2924 aemuli
1037 2865 1122 2940 scita,

201 2951 323 3025 tametsi
345 2951 535 3029 viciniora1)
561 2953 724 3032 evangelio
748 2958 780 3011 et
806 2949 1023 3010 ecclesiasticis
1052 2947 1123 3008 doh·

203 3034 334 3113 toribus,
363 3035 479 3095 indocti
508 3047 539 3096 et
566 3038 726 3098 haeretici.
767 3035 813 3095 Ne
834 3033 951 3095 indocti
974 3032 1121 3106 dicamur,

202 3119 507 3200 tnanobislegenda,
531 3122 657 3200 scilicet,
681 3122 819 3183 necaeci
842 3119 1020 3196 habeamur,
1045 3114 1123 3180 oculi

202 3214 272 3267 snut
294 3206 468 3266 effodiendi.

284 3290 388 3351 Habes
403 3291 592 3367 succinctim,
615 3308 676 3369 qua
692 3292 813 3350 ratione
834 3288 999 3348 Lutherani
1021 3287 1124 3360 simus,

202 3381 353 3454 quatenus
382 3375 536 3454 evangelii
557 3383 589 3434 et
611 3374 803 3435 Christianae
830 3372 979 3432 libertatis
1007 3373 1123 3434 amicus

204 3466 251 3518 est
278 3457 442 3534 Lutberus,
472 3459 530 3521 sibi
557 3477 616 3517 nos
645 3459 767 3519 devicit.
811 3459 839 3518 le
862 3458 888 3516 si
909 3463 941 3516 et
963 3464 993 3515 tu
1022 3456 1124 3530 fueris,

204 3541 280 3602 nihil
301 3542 367 3617 erit,
388 3544 551 3620 quominus
576 3549 607 3601 et
628 3542 682 3603 tibi
707 3546 802 3603 simus
824 3540 947 3601 addicti.

202 3662 205 3670 ‚
288 3624 419 3685 Proinde
441 3644 503 3685 non
528 3626 692 3705 oportebat
713 3646 771 3686 nos
794 3626 941 3686 conviciis
966 3643 986 3684 a
1008 3631 1062 3684 tua
1084 3625 1125 3683 in

276 3813 307 3882 1)
328 3815 358 3866 In
379 3814 421 3867 ed.
441 3815 517 3868 'Jenz
537 3818 583 3884 qui
605 3829 670 3866 vero
688 3816 850 3887 puriora'et
868 3817 1015 3875 viciniora.
