2346 4208
119 246 140 311 8
478 248 604 318 Epist-ola

122 435 300 515 deploratos
329 433 525 514 relinquere?
560 453 627 494 cum
656 442 687 495 et
721 434 801 495 malo
833 432 916 494 nodo
947 432 1040 494 malus

122 516 314 597 quaerendus
338 518 377 578 sit
398 537 523 589 cuneus,
546 520 665 598 etipse
686 519 778 578 etiam
791 517 920 599 Ulysses
942 517 1041 578 socios

122 621 194 662 suos
220 603 334 661 invitos
372 600 543 679 flentesque
564 620 583 660 a
604 602 670 662 loto
694 602 844 662 divellens
872 600 911 661 ad
934 619 1042 662 navem

122 686 290 765 redegerit,
324 703 382 744 nec
405 685 479 744 vitio
503 683 591 760 detur
618 684 757 761 medico,
795 686 845 764 qui
869 703 925 765 pro
948 684 1045 744 salute

123 768 333 848 recuperanda
369 767 480 827 serrum
520 774 573 827 aut
612 771 714 848 ignem
754 769 848 829 etiam
886 766 1044 828 adhibeat:

123 854 281 932 magisque
313 869 406 910 exre
440 850 500 909 illis
522 851 612 911 suerit
633 853 863 930 unusquispiam
888 857 1046 931 quantum·

123 937 168 996 vis
191 935 302 995 acriter
325 933 503 1006 obluctans,
534 953 623 1012 quam
648 936 730 995 mille
751 933 804 995 alii
824 936 855 994 in
879 935 1046 1014 perniciem

125 1038 230 1079 eorum
255 1018 452 1078 mussitantes
477 1015 524 1096 ¹),
552 1019 630 1077 sicut
651 1018 760 1078 melior
782 1024 829 1078 est
856 1019 973 1077 amicus
996 1015 1048 1077 ob·

122 1104 256 1181 iurgans,
280 1119 369 1177 quam
394 1101 533 1159 inimicus
558 1108 672 1161 tacens.
706 1101 740 1161 ld
763 1100 846 1179 qnod
869 1119 938 1160 sero
960 1098 1048 1160 intel-

123 1185 223 1265 ligens
246 1183 452 1262 Evangelicus
474 1183 527 1242 ille
549 1184 714 1261 Tantalus,
738 1204 805 1244 oum
829 1183 911 1263 apud
932 1184 1049 1244 inferos

123 1266 248 1327 tandem
282 1267 397 1325 arentia
433 1266 481 1325 siti
518 1265 602 1326 labra
633 1268 813 1348 refrigerare
848 1286 911 1327 non
941 1273 1051 1346 posset

123 1352 207 1429 ipse,
229 1349 261 1408 id
284 1349 393 1408 saltem
415 1348 562 1429 rogabat,
595 1357 627 1409 ut
648 1350 790 1410 fratribus
813 1351 874 1410 suis
898 1350 1049 1430 quispiam

124 1435 309 1509 mitteretur,
332 1451 518 1512 suggerens,
553 1453 592 1492 ne
614 1436 644 1492 in
669 1453 736 1493 eum
761 1439 983 1494 tormentorum
1005 1433 1050 1492 lo·

122 1535 191 1575 cum
221 1522 252 1574 et
279 1517 337 1594 ipsi
361 1516 508 1575 venirent.
554 1515 614 1576 Sed
644 1535 734 1594 quam
757 1516 909 1576 infelicem
939 1534 1051 1595 possus

123 1599 213 1659 luerit
244 1598 415 1677 repulsam,
456 1599 557 1657 statim
598 1598 693 1676 subit,
738 1619 805 1659 eum
846 1599 890 1658 illi
924 1599 1051 1659 dicitur:

123 1681 246 1743 Habent
267 1682 375 1741 Mosen
400 1687 430 1741 et
451 1681 637 1759 Prophetas,
670 1683 741 1743 illos
764 1681 898 1742 audiant.
944 1681 1052 1742 Simile

124 1766 280 1844 quippiam
305 1764 442 1824 Christus
472 1765 565 1823 etiem
587 1765 654 1844 ipse
685 1765 773 1827 nobis
795 1767 945 1840 insinuat,
978 1764 1051 1824 dum

123 1847 203 1927 apud
231 1847 361 1907 eundem
385 1847 497 1905 Lucam
521 1846 680 1926 discipulis
702 1849 764 1907 suis
787 1850 843 1908 sit:
867 1847 1052 1925 Quicunque

124 1950 186 1991 non
208 1932 383 2009 receperint
404 1948 470 2006 vos,
494 1938 642 1989 exeuntes
664 1931 703 1990 de
726 1933 850 1991 civitate
871 1931 934 2008 illa,
957 1931 1052 1990 etiam

124 2015 283 2092 pulverem
306 2013 419 2092 pedum
432 2020 604 2072 vestrorum
629 2017 773 2092 excutite,
796 2016 826 2074 in
842 2015 1053 2074 testimonium

124 2117 216 2175 super
237 2096 318 2157 illos.
362 2094 480 2169 Quibus
503 2094 579 2154 locis
603 2098 676 2156 satis
698 2098 850 2174 innuitur,
873 2104 936 2157 tum
959 2114 1052 2175 quam

125 2178 299 2258 periculosa
321 2197 369 2236 res
392 2178 431 2235 sit
459 2177 601 2237 obturare
618 2179 649 2260 ²)
680 2200 788 2257 aures,
824 2186 855 2240 et
876 2180 1051 2259 pulsantem

126 2261 205 2320 ultro
229 2260 381 2320 Christum
406 2260 502 2319 semel
526 2261 706 2339 excludere,
729 2270 792 2323 turn
815 2262 897 2342 quod
921 2262 1052 2322 Bchemi

127 2363 189 2404 non
226 2350 357 2422 possunt
389 2345 535 2420 conqueri
569 2343 703 2405 defuisse
736 2347 780 2405 eis
808 2352 954 2420 nostros,
996 2345 1052 2404 sed

126 2427 222 2486 nostri
251 2424 475 2485 contradicere:
512 2426 685 2487 Oecinimus
710 2428 813 2504 vobis,
848 2437 879 2488 et
906 2447 969 2488 nou
994 2428 1052 2488 sal-

126 2511 222 2568 testis.

206 2591 288 2651 Eant
309 2593 400 2672 igitur
422 2610 503 2651 nuno
525 2593 573 2651 isti
597 2593 765 2672 gloriantes
787 2595 818 2652 in
847 2594 963 2653 malitie
986 2614 1053 2669 sna,

126 2673 281 2754 vulgoque
310 2675 423 2734 sutelas
457 2675 672 2753 obstrepentes
695 2682 726 2735 et
755 2676 933 2754 mendacia,
968 2678 1053 2754 quod

125 2758 290 2836 disputatio
324 2757 402 2817 haec
429 2756 551 2836 Lipsiae
585 2758 721 2818 exhibita
758 2759 909 2820 erroribus
944 2778 1053 2820 eorum

126 2841 352 2920 subscripserit,
376 2859 436 2919 quo
459 2841 533 2899 nihil
558 2842 655 2901 minus
676 2841 726 2901 hic
749 2849 796 2901 est
817 2849 936 2918 actum,
966 2843 1053 2902 nihil·

126 2943 184 3002 que
208 2932 270 2983 tam
296 2922 334 2983 ab
358 2925 623 3002 utriusquepartis
646 2925 740 2984 abfuit
762 2926 925 2986 sententia.
959 2925 1053 2986 Cuius

129 3007 171 3065 rei
195 3025 263 3066 cum
286 3008 393 3086 ipsae
421 3008 559 3086 gemino,
593 3015 626 3067 ut
647 3009 745 3084 aiunt,
776 3027 836 3068 ovo
876 3008 914 3068 ad
939 3027 1053 3087 equum

129 3108 227 3168 usque
248 3090 414 3149 Troianum
439 3097 594 3168 spectator
616 3090 797 3168 auditosque
820 3092 942 3164 luerim,
970 3091 1054 3151 haud

131 3173 264 3232 alienum
294 3172 366 3231 duxi
390 3192 408 3232 a
431 3172 542 3232 Christi
573 3172 733 3233 secerdote
755 3176 963 3234 testimonium
987 3194 1056 3253 per·

127 3255 231 3315 hibere
253 3257 392 3332 veritati,
415 3254 538 3334 quando
562 3262 593 3315 et
616 3258 736 3335 profani
759 3276 796 3316 ea
818 3257 857 3316 de
878 3277 912 3317 re
935 3257 1052 3336 scripti·

124 3347 211 3422 tant,
246 3346 278 3398 et
306 3339 442 3398 forensia
470 3337 581 3397 iudicia
610 3358 671 3399 non
694 3359 763 3400 raro
788 3340 913 3399 calculis
935 3359 973 3399 ec
994 3340 1054 3400 lor-

126 3429 200 3481 tuna
223 3422 319 3501 magis
332 3440 423 3499 quam
447 3429 530 3481 certo
553 3424 674 3483 ratione
697 3422 915 3502 gubernantur.
948 3421 1051 3500 Adde,

129 3596 228 3603 ——
473 3594 538 3601 .-.ψ-ι

127 3765 144 3817 d
200 3697 226 3751 li
247 3695 277 3745 ln
299 3694 342 3748 ed.
361 3695 433 3747 len:
475 3695 635 3746 mussitans.
693 3693 724 3762 2)
746 3694 827 3763 Apud
847 3694 978 3749 Locren:
1005 3693 1051 3749 ob·

146 3781 238 3818 urere.
