2346 4208
461 285 479 322 a
495 269 618 323 Notariis
636 277 762 340 excepta.
1032 271 1075 340 86

162 453 290 517 Onsanm
314 451 476 516 chaldaice
499 461 530 516 et
552 452 676 516 ebraice
703 455 813 518 doctus
833 458 864 519 in
886 458 971 520 libris
993 461 1075 523 exci-

137 539 299 600 -tstionum
319 544 462 616 testatur,
492 538 601 599 Petrus
623 540 716 600 etiam
739 540 844 601 valere
866 547 994 621 tantum,
1016 545 1074 605 sie·

159 630 184 682 ut
203 628 298 702 caput
319 621 440 685 domus.
476 620 579 697 Quare
610 641 673 683 non
702 628 789 684 tanta
810 624 931 685 inscitia
952 624 1073 689 labora·

118 732 127 776 ι
158 705 192 766 rit
211 704 405 784 Anaoletns,
438 706 465 766 si
485 703 624 786 cepham
647 724 703 786 pro
726 707 827 787 capite
848 708 1095 787 interpretatum·

156 787 200 848 ted
223 793 382 868 utcunque
404 789 528 849 sitnon
549 787 654 867 video,
678 807 739 868 quo
761 789 832 850 inco
844 791 945 871 possit
958 792 1074 872 negbre

156 870 207 933 alia
235 871 365 933 decreta
388 870 418 933 S.
442 877 608 952 martyrum
642 878 674 931 et
696 872 928 952 confessorum,
951 879 984 934 ut
1006 875 1073 936 Ole-

156 955 258 1015 nentis
281 954 351 1016 XX.
384 953 453 1015 dist.
476 953 633 1033 Marcelli,
655 954 745 1033 Julii,
766 954 905 1036 Pelagii,
942 955 1073 1036 Nicolai,

154 1036 331 1120 Agathonis,
344 1036 489 1117 Simonis,
504 1034 617 1119 vigilii,
631 1037 789 1099 Benedicti
802 1045 859 1100 eto.
883 1037 986 1114 Quare
999 1047 1072 1107 tan·
1161 1066 1167 1073 ·

152 1121 182 1181 tis
202 1119 348 1182 Patribus
370 1126 402 1182 et
423 1139 511 1182 sacro
536 1120 669 1181 concilio
699 1120 781 1193 malo
812 1121 1072 1186 condescendere.

514 1283 562 1345 Ad
585 1305 725 1366 scrupos.

225 1402 422 1465 Atomnium
444 1402 626 1463 invitissima
643 1402 756 1482 audivi,
779 1402 863 1482 quod
884 1404 1073 1465 reverendus

152 1486 236 1549 Pater
259 1495 374 1548 contra
395 1485 590 1546 illustrissimi
613 1486 763 1566 Principis
785 1488 917 1565 iussum,
947 1505 1008 1566 qno
1030 1488 1073 1548 in·

152 1576 226 1633 iacta
251 1588 383 1630 manere
404 1568 502 1629 voluit
522 1568 749 1629 ‘illustrissimus
770 1568 917 1650 Princeps
938 1589 958 1630 a
978 1570 1074 1630 sacris

151 1652 286 1716 conciliis
309 1652 433 1729 decisa,
455 1650 614 1712 reverend.
635 1657 739 1712 tamen
762 1652 854 1713 Pater
875 1653 906 1712 in
921 1653 1073 1714 ,hesterna

152 1736 292 1799 obduruit
313 1735 487 1811 sententia,
521 1740 552 1795 et
574 1741 706 1813 quatuor
741 1736 904 1816 proposuit
926 1735 1072 1797 articulos

150 1818 413 1881 interHussitieos
435 1815 673 1897 condemnatos,
697 1836 775 1897 quos
797 1821 922 1898 reputat
942 1819 1009 1899 ipse
1024 1838 1072 1879 oa·

151 1902 282 1965 tbolicos
306 1908 338 1963 et
360 1900 726 1982 evangelicos„pulchre
751 1909 833 1962 certe
855 1900 1000 1962 Bohemis
1022 1920 1073 1980 pa·

149 1986 327 2047 trutinatur.
369 1985 427 2045 Pro
450 1981 573 2043 concilii
594 1989 697 2044 tamen
719 1986 893 2045 reverentia
914 1984 1012 2045 voluit
1033 1983 1071 2044 ab

150 2069 319 2149 impostore
355 2067 461 2147 aliquo
483 2065 615 2127 additos.
647 2066 749 2127 Primo
774 2068 908 2128 omnium
931 2068 1073 2148 egregius

151 2151 255 2213 doctor
278 2154 311 2212 et
333 2149 446 2210 nobilis
468 2148 677 2228 Hieronymus
702 2150 740 2209 de
765 2150 906 2228 Oroatia,
930 2152 980 2228 qui
1002 2158 1073 2210 acta

151 2235 270 2295 concilii
294 2234 413 2293 curavit
432 2233 575 2310 imprimi,
599 2234 761 2292 transsumi
784 2233 872 2308 fecit,
895 2233 950 2292 sub
973 2233 1072 2293 forma

151 2318 345 2390 authentica,
374 2323 405 2375 et
427 2334 496 2375 oum
518 2334 567 2375 res
589 2317 632 2375 ita
654 2316 815 2375 manifeste
836 2323 907 2376 acta
929 2317 969 2375 sit
992 2317 1072 2376 Con-

151 2403 288 2477 stantiae,
311 2399 456 2458 Hnssitae
481 2406 542 2458 tem
566 2397 616 2457 diu
630 2418 692 2458 non
712 2400 905 2459 reticuissent
926 2398 1071 2459 articulos

152 2483 268 2564 aliquos
283 2500 353 2542 esse
375 2481 563 2542 subditicios.
588 2481 695 2560 Neque
707 2483 820 2561 poterit
831 2483 979 2562 suspicari
988 2501 1071 2543 reve·

153 2566 259 2626 rendus
281 2571 378 2645 pater,
401 2562 484 2642 quod
498 2564 562 2623 heri
579 2574 795 2644 assumpserat,
817 2565 985 2626 adulatoris
1006 2584 1072 2644 per-

153 2651 225 2710 nicie
247 2647 372 2708 inRom.
386 2646 568 2706 Pontificem
592 2647 716 2721 lactum,
740 2667 806 2707 cum
820 2648 979 2708 iohannes
992 2647 1071 2707 Huss

153 2751 230 2792 anno
255 2731 323 2791 XV.
336 2730 425 2789 fuerit
439 2730 627 2806 combustus,
639 2729 845 2810 Hieronymus
862 2730 983 2810 college
999 2750 1071 2789 suus

154 2834 231 2876 anno
255 2813 337 2874 XVl.
360 2813 492 2873 Martino
515 2814 552 2872 V.
577 2815 704 2892 primum
743 2814 842 2875 eleeto
872 2834 954 2873 anno
978 2813 1071 2875 XVll.

152 2897 213 2976 ipso
237 2897 291 2956 die
315 2895 446 2956 Martini.
469 2895 572 2970 Quare
596 2896 625 2957 S.
649 2896 754 2956 Patres
778 2905 808 2956 et
830 2898 885 2955 viri
903 2895 1071 2955 inadulabi-

154 2979 192 3040 les
216 2999 255 3040 ex
280 2979 422 3039 omnibus
445 2978 620 3039 nationibus
645 2980 863 3058 principalibus
886 2978 998 3038 adhoc
1020 2978 1071 3038 de-

154 3064 245 3140 putati
281 3062 427 3122 articulos
456 3062 527 3121 illos
557 3061 784 3139 discusserunt,
817 3071 846 3121 et
875 3069 1073 3121 sacrosancta

154 3145 288 3225 synodus
311 3162 367 3204 eos
391 3144 556 3218 damnavit,
578 3145 755 3223 reprobavit
777 3154 808 3205 et
829 3155 966 3205 autorem
991 3164 1071 3204 com·

154 3227 254 3289 bussit.
279 3228 416 3307 ideoque
439 3227 607 3306 aquolibet
628 3228 711 3288 bono
735 3228 899 3288 christiano
921 3247 977 3307 pro
1001 3247 1071 3287 eon-

155 3310 300 3372 demnatis
323 3318 355 3370 et
375 3311 552 3389 reprobatis
575 3310 709 3371 habendi
733 3320 811 3371 sunt.
845 3308 911 3370 Nec
932 3313 1073 3390 imponat

156 3395 221 3454 mihi
245 3393 434 3455 reverendus
456 3394 565 3471 Pater,
599 3394 681 3471 quod
703 3395 793 3453 velim
820 3394 858 3453 de
880 3394 939 3454 illis
962 3395 1070 3453 articu-

156 3476 187 3535 lis
209 3477 357 3551 iudicare,
380 3478 450 3554 quia
472 3478 536 3535 iam
558 3476 682 3536 iudicati
707 3485 785 3537 sunt.

230 3559 304 3623 Non
327 3559 458 3634 relevat,
488 3559 569 3638 quod
600 3579 667 3618 cum
702 3560 839 3639 synodus
862 3561 1000 3619 meminit
1020 3558 1071 3618 ali·

156 3661 226 3721 quos
249 3661 319 3704 esse
341 3640 533 3722 haereticos,
556 3642 633 3703 alios
656 3646 846 3724 temerarios,
868 3641 992 3721 alios1)
1027 3662 1071 3703 se-

186 3797 217 3862 1)
237 3796 269 3852 In
288 3795 334 3851 ed.
354 3797 427 3866 orig.
445 3796 535 3852 deest:
559 3796 639 3850 alios.
