2346 4208
455 277 491 334 D.
512 279 547 333 Μ.
570 278 690 336 butheri.
981 273 1044 342 329

122 465 235 528 bantur
256 466 299 526 illi
320 467 391 546 ipaI,
413 485 481 527 curn
495 468 574 528 haec
589 468 719 547 primum
734 468 942 546 numerentur,
964 464 1046 546 apud

126 569 205 629 quos
227 569 310 610 nuno
331 551 464 630 capitale
486 555 541 630 est,
563 550 727 610 Lutherum
749 550 919 611 nominare.

212 648 244 710 Si
266 650 334 728 quis
356 651 553 732 expenderit,
578 657 723 731 quantam
745 649 908 710 utilitatem
931 648 1050 711 adferat

125 734 186 814 piis
210 732 363 793 mentibus
385 734 495 795 horum
517 735 656 796 locorum
681 733 834 813 cognitio,
868 733 918 812 qui
946 733 978 792 iu
1001 732 1048 792 his

128 815 398 896 Disputationibus
419 818 565 898 patefacti
587 825 679 898 atque
702 815 842 876 illustrati
862 821 941 892 sunt,
963 815 1052 876 intel·

127 899 205 980 lIget
227 917 260 958 se
293 899 455 978 plurimum
478 901 545 960 Deo
578 919 635 981 pro
661 899 708 959 his
731 898 937 978 spiritualibus
960 898 1050 958 donis

123 981 255 1060 debere,
284 1001 363 1061 quae
386 1003 436 1043 ma
481 1001 575 1063 opere
603 982 642 1043 ad
673 982 783 1042 Christi
814 980 965 1042 beneficia
999 1000 1050 1042 co-

122 1063 306 1147 gnoscenda
328 1072 360 1125 et
381 1065 419 1126 ad
458 1067 607 1148 sripturas
629 1063 846 1144 intelligendas
862 1063 1049 1125 conducunt.

211 1163 286 1225 Cum
317 1172 419 1225 autam
454 1166 533 1227 haec
562 1167 676 1247 scripta
704 1165 844 1227 nonnulli
872 1184 991 1224 summa
1019 1164 1050 1224 vi

123 1253 280 1310 conentur
302 1249 493 1329 opprimere,
531 1249 621 1310 decet
641 1249 727 1308 viros
748 1248 849 1310 bonos
871 1268 909 1309 ea
930 1267 986 1329 pro
1009 1249 1050 1308 vi-

121 1330 171 1391 rili
202 1329 367 1391 defendere
406 1337 437 1392 et
475 1331 513 1392 ab
542 1333 666 1393 interitu
696 1330 861 1393 vindicare.
906 1329 996 1407 Quod
1024 1330 1051 1391 si

123 1432 189 1475 non
213 1413 318 1475 licebit
340 1433 377 1474 ea
398 1415 535 1495 proferre
556 1417 587 1475 in
602 1415 722 1475 theatra
735 1414 778 1490 ¹),
800 1415 829 1473 in
853 1419 915 1474 tam
938 1413 1050 1493 iniquis

121 1496 261 1575 iudiciis,
283 1497 389 1577 legent
411 1505 512 1559 tamen
537 1498 715 1574 Christiani,
745 1503 777 1556 et
802 1502 947 1576 tanquam
969 1497 1052 1556 intus

122 1584 256 1657 canent,
279 1580 330 1640 vel
352 1579 392 1639 ad
415 1579 590 1658 docendas,
620 1580 669 1640 vel
692 1581 784 1640 etiam
808 1578 848 1639 ad
870 1577 1052 1640 confirmau-

124 1662 184 1723 das
208 1663 413 1723 conscientias
435 1663 494 1724 hac
516 1663 665 1742 doctrina,
688 1682 766 1743 quac
789 1661 899 1723 Christi
921 1662 1053 1742 gratiam

122 1765 189 1807 non
213 1745 343 1806 obscure
365 1746 532 1825 praedicat.
556 1747 645 1808 Vale.

382 1979 419 2047 D.
442 1981 602 2048 Martims
625 1980 796 2047 butherus.

433 2133 505 2195 Pio
527 2133 688 2194 Lectori
703 2129 751 2214 *).

213 2284 444 2365 Disputationes
468 2305 521 2345 seu
542 2286 775 2366 Propositiones
797 2303 882 2344 meas
904 2302 922 2343 a
943 2284 1053 2362 princi-

126 2369 182 2448 pio
207 2386 319 2428 causac
352 2386 444 2428 meae
477 2374 585 2428 contra
605 2368 753 2447 Papatum
788 2374 820 2427 et
841 2365 1052 2446 sophistarum

125 2469 256 2529 regnum
287 2456 432 2510 tractatas
464 2451 566 2530 patior
586 2450 726 2526 extrudi,
759 2451 908 2526 maxime,
941 2467 980 2508 nc
1002 2468 1052 2508 ma

127 2532 262 2594 extollat
284 2532 462 2613 magnitudo
486 2551 609 2608 causae,
631 2544 662 2592 et
683 2551 845 2592 successus
866 2533 897 2591 in
919 2550 958 2591 ea
979 2531 1052 2591 divi·

127 2617 211 2676 nitus
233 2616 306 2676 mibi
330 2617 428 2676 datus.
471 2615 550 2675 Nam
570 2617 601 2675 in
623 2616 670 2674 his
683 2615 785 2694 palam
800 2613 972 2674 ostenditur
983 2633 1054 2673 mea

127 2700 310 2779 ignominia,
333 2699 364 2758 id
387 2705 443 2775 est,
466 2698 626 2758 infirmitas
649 2704 680 2757 et
697 2697 880 2776 ignorantia,
903 2714 982 2775 quae
1003 2716 1054 2756 una

125 2783 157 2842 in
181 2782 334 2861 principio
356 2791 522 2861 coegerunt
544 2801 608 2841 rem
632 2787 750 2841 tentare
772 2798 840 2839 oum
863 2798 983 2839 summo
995 2785 1053 2840 tre·

126 2882 215 2925 more
239 2871 270 2924 et
292 2884 417 2944 pavore.

215 2965 301 3026 Unus
325 2984 419 3042 eram,
436 2970 473 3040 fiet
493 2983 549 3045 per
571 2963 805 3044 imprudentiam
827 2964 857 3022 in
872 2963 962 3023 istam
985 2981 1053 3023 cau-

127 3067 194 3109 sam
218 3047 333 3127 lapsus,
359 3066 426 3107 cum
450 3067 512 3108 non
535 3048 641 3108 lIceret
662 3048 774 3107 referre
785 3045 895 3126 pedem
904 3067 917 3105 τ’
933 3047 965 3105 in
978 3045 1053 3105 mul·

127 3133 167 3191 tis
190 3137 222 3190 et
244 3132 363 3211 magnis
385 3131 520 3191 articulis
551 3151 651 3211 papae
680 3150 742 3191 non
765 3130 864 3189 solum
893 3128 1052 3206 cedebam,

128 3212 183 3275 sed
209 3213 301 3273 etiam
327 3213 407 3274 ultro
441 3212 621 3275 adorabam.
664 3213 739 3288 Quis
767 3214 848 3272 enirn
877 3230 1053 3293 agnarum,

128 3297 318 3356 miserrimus
341 3303 414 3356 tunc
435 3296 624 3372 fraterculus,
649 3296 791 3357 cadaveri
813 3295 941 3358 similior
962 3312 1052 3373 quam

166 3490 197 3557 1)
218 3489 248 3543 In
259 3489 303 3544 ed.
316 3491 391 3542 len:
411 3490 438 3541 in
458 3505 605 3543 consessus
622 3488 821 3543 Monachorum
842 3493 868 3541 et
882 3487 1052 3539 Pontificum.

205 3562 235 3619 ¹'l
257 3562 361 3614 Textus
375 3563 506 3630 repetitus
520 3566 607 3614 estex
627 3561 688 3615 edd.
710 3562 778 3616 1538
798 3565 824 3613 et
845 3559 927 3626 15583
945 3559 973 3610 iu
994 3555 1053 3609 edi-

127 3636 205 3686 tione
228 3634 295 3688 tofto
320 3649 375 3686 non
394 3634 535 3685 invenitur
565 3633 633 3686 baec
653 3635 798 3702 praefatio,
830 3637 857 3684 et
884 3633 1003 3699 primum
1023 3631 1052 3680 in

128 3705 250 3759 editione
270 3705 340 3760 1538
358 3705 496 3772 prodiisse
520 3704 636 3758 videtur.
667 3705 844 3767 (Germanice
863 3703 968 3757 Walcb.
988 3699 1053 3756 XIV

128 3796 155 3847 p.
174 3777 228 3833 470
246 3777 310 3831 coll.
330 3776 418 3830 XVIII
435 3792 464 3845 p·
484 3776 543 3844 35.)
