2346 4208
321 249 461 318 parandus
479 252 589 305 animus
608 250 644 304 ad
661 254 788 305 mortam
887 252 895 261 '
956 247 1019 314 461
1045 222 1048 227 ¹

97 438 176 497 riam
196 438 317 516 pseoati
348 445 380 498 et
406 440 512 499 mortis
544 457 599 518 per
619 439 785 502 Dominum
814 445 951 500 nostrum
972 437 1018 500 Ie-

97 539 167 580 sum
188 519 351 582 Christum.
588 568 591 575 ,

183 603 393 682 Duodeoimo,
427 605 506 664 siout
539 610 640 663 autem
674 602 714 663 de
748 613 877 683 peoeato
912 612 944 663 et
979 602 1048 663 de*

100 693 200 747 morte
221 689 407 765 monuimus,
427 689 472 746 ita
493 705 615 766 quoque
638 685 677 746 de
697 686 816 747 inferno
839 691 871 746 et
892 693 1018 747 aeterna

98 769 299 831 damnatione
320 769 466 850 dieimua,
496 771 580 829 euius
607 771 710 850 imago
734 768 884 849 quaedam
907 777 955 830 eet
975 770 1018 829 in-

99 852 254 921 oiudenda
274 854 306 912 in
328 855 480 931 animum,
508 871 571 913 non
593 853 683 931 talia,
709 853 808 931 quatis
835 859 888 913 aut
908 871 964 932 per
983 871 1018 913 se

99 943 158 1015 est,
181 942 234 997 aut
255 937 354 1015 qualis
376 937 407 995 in
429 937 483 1014 iis,
506 937 557 1014 qui
578 934 714 995 damnati
736 943 823 1016 sunt,
846 955 914 995 esse
936 934 1018 995 vide-

97 1027 157 1083 tur.
199 1019 278 1079 Nam
313 1021 338 1079 si
364 1026 395 1080 te
421 1019 474 1078 iile
499 1020 610 1098 ingens
637 1038 701 1080 non
722 1019 1017 1100 praedestinatorum

96 1103 256 1164 hominum
276 1122 421 1163 numerus
444 1102 608 1163 sollicitum
627 1102 751 1180 habeat,
771 1102 940 1183 perieulum
962 1106 1018 1181 est,

97 1205 139 1245 ne
161 1187 262 1246 statim
284 1185 338 1246 illa
359 1186 507 1266 cogitatio
530 1193 561 1245 te
582 1184 635 1245 det
655 1187 855 1266 praeeipitem
882 1194 912 1245 et
934 1203 1018 1246 ever-

97 1276 152 1332 tat.
197 1269 254 1329 Est
281 1270 373 1350 igitur
402 1270 430 1327 vi
453 1268 584 1347 quadam
606 1270 879 1350 perrumpendum,
913 1274 944 1328 et
968 1287 1018 1329 oo

98 1351 243 1412 eludendi
271 1359 343 1412 sunt
370 1352 467 1430 oeuli,
500 1370 541 1412 ne
567 1359 736 1432 eonspeotu
765 1351 847 1412 illiue
876 1350 1017 1432 imaginis

97 1442 276 1497 terreamur.
319 1435 429 1514 Neque
457 1436 539 1494 enirn
567 1434 644 1495 haee
675 1436 821 1515 cogitatio
855 1436 1017 1514 quiequam

97 1517 347 1600 notius-..prodest
364 1520 421 1578 etsi
444 1537 512 1578 eam
535 1517 713 1598 permultos
735 1537 835 1578 annos
854 1519 1018 1579 nobiseum

96 1602 329 1682 agitaverimus,
351 1601 406 1662 sed
428 1602 610 1680 gravissime
631 1599 728 1661 laedit
747 1602 860 1681 potius.
892 1599 1017 1682 Defigere

97 1686 190 1765 igitur
212 1685 320 1746 oeulos
348 1686 380 1745 iu
406 1683 573 1744 coelestem
601 1683 687 1744 illam
710 1682 821 1744 Christi
842 1685 1018 1765 imaginem,

97 1769 151 1846 qui
172 1773 298 1848 propter
319 1774 350 1833 te
372 1767 532 1828 deseendit
552 1766 592 1827 ad
613 1767 743 1846 inferos,
771 1773 945 1827 comesset
966 1786 1017 1827 an-

97 1858 150 1912 tea
171 1852 203 1912 in
225 1870 317 1911 eruoe
338 1870 357 1910 a
378 1851 445 1912 Deo
471 1850 650 1929 derelietus,
678 1870 741 1910 non
764 1851 852 1910 ahter
873 1854 966 1928 atque
986 1850 1018 1930 ii,

98 1935 151 2012 qui
177 1935 334 2015 perpetuis
362 1935 471 1995 inferni
499 1933 681 1994 oruoiatibus
709 1932 823 1993 addioti
844 1941 924 1994 eunt.
967 1932 1018 2001 Sic

97 2018 180 2077 enim
203 2017 396 2093 exolamabat
417 2018 448 2077 in
470 2035 575 2077 oruee:
597 2018 681 2077 Deus
704 2035 799 2096 meus,
821 2017 904 2077 Deus
921 2035 1017 2094 meus,

97 2118 192 2180 quare
214 2120 264 2161 me
285 2101 483 2179 dereliquisti.

181 2181 217 2244 In
239 2184 297 2243 hae
319 2184 430 2244 Christi
451 2185 585 2265 imagine
607 2183 709 2264 vides,
732 2183 815 2263 quod
838 2192 869 2243 et
889 2191 1018 2263 peecata

98 2269 205 2327 omnia
226 2269 285 2327 sint
307 2267 445 2346 devicta,
479 2275 510 2326 et
530 2267 769 2351 praedestinatio
794 2266 833 2327 de
856 2276 886 2327 te
909 2265 1017 2327 confir·

99 2357 182 2410 meta
204 2360 235 2410 et
257 2350 442 2429 eertifieata,
481 2350 519 2409 de
551 2370 613 2435 qua
640 2352 716 2411 alias
740 2358 841 2411 eertus
863 2369 1017 2411 essenon

98 2440 232 2514 poteras.
276 2434 308 2494 Si
336 2435 416 2494 enim
452 2434 533 2494 haee
559 2453 608 2494 ree
640 2441 670 2494 te
702 2434 867 2494 sollicitum
896 2434 1017 2512 habeat,

98 2526 130 2576 et
154 2525 186 2576 tu
207 2516 334 2577 firmiter
355 2519 416 2578 ista
438 2516 563 2596 eredas,
595 2525 658 2576 tum
689 2524 718 2576 te
746 2515 823 2577 fides
842 2517 895 2577 illa
918 2536 1017 2577 serva·

99 2601 153 2661 hit.
181 2600 273 2660 Nulla
294 2602 386 2681 igitur
407 2607 492 2660 tauta
513 2619 561 2659 res
583 2601 717 2660 animum
740 2601 903 2680 oooupabit
924 2608 1018 2679 tuum,

98 2702 179 2763 quae
206 2683 287 2744 hane
308 2685 474 2763 imaginem
498 2683 658 2762 obsouret,
691 2690 744 2742 aut
765 2685 882 2763 eripiat.
927 2683 1017 2758 Quod

98 2768 125 2826 si
148 2766 221 2846 quid
242 2767 296 2828 tibi
318 2766 420 2844 deest,
455 2783 583 2846 quaeres
604 2765 681 2826 illud
701 2785 764 2826 nou
787 2768 818 2826 iu
842 2775 887 2845 te,
910 2765 1018 2826 sedin

98 2849 231 2928 Christo,
254 2859 286 2910 61
307 2852 374 2910 sine
396 2849 489 2910 dubio
510 2852 659 2911 invenies.

181 2932 239 3007 Qui
268 2935 361 3013 igitur
382 2933 535 2994 Christum
565 2940 597 2993 et
619 2934 750 2994 Sanetus
779 2935 843 2993 eius
871 2932 911 2991 ad
937 2931 1018 2992 hune

100 3016 224 3077 modum
246 3018 411 3093 intuentur,
434 3025 465 3077 et
485 3018 614 3097 gratiam
628 3018 695 3095 Dei,
717 3035 778 3095 qua
799 3015 1018 3096 praedestinati

99 3107 131 3160 et
153 3101 265 3160 servati
287 3107 372 3177 suut,
406 3101 624 3161 commendant
645 3120 682 3160 ae
702 3101 849 3180 probant,
871 3100 915 3160 1111
945 3117 1017 3178 quo-

99 3203 159 3263 que
194 3183 414 3263 praedestinati
457 3191 489 3244 et
525 3186 616 3245 eiecti
650 3192 730 3247 sunt.
791 3184 876 3244 Siout
910 3182 1019 3242 dieitur

99 3267 197 3327 Cene.
222 3270 275 3329 12:
307 3267 438 3345 Omnes,
467 3269 518 3346 qui
540 3268 593 3328 tibi
617 3267 815 3344 benedicunt,
837 3266 1018 3327 benedicen-

99 3357 148 3410 tur
169 3359 200 3410 et
219 3352 287 3430 ipsi.
316 3350 374 3424 Qui
396 3358 499 3411 autem
523 3369 584 3410 nou
607 3352 638 3411 in
657 3352 711 3412 illo
733 3354 851 3431 gratiae
873 3350 1017 3429 exemplo

98 3434 240 3513 haerent,
269 3434 375 3494 sedin
398 3454 434 3497 se
455 3454 603 3514 suamque
625 3437 720 3495 vitam
741 3435 879 3515 defigunt
901 3433 1018 3512 oeulos,

97 3520 129 3577 in
158 3518 218 3576 illis
250 3518 404 3596 quoddam
428 3538 501 3599 erga
522 3520 622 3578 Deum
645 3528 676 3580 et
698 3520 828 3581 Sanetus
851 3521 915 3578 eius
938 3517 1018 3577 exei-

96 3601 210 3662 tabitur
231 3601 345 3682 odium,
368 3603 410 3662 ita
434 3611 467 3661 ut
488 3604 614 3663 omnino
637 3611 775 3684 pereant,
796 3603 827 3662 id
850 3600 932 3681 quod
955 3619 1018 3661 om·

98 3686 171 3744 nino
194 3685 356 3765 diligenter
377 3684 548 3745 cavendum
571 3694 635 3764 est,
665 3708 736 3747 nam
759 3688 852 3749 Satan
876 3686 1017 3746 omnihus

98 3769 212 3830 viribus
234 3772 397 3850 annitatur,
419 3776 452 3831 ut
473 3770 503 3830 id
525 3769 648 3833 efficiat.
