2346 4208
327 290 425 339 contra
442 292 552 338 errores
570 284 604 338 Ι.
624 283 700 338 nuth.
923 278 988 371 273

102 475 160 556 ιι)
167 471 330 546 Contritlo,
351 491 432 552 quac
453 479 645 553 paraturper
666 471 899 551 discussionem,
922 475 986 537 col-

59 540 228 617 leotibnem
258 561 290 616 ot
316 517 553 623 detestationem
584 563 798 636 peccatorum,
833 575 907 636 ιιιιιιΞ
915 559 984 637 uuis

58 639 213 718 recogitat
239 658 341 700 annos
366 658 455 700 suos
462 641 506 700 in
528 638 731 700 amaritudine
753 640 876 700 animae
898 658 982 717 snae,
1009 662 1013 667 ·

40 720 264 803 ‘ponderando
287 728 484 802 peccatorum
515 723 713 802 gravitatem,
748 723 982 802 multitudinem

58 803 251 883 foeditatem,
273 807 472 866 amissionem
491 814 638 866 aeternae
658 802 855 866 beatitudinis
877 825 914 866 ac
933 824 985 866 ae-

59 895 169 951 rause
206 887 432 952 damnationis.
429 889 694 968 adquisitionem,
730 888 809 948 llaec·
840 891 984 954 contritio

58 971 135 1032 lacit
154 970 387 1051 hypocritam,'
380 990 442 1032 imo
466 972 564 1051 magis
586 979 799 1068 pennatorum

68 1051 182 1136 -V7)
186 1054 358 1115 crissimum
380 1061 427 1115 est
437 1055 646 1134 proverbium
667 1061 700 1115 et
716 1056 860 1115 omnium
875 1055 984 1116 doctri

59 1155 124 1207 na·
119 1135 168 1203 ιιι
201 1135 437 1199 contritionibus
465 1137 646 1217 hucusque
659 1136 758 1198 data
753 1142 853 1218 praee
855 1130 990 1199 tentius?

59 1219 110 1281 de
121 1227 227 1287 cetero
256 1239 320 1281 non
347 1219 467 1297 lacero,
500 1240 619 1281 summa
640 1223 845 1301 poenitentia,
869 1224 986 1302 optima

59 1304 254 1385 poenitentia
276 1321 359 1363 nova
381 1305 453 1365 vita.

101 1387 141 1461 8)
155 1380 247 1453 Nullo
271 1385 407 1462 moden)
424 1404 602 1465 praesumas
620 1385 762 1446 confiteri
784 1385 913 1469 peccata
936 1399 986 1447 vs·

58 1469 154 1546 nalia,
169 1468 238 1531 foed
254 1487 313 1534 noo
334 1470 441 1535 omnia
460 1469 611 1544 mortalia,
633 1488 707 1549 qma
716 1464 906 1549 impossibile
929 1469 989 1544 est,'

58 1559 93 1613 nt
116 1553 220 1621 narnia
251 1553 393 1613 mortalia
419 1570 602 1633 cognoscas
645 1551 776 1613 Unda'
769 1571 799 1611 ιιι
830 1553 990 1632 primitiva·

58 1634 194 1703 enanis
215 1634 315 1698 solum
338 1634 499 1697 manifesta
521 1635 665 1696 mortalia
686 1633 921 1696 confitebantur

92 1716 139 1800 a)
165 1717 283 1778 Callida
304 1717 497 1798 decerptum
505 1717 575 1794 hoc,
590 1727 630 1779 ut
652 1718 728 1778 mult
715 1724 748 1777 ta
767 1717 879 1794 allel).

71 1804 140 1884 ιι)
158 1801 236 1861 Du'm
259 1799 401 1863 uolumus
423 1802 613 1881 omniapure
635 1799 783 1879 confiteri,
807 1800 881 1861 nihil
901 1794 985 1861 aliud

57 1884 202 1957 facimus,
243 1900 334 1962 quom
357 1883 441 1962 quod
463 1883 692 1945 miseridordiae
715 1883 771 1944 Dei
800 1884 874 1943 nibil
898 1885 984 1945 volu·

60 1986 129 2029 ιιιιιιι
145 1928 320 2045 :relinquere
330 1965 574 2048 ignoscendum
854 1988 857 1993 ’

79 2046 138 2130 10)
158 2048 290 2110 Peccata
310 2068 375 2111 non
397 2057 468 2110 sunt
490 2050 543 2110 ulli
563 2051 711 2127 remissa,
726 2051 783 2109 nisi
806 2050 981 2110 remittente

59 2131 223 2197 sacerdote
245 2131 350 2193 credat
372 2133 428 2194 sibi
451 2133 578 2194 remitti:
608 2134 671 2193 imo
694 2140 855 2214 peccatum
880 2150 981 2193 mano-

57 2223 121 2291 ret,
149 2216 208 2277 nisi
229 2216 389 2276 remissum
413 2215 562 2277 crederet.
606 2216 675 2276 Non
698 2217 778 2276 enim
801 2215 914 2276 sufficit
938 2236 983 2276 rc-

58 2300 165 2359 miasio
187 2299 307 2379 peccati
319 2304 351 2359 et
370 2301 489 2378 gratiae
511 2299 649 2374 donatio,
671 2299 726 2360 sed
739 2306 869 2394 oportet
891 2301 993 2359 etiamr

58 2381 187 2443 credere
208 2401 277 2442 esse
298 2383 470 2442 remissum.

83 2469 140 2533 itt
152 2464 250 2527 Nullo
273 2463 374 2529 modo
389 2463 528 2524 confidas
542 2464 662 2524 absolvi
675 2471 766 2544 propt
767 2484 801 2524 er
817 2473 899 2524 tuam
914 2483 985 2525 con-

59 2549 228 2626 tuitionem,
251 2546 306 2608 sed
329 2554 455 2627 propter
477 2546 603 2607 verbum
617 2546 742 2606 Christi:
767 2544 983 2628 Quodcunque

57 2630 188 2691 solveris
211 2636 268 2690 etc.
311 2631 384 2709 Hic,
418 2632 557 2709 inquam,
591 2628 730 2706 confide,
759 2633 784 2689 si
813 2630 983 2690 sacerdotis

59 2714 227 2779 obtinueris
250 2677 498 2792 absolutionem,
511 2721 542 2773 et
562 2708 654 2773 crede
668 2712 787 2772 fortiter
806 2720 838 2773 to
861 2712 981 2773 absolu-

58 2804 133 2874 tum,
155 2804 196 2863 et
208 2796 366 2858 absolutus
390 2796 474 2872 ιιι),
492 2794 643 2938 quidfquid
668 2796 706 2854 sit
728 2794 767 2855 de
788 2797 983 2859 contritione

79 2882 137 2955 12)
156 2879 207 2940 si
210 2899 264 2959 per
286 2843 477 2960 impossibile
499 2898 557 2941 con
560 2879 658 2939 fessus
682 2897 745 2938 non
768 2882 986 2941 essetecum·

57 2970 116 3040 tus,
138 2969 191 3031 aut
208 2962 365 3024 sacerdos
375 2983 439 3024 ιιοιι
459 2965 552 3042 serio,
572 2961 661 3022 sed
653 2980 723 3022 roco
748 2961 933 3039 absolveret,
912 2965 981 3023 tsi

56 3053 157 3106 tamen
179 3045 285 3106 credat
307 3066 341 3106 se
363 3045 486 3107 absolut
473 3047 730 3123 tum,<vesissime
751 3053 799 3105 est
813 3045 994 3106 absolutus·

80 3131 139 3206 13)
163 3128 203 3191 ΙιιΙ
220 3126 458 3211 sacramentob)
483 3130 692 3209 poenitentiae
726 3146 764 3188 ac
800 3125 982 3190 remissione

55 3211 168 3293 culpae
190 3231 253 3273 non
275 3211 344 3292 plus
362 3212 436 3274 fauit
458 3212 563 3291 Papa,
592 3209 806 3294 episcopusll,
829 3231 920 3292 quarn
938 3213 982 3272 in·
1011 3211 1014 3218 '

55 3294 145 3355 limus
167 3293 370 3371 sacerdos,
361 3314 424 3355 imo
448 3295 500 3354 ubi
527 3313 589 3354 non
614 3301 660 3355 est
682 3295 847 3372 sacerdos,
883 3313 982 3375 aeque

55 3385 174 3440 tantum
197 3377 325 3457 quilibet
336 3376 537 3455 Gbnstranus,
560 3379 680 3438 etiamsi
698 3378 808 3439 mulier
831 3386 883 3497 aut
905 3397 982 3458 puer

54 3469 149 3522 esset
998 3476 1001 3481 ·

135 3653 164 3722 ι)
188 3654 260 3708 llaec
286 3660 353 3708 nota
370 3657 399 3707 in
422 3654 544 3715 editione
561 3651 728 3706 lddnchisna
756 3652 851 3706 addita
868 3661 910 3708 est
930 3657 978 3710 Po·

53 3726 150 3780 sitioni
168 3734 274 3781 sextae.
310 3727 343 3790 2)
364 3725 493 3793 ,lbidomr
517 3725 662 3778 absolut-us
688 3740 752 3776 vere
776 3727 839 3779 eris.
876 3727 909 3791 3)
930 3727 985 3780 Ibit

53 3799 133 3853 dam:
159 3806 207 3850 aut
230 3800 387 3867 episcopus.
1000 3806 1003 3825 ¹

88 3903 181 3943 numen
197 3913 250 3953 opp.
265 3904 291 3944 v.
305 3904 332 3943 ι.
347 3903 376 3943 ιι
389 3903 430 3942 ιιι.
444 3901 495 3942 unc
508 3903 524 3943 ι.
537 3912 560 3951 ιι.
574 3902 624 3942 vor.
638 3902 675 3944 ιι.
839 3870 877 3933 18
