2346 4208
30 286 34 291 ·
123 275 185 345 126
344 275 502 348 Disputatio
523 272 629 347 umus
647 279 740 333 naum
757 295 781 335 a.
799 266 866 334 m
925 338 928 345 ,

123 484 193 527 sero
216 464 421 545 sapientibus,
441 463 527 528 velut
548 463 588 526 da
608 464 751 527 Troianis
772 464 900 544 dioitnr,
921 464 1046 529 tondant

122 549 223 628 sapiat
255 549 345 610 Rom.
380 545 564 612 Pontifioem
606 567 711 608 verum
752 547 864 611 Christi
898 549 1047 614 viantium

122 629 293 711 primum1)
328 633 360 693 in
381 631 459 693 orbe
479 637 586 691 tenere
606 631 719 709 locum,
742 631 957 694 sioutGraaoi
976 631 1048 712 ipsi,

122 716 299 794 imperator,
320 713 494 795 patriarcha
515 720 545 773 et
561 715 708 793 primates
729 714 790 776 hoo
811 714 948 777 onniassi
967 719 1048 792 sunt

123 804 155 857 et
177 796 385 858 obedientiam
407 797 545 875 fecerunt
564 797 654 857 Rom.
678 795 839 858 Ecclesiae
850 798 942 858 Anno
957 797 1048 863 1439.

123 883 170 945 22.
180 881 331 941 Novemb.
355 886 387 943 at
409 881 454 941 sio
474 878 602 960 fiatpax
623 881 655 941 in
677 879 784 942 diebus
807 882 929 943 nostris.
959 878 1048 955 Quae

122 965 242 1043 omnia,
264 970 298 1023 ut
319 982 428 1046 supra,
451 963 611 1025 committo
633 963 747 1025 iudidio
769 982 893 1043 eornm,
917 981 1047 1043 quornm

120 1048 248 1108 interest
268 1052 300 1108 et
320 1047 467 1109 intererit.
509 1045 574 1109 soli
596 1046 664 1107 Deo
688 1047 798 1127 glorio.

401 1228 441 1300 Μ,
473 1225 768 1306 Lutberus*).

202 1382 272 1445 Non
299 1382 464 1462 displioent
484 1380 590 1442 omnia
610 1380 721 1460 ferme,
754 1400 834 1461 quas
856 1383 979 1447 loeutus
1001 1386 1046 1443 ooo

120 1484 224 1546 egreg,
252 1465 290 1528 D.
314 1465 362 1543 D.,
383 1464 549 1544 praeeipuo
578 1462 654 1525 illud
668 1464 760 1545 dog„
782 1465 867 1544 qnod
897 1463 1046 1545 apostoli·

120 1567 176 1609 oae
197 1547 362 1632 cathedrae
384 1548 572 1627 prinoiputus
593 1547 691 1628 uiguit
712 1566 834 1628 semper
854 1549 886 1608 in
910 1547 1046 1609 eooleaio

120 1631 220 1710 Rom,
242 1632 268 1692 si
289 1630 459 1692 addidisset
480 1636 615 1691 etunum
638 1630 774 1709 verbum,
797 1631 916 1691 soilioot
937 1629 1045 1710 ponat·

120 1719 210 1794 patus
231 1716 392 1794 potestatis
414 1732 507 1794 super
528 1731 636 1777 omnes
659 1714 844 1794 episcopos,
866 1722 897 1774 et
918 1713 1045 1775 Bernar-

120 1796 196 1857 dum.
207 1797 301 1859 oredo
323 1805 467 1877 torquere
483 1802 600 1857 textum
614 1796 653 1857 de
664 1796 842 1858 ambulante
849 1796 942 1857 Petro
955 1814 1047 1876 snpor

122 1899 221 1958 nuere,
253 1899 322 1941 oum
345 1881 506 1961 sequentia
528 1879 691 1940 manifeste
717 1878 789 1940 fidei
814 1879 948 1941 tribuant
980 1896 1043 1941 am.-

120 1962 308 2025 bulationem
323 1963 418 2041 illam,
434 1981 497 2022 non
509 1962 661 2041 primatui,
683 1962 808 2024 dioente
819 1961 953 2039 Christo,
976 1979 1044 2021 oum

121 2046 368 2128 submergeretur
381 2047 502 2107 Petrus:
528 2043 671 2105 Modioae
691 2042 1057 2125 fideiqnoredubitaotii-

120 2129 159 2189 Et
183 2129 266 2210 quod
288 2130 386 2210 anpit,
407 2136 442 2189 ut
462 2127 584 2188 credam
607 2147 712 2189 senum
735 2129 901 2209 apostolos.
923 2135 1045 2190 notatos
1081 2184 1087 2193 ,

120 2213 215 2272 fnisse
238 2212 396 2273 ordinatos
418 2213 584 2291 episcopos
606 2230 627 2271 a
646 2211 737 2273 Petro
760 2212 926 2292 apostolo,
950 2209 1044 2272 modo

121 2314 183 2356 non
211 2295 316 2375 plaoet
342 2294 488 2375 obsequi,
517 2312 586 2353 oum
614 2313 724 2355 omnes
755 2295 878 2356 fuerunt
905 2293 1046 2375 episcopi

121 2379 291 2456 aequaliter
304 2379 395 2440 Petro
427 2388 461 2439 ut
482 2384 584 2438 textus
606 2377 791 2457 perPetrum
814 2377 959 2438 inductus
978 2395 1045 2458 pro·

121 2461 175 2605 iit
201 2461 251 2605 de1
267 2461 368 2524 Jndo:
395 2427 437 2522 bt
465 2463 676 2542 episeopatum
709 2462 775 2521 eius
800 2461 933 2540 aooipiat
959 2459 1046 2537 anm

153 2564 210 2607 neo
253 2546 361 2608 eisto.
1065 2574 1069 2586 ·

411 2742 414 2747 ·
462 2702 609 2771 Eooius
634 2708 704 2787 ⁸⁶⁵).

203 2880 251 2940 De
271 2879 462 2959 episoopatu,
484 2876 568 2955 quod
590 2877 682 2937 etiam
695 2873 792 2936 Judas
812 2874 903 2935 fuerit
924 2874 1046 2954 episeo-

121 2984 178 3045 pus
199 2965 286 3025 iuxta
306 2960 381 3023 illud
403 2959 484 3023 Psol.
506 2957 559 3041 *):
587 2958 627 3020 Et
648 2959 863 3039 episcopatum
878 2958 944 3019 eius
966 2958 1045 3023 ooni-

120 3048 185 3128 piat
205 3044 297 3125 aiter,
330 3043 400 3105 dioo
422 3044 634 3123 episcopatum
662 3041 704 3103 ibi
727 3041 869 3120 usurpari
890 3058 947 3120 pro
969 3058 1044 3120 upo-

120 3130 249 3207 stolotu,
279 3135 310 3189 ot
337 3145 399 3187 non
429 3144 486 3206 pro
515 3125 623 3186 ordine
644 3123 824 3205 episoopali.
860 3122 944 3185 Nam.
960 3120 1045 3204 anud
1084 3152 1087 3167 ι

121 3214 286 3294 plerosquo
309 3210 433 3271 dubium
457 3215 513 3286 est,
535 3228 575 3270 an
597 3207 693 3271 Judas
716 3209 807 3268 etium
829 3206 926 3267 fuerit
944 3224 1044 3269 sanan

121 3297 187 3358 dos.
211 3295 271 3357 Sed
293 3294 355 3356 hoo
375 3292 450 3353 nihil
472 3291 513 3353 ad
534 3311 608 3353 rem.
630 3291 714 3351 Exiit
735 3289 949 3351 tomandudas
971 3289 1046 3350 buo-

121 3379 202 3442 oello
222 3385 354 3459 sumpta,
379 3394 474 3456 quare
495 3374 567 3435 dnm
590 3376 620 3435 in
643 3392 743 3435 onena
757 3372 899 3435 Christus
922 3371 1044 3435 ordina·

157 3608 189 3672 1)
210 3605 241 3659 In
260 3605 302 3661 sd.
321 3606 381 3671 Jen.
400 3611 427 3659 at
446 3602 520 3673 apud
538 3601 667 3673 Loasoh.‚:
688 3601 846 3673 primatum.

158 3679 189 3745 ⁸)
211 3677 240 3730 in
260 3676 303 3733 ed.
322 3676 382 3731 Jen.
413 3681 440 3729 et
465 3677 566 3745 origin.
598 3668 792 3727 tantummodo
820 3671 849 3722 in
879 3671 1044 3740 margine

119 3749 237 3820 legitur:
256 3751 291 3805 Μ.
311 3749 454 3804 Lntherns.
492 3747 540 3814 *⁸)
560 3745 629 3809 ibid
646 3746 676 3797 in
694 3745 872 3811 margine:
895 3740 1001 3796 Euodus.

158 3824 189 3890 ·)
210 3820 281 3877 Paal.
303 3820 364 3878 109.
