2346 4208
122 248 184 317 336
362 255 454 309 Resol.
474 254 500 307 L.
521 271 606 324 super
626 256 820 324 Propositiona

120 437 277 518 intelligit,
300 457 375 518 quas
390 439 541 500 ecclesiae
553 459 645 519 supra
659 446 776 520 petram
796 440 845 513 (id
858 446 909 499 est
919 436 1033 525 lidan)

122 522 204 601 prius
227 520 408 583 aedificatae
429 523 528 602 tradit,
551 531 583 584 ut
596 523 679 584 clare
700 532 805 585 textus
817 523 897 585 ordo
921 520 1033 603 probra

123 604 216 665 Vides
234 625 318 686 ergo,
342 625 432 685 quam
445 607 572 667 ambitio
585 609 770 683 excaecct1)
796 606 907 669 oculos
920 606 1033 685 mantis,

122 695 154 748 ut
175 689 306 749 clavium
329 697 485 770 potestate
507 711 570 751 non
593 698 754 769 contenta,
777 693 870 751 etiam
894 709 936 751 ex
955 698 1034 771 pain

121 771 193 832 fidei
224 771 326 894 ²(quaa
363 782 410 834 est
444 775 595 837 ecclesiae
629 772 818 857 substantia)
854 780 1032 855 potestatem

120 856 213 915 faciat
246 872 269 930 J,
542 916 547 925 ,

204 937 294 1012 Quod
323 947 424 1000 autem
454 940 504 1002 hia
535 943 703 1002 Anacletns
731 941 907 1000 Romanam
936 938 1030 1001 sedan

121 1025 250 1102 primam
266 1032 367 1100 vocat,
391 1033 422 1084 et
432 1025 673 1086 Alexandrinam
686 1022 865 1102 secundam,
888 1030 922 1084 et
936 1023 1029 1084 Antio

121 1106 248 1165 ahenam
272 1109 407 1184 tertiam,
442 1127 475 1169 se
503 1110 602 1188 ipsum
626 1110 735 1168 iterum
769 1105 943 1187 redarguit,
975 1124 1027 1167 nou

122 1189 238 1265 solum,
263 1193 334 1268 quia
355 1193 413 1251 iste
435 1192 512 1253 ordo
534 1194 595 1252 iam
619 1192 670 1252 din
692 1197 825 1251 mutatus
848 1197 914 1269 ast,
934 1206 1026 1249 vernn

122 1273 225 1349 etiam,
240 1273 467 1352 qnodsequitur
479 1276 559 1353 hinc,
573 1283 627 1335 aut
638 1272 881 1335 Alexandrinam
894 1272 1026 1333 esseiurt

121 1355 225 1415 divino
249 1356 426 1435 secundam,
450 1366 480 1417 et
495 1359 721 1419 Antiochenam
744 1357 885 1435 tertiam,
908 1362 963 1417 aut
977 1372 1024 1415 nac

120 1439 292 1498 Romanam
316 1441 463 1519 primam,
498 1444 570 1521 quia
604 1441 714 1502 eodem
737 1441 803 1500 iure
825 1446 950 1519 oportet
968 1454 1023 1499 ente

120 1522 259 1600 primam,
284 1541 345 1602 quo
360 1524 527 1584 secundam
551 1532 582 1584 et
605 1526 735 1586 tertiam.
781 1524 823 1583 At
844 1522 1022 1583 manifestum

120 1613 183 1684 est,
218 1606 300 1684 quod
324 1607 489 1667 secundam
513 1616 544 1668 et
572 1609 696 1668 tertiam
730 1625 786 1666 suo
821 1607 888 1666 iura
920 1602 1024 1666 ordina

120 1689 274 1766 Romana,
298 1709 373 1770 ergo
397 1697 428 1750 et
442 1710 474 1750 se
489 1693 586 1771 ipsam
602 1692 730 1770 primam
753 1708 809 1749 suo
831 1690 898 1749 iura
912 1687 1023 1750 ordinat

204 1771 294 1832 Errat
315 1777 407 1833 ctiam
431 1775 461 1833 in
485 1775 629 1853 historia,
659 1774 740 1852 quod
762 1772 915 1853 Ignatium
937 1768 1023 1833 scribit

121 1856 319 1915 coustitutum
359 1877 378 1917 a
415 1856 506 1918 Petro
544 1859 723 1937 episcopum
758 1856 945 1917 Antiochiae
978 1850 1022 1913 sili

121 1958 349 2016 successorem,
383 1942 507 2000 cumin
531 1942 742 2001 ecclesiastica
770 1940 899 2000 historia
926 1938 1021 2019 putul

120 2023 272 2084 Enodinm
307 2024 414 2100 Petro,
451 2032 481 2084 et
502 2024 625 2085 Euodio
656 2023 808 2104 Ignatium
843 2022 1021 2083 succendant.

119 2106 192 2165 ldeo
215 2126 277 2166 non
300 2113 348 2165 est
369 2107 525 2185 credibile,
547 2108 635 2167 huius
658 2107 794 2168 Canonis
816 2112 954 2171 autorem
968 2118 1022 2165 cue

123 2190 317 2250 Anacletum.

203 2273 266 2331 lam
289 2274 359 2333 audi
383 2277 492 2334 iterum
515 2294 655 2335 securum
679 2272 910 2345 affirmatorem,
930 2269 960 2331 id
979 2274 1023 2341 etl

120 2358 329 2416 temerarium:
367 2361 446 2417 lnter
467 2359 575 2419 beatos
598 2357 774 2436 apostolos,
810 2357 926 2434 inquit,
947 2370 1021 2434 quac·

120 2439 189 2498 dam
214 2439 269 2498 fuit
291 2440 434 2501 discretio
457 2442 636 2521 potestatis,
661 2447 692 2500 et
712 2440 785 2499 licet
807 2457 917 2499 omnes
938 2438 1024 2498 amcul

120 2522 265 2602 apostoli,
287 2523 378 2584 Petro
402 2534 505 2584 tamen
528 2543 710 2585 concessum
733 2530 780 2583 est
802 2541 822 2581 a
840 2522 1024 2597 Domino,tl

119 2607 179 2686 ipsi
197 2607 276 2665 inter
292 2626 326 2667 se
339 2608 539 2668 volueruntid
563 2609 672 2688 ipsum,
695 2613 727 2666 ut
749 2605 826 2684 reliq
834 2606 881 2665 uis
892 2602 1024 2686 apostol'u

121 2689 263 2750 omnibus
286 2700 453 2769 praeesset.
498 2691 645 2767 Obsecro,
668 2709 747 2769 quae
768 2689 826 2749 fuit
845 2689 908 2749 ista
927 2688 1022 2757 dicem

120 2775 162 2833 tio
188 2774 371 2851 potestatis?
395 2775 547 2854 Numquid
564 2776 670 2834 Petrus
689 2764 1023 2852 ordinavitapostolocl

120 2856 268 2935 numquid
292 2858 374 2917 misit
396 2858 472 2918 eos?
494 2857 641 2937 numquid
664 2856 859 2916 confirmavit
881 2853 962 2917 eos?
979 2848 1023 2915 uli

121 2940 221 3021 legisti
244 2939 345 3017 belua,
369 2941 451 3019 quod
473 2962 491 3001 a
515 2943 647 3002 Domino
671 2958 852 3000 concessum
879 2946 928 3000 est
947 2938 1023 3001 Pet-o
1063 3014 1065 3021 Ι

120 3025 234 3085 habere
257 3023 418 3084 discretam
439 3032 624 3104 potestatem
648 3024 685 3085 ab
708 3022 802 3083 aliis?
836 3022 960 3102 quando
979 3020 1024 3081 lo
1063 3032 1065 3059 ²

119 3109 178 3188 ipsi
202 3107 383 3167 voluerunt?

204 3190 284 3264 Quin
305 3191 355 3250 liic
378 3192 483 3270 signa,
514 3191 626 3271 duplex
651 3196 699 3250 est
719 3189 887 3269 primatus,
914 3182 1022 3250 horodi

121 3284 152 3335 at
173 3276 345 3353 potestatis.
391 3273 481 3348 Quod
505 3274 612 3333 Petrus
643 3275 757 3354 primns
786 3271 842 3332 fuit
871 3274 902 3332 in
924 3269 1022 3341 ordire,

120 3376 212 3418 nemo
243 3365 346 3437 negat.
389 3358 467 3416 Nam
491 3365 521 3417 et
545 3359 624 3418 inter
653 3354 844 3434 cardinales,
867 3357 1022 3437 episcopua

122 3440 310 3517 sacerdotes,
331 3441 486 3519 doctores,
505 3441 668 3521 principes,
692 3439 811 3499 etiamsi
832 3438 935 3499 nullus
955 3430 1023 3499 clai

121 3525 274 3584 subiectus
298 3531 360 3601 est,
391 3533 493 3584 tamen
516 3544 644 3585 necesse
669 3532 730 3602 est,
752 3523 783 3580 in
812 3528 966 3583 conventu
984 3514 1022 3579 ull·

121 3626 210 3687 quem
234 3610 333 3688 primo
356 3607 426 3668 loco
449 3606 576 3688 sedere,
610 3628 678 3669 cum
706 3616 809 3669 tamen
833 3606 910 3667 nihil
930 3602 1022 3667 habat

157 3809 188 3874 1)
209 3810 240 3861 ln
261 3806 324 3862 adit.
343 3808 450 3876 priore:
471 3810 610 3859 excaecat.
647 3804 679 3867 2)
704 3804 733 3855 ln
752 3802 795 3856 ad.
816 3800 897 3857 dam:
916 3802 983 3855 lacit.
