2346 4208
118 251 185 323 112
431 253 737 326 moll..

122 454 181 517 εει,
202 452 234 506 ει
255 464 330 506 mox
342 444 429 506 Deus
452 454 484 506 et
501 447 638 505 inusseris
659 452 691 505 ει
712 443 1040 526 remittensprreintei

123 529 177 609 ligi
198 528 357 609 probetur.

189 614 237 676 13.
257 612 353 692 Igitur
387 611 497 672 Deniel
532 631 637 692 regem
671 611 843 691 Bebylonis
879 611 920 671 nd
956 613 1039 671 totius

120 696 454 755 viueoonrersionem
473 694 613 754 homins
634 693 739 757 donet.
760 694 825 755 ude
845 715 927 754 reru
952 712 1039 774 (quse

124 778 197 838 insit
218 792 333 857 opere)
356 780 570 837 remissionem
592 790 793 856 pesatornm
816 775 965 838 obtineri

189 863 236 922 11.
259 862 373 920 ὓὶοειιε
394 862 491 920 enirn:
514 860 644 920 Peeoen
667 870 730 929 tes,
753 862 894 921 ostendit
924 863 953 921 ei
973 863 1038 920 irum

126 944 195 1018 Dei,
217 943 248 1003 id
270 954 328 1021 est,
350 943 461 1023 legem.
484 963 615 1022 meque
635 963 706 1002 eum
721 953 923 1025 pecatorem
945 964 1038 1004 corun

126 1026 205 1103 Deo,
225 1027 311 1106 qnod
331 1029 492 1106 ignoraret
512 1047 578 1088 rex.

188 1114 236 1173 15.
257 1111 386 1169 Dioens:
418 1108 548 1170 Redime
578 1109 810 1190 eleemosynis,
845 1109 983 1169 ostendii
1015 1109 1038 1168 si

123 1194 254 1333 gpotiem
276 1193 428 1334 Deifippo
449 1194 806 1336 remittunturbepenoetn,
827 1194 855 1251 si
878 1192 994 1269 eredat,
1013 1199 1038 1250 ει

124 1292 194 1335 εεε
397 1294 446 1336 em
468 1295 556 1335 susm
689 1326 698 1338 .

191 1294 339 1422 m
368 1361 426 1418 nisi
447 1294 748 1436 oedereimonnieu,
781 1377 816 1418 se
837 1377 987 1439 pensasse
1014 1366 1039 1418 ει

122 1441 200 1500 irem
222 1442 279 1502 Dei
303 1444 460 1516 meruisse,
482 1461 545 1502 non
568 1443 767 1522 resipiseeret
786 1461 806 1500 u
826 1444 975 1521 pensetis

189 1525 238 1588 17.
259 1525 387 1600 Rursus,
409 1527 467 1584 nisi
491 1524 631 1585 erederet
650 1525 749 1584 Deum
770 1524 855 1585 velie
875 1527 1039 1607 ignosoere,

124 1624 187 1667 non
209 1608 348 1668 studeret
367 1608 578 1688 eleemosynis
598 1607 719 1669 dnndis.
827 1628 833 1636 ·

191 1693 237 1755 18.
259 1691 371 1752 Totum
404 1710 480 1771 ergo
510 1690 702 1764 doctrinm,
735 1691 856 1750 seiiioet
887 1691 990 1772 legem
1015 1696 1042 1750 ει

125 1774 338 1854 evangelium,
371 1775 482 1834 Duniel
503 1774 566 1834 hoo
587 1773 683 1834 verbo
710 1774 896 1854 complexus
919 1781 984 1852 est,
1015 1773 1041 1833 id

123 1863 183 1931 est,
204 1866 304 1918 totum
324 1856 462 1917 fidelium
483 1859 590 1919 vitum.

191 1943 238 2003 19.
261 1941 347 2001 Siout
366 1942 399 2000 in
420 1941 531 2000 morali
552 1939 694 2000 doetrine
715 1958 840 2019 semper
859 1958 1042 2021 praesuppo

126 2022 207 2082 nitur
227 2032 313 2083 reeta
333 2026 413 2083 rotio
442 2031 474 2083 ει
506 2023 590 2083 bone
615 2024 777 2100 voluntas,
808 2022 883 2082 dnm
917 2025 998 2083 inste
1016 2030 1044 2082 ει

125 2103 260 2166 honeste
280 2109 521 2186 praecipiuntur.

189 2193 239 2254 20.
260 2191 352 2249 Diota
373 2210 460 2265 vero,
483 2208 563 2267 quae
577 2189 616 2248 de
638 2196 704 2248 totu
725 2190 789 2247 vito
808 2188 986 2249 Ghnstiens
1006 2189 1043 2249 lo

125 2284 257 2349 quuntur
279 2293 334 2332 seu
355 2272 416 2332 fide
435 2275 604 2344 inournntn,
627 2292 690 2331 non
707 2271 822 2331 debent
838 2272 920 2331 trebi
945 2283 1045 2332 oontrr

125 2365 254 2432 portem,
275 2355 307 2414 id
320 2364 377 2417 esu
390 2368 500 2416 contro
511 2355 605 2415 iidem
619 2356 729 2429 solum,
745 2374 799 2414 seu
820 2355 1045 2416 iustifioontem.

187 2442 237 2500 21.
260 2439 385 2516 Alioqui
408 2441 465 2498 erit
489 2439 650 2498 manifesto
673 2439 795 2497 follnein
810 2440 1045 2518 compositionis

126 2531 158 2583 et
179 2523 350 2583 divisionis.

345 2702 536 2777 Quaestio
560 2701 605 2762 de
626 2702 700 2762 ilio
723 2700 833 2761 Pauli

378 2819 461 2879 dioto
488 2824 512 2881 1.
534 2820 672 2884 Corinth.
699 2822 735 2883 13
750 2822 804 2897 *);

210 2951 240 3011 81
252 2952 343 3013 iidem
360 2954 498 3015 habuero
517 2963 574 3017 eto
597 2955 682 3031 Item,
695 2955 918 3015 meiorhorum
933 2958 1050 3015 naritus

192 3039 218 3097 1.
241 3035 459 3117 Respondetnr
490 3037 692 3115 adversariis,
727 3037 853 3098 Paulum
888 3038 952 3099 hoo
984 3039 1050 3099 loco

126 3116 219 3176 fidem
242 3139 297 3199 pro
322 3119 405 3180 douo
429 3120 559 3200 Spiritus
582 3123 733 3201 accipere.

190 3203 218 3263 2
240 3201 318 3262 Cum
341 3211 443 3262 sutem
475 3206 586 3263 onntns
618 3206 753 3266 omnium
783 3203 940 3264 donorum
971 3205 1052 3285 spiri-

127 3284 255 3344 tualium
278 3287 317 3345 sit-
342 3288 520 3357 maximum
544 3290 653 3349 merito
676 3288 846 3368 praefertur
867 3288 924 3347 tuli
945 3286 1029 3348 fidei

189 3369 218 3430 3.
237 3367 347 3428 Soioiis
371 3376 402 3428 et
426 3368 652 3448 disputantibus
674 3369 898 3451 respondetur
926 3371 1053 3432 Paulum

125 3449 176 3590 ipio
207 3451 292 3594 loqpi
322 3453 536 3531 propositione
565 3455 778 3534 hypothetico:
815 3453 849 3514 si
878 3453 975 3515 fidem
1006 3456 1054 3515 hu·

147 3553 221 3595 uero
245 3553 304 3595 eo.

200 3715 226 3776 ‘i
248 3713 324 3766 Haec
342 3718 469 3783 quaestio
489 3715 570 3767 deest
587 3716 615 3765 in
635 3712 677 3766 ed.
700 3712 783 3776 1538,
807 3718 901 3768 textus
923 3719 1058 3784 repetitus

121 3804 158 3850 ex
179 3786 224 3850 ed.
247 3787 326 3852 titt.
348 3787 474 3858 (weiss.
487 3786 559 3841 m
572 3803 603 3856 p.
619 3785 675 3840 ιιι
691 3790 723 3836 ει
736 3783 830 3848 ι’(ι3ι.
