2346 4208
192 235 255 301 158
535 237 687 291 coquendi
706 240 777 294 rouo

197 389 465 470 excarnifioentur,
478 390 596 450 scilicet
609 391 648 451 ad
656 390 859 472 impossibilia
871 389 1002 450 tendere
1009 388 1116 468 docti),

196 475 251 538 sed
266 474 459 555 desperando
472 474 563 554 plane
586 482 678 554 atque
692 473 881 534 effundendo
896 486 952 534 cor
965 474 994 552 ¹)
1019 491 1116 534 coram

196 560 263 620 Deo
287 559 407 620 dicere:
431 559 563 618 Domine
584 557 677 636 Deus,
701 578 763 618 uon
781 557 882 618 habeo
906 557 992 637 quod
1014 556 1118 635 debeo,

196 662 254 703 neo
276 662 416 724 possum:
447 642 495 700 Da
516 642 598 720 quod
620 643 707 701 iubes
729 650 761 701 et
782 641 853 701 iube
874 641 949 721 quid
973 643 1030 702 vis.
1074 639 1128 701 sir·

197 729 279 788 enim
301 727 490 806 Augustinus
513 734 581 786 orat
602 726 633 784 in
657 726 864 786 confessione.

578 889 735 965 Quintum.

280 1044 394 1103 Verum
416 1045 476 1103 ista
497 1043 535 1102 de
564 1046 724 1124 proposito
758 1042 831 1103 volo
870 1049 965 1103 caute
984 1043 1121 1122 intelligi

196 1128 390 1207 Propositum
414 1128 495 1185 enim
518 1126 631 1185 bonnm
660 1127 820 1207 dupliciter
841 1126 908 1186 fieri
931 1127 1036 1188 debet.
1066 1128 1121 1188 Pri·

196 1231 277 1270 mum
301 1210 339 1269 de
362 1210 528 1269 manifestis
553 1211 731 1270 mortalibus
753 1217 886 1288 tantum,
926 1217 961 1269 ut
981 1216 1057 1269 sunt
1076 1203 1121 1270 ad·

197 1294 356 1371 ulterium,
397 1293 617 1371 homicidium,
639 1293 820 1371 fornicatm,
841 1295 976 1371 furtum,
1007 1296 1121 1374 rapina,

196 1396 297 1455 usura,
321 1378 469 1437 detractio
492 1385 550 1436 etc.
593 1376 708 1436 Horum
732 1379 811 1436 enim
835 1376 1035 1438 vitandorum
1058 1398 1121 1458 pro-

194 1461 326 1540 positum
350 1462 474 1540 proprie
495 1460 627 1539 pertinet
649 1460 688 1520 ad
702 1461 929 1520 confessionem
951 1479 1120 1520 sacramen·

196 1544 305 1620 talem,
338 1553 496 1603 eteorum
521 1544 586 1602 Deo
609 1543 652 1621 ad¹
676 1544 836 1622 quodlibet
855 1545 959 1602 statim
983 1563 1120 1604 momen-

197 1635 271 1706 tum,
293 1638 456 1706 postquam
481 1633 657 1706 perpetrata
679 1635 759 1703 sunt,
782 1631 867 1686 iuxta
888 1626 966 1685 illud
988 1627 1120 1688 Ecclesi-

195 1709 345 1783 astioi*):
369 1710 443 1786 Fili,
464 1711 610 1789 peccastt,
633 1712 767 1788 quiesce,
791 1729 830 1769 ne
851 1709 978 1768 adiicias
1004 1713 1121 1771 iterum.

195 1792 235 1854 Et
258 1794 347 1853 item:
371 1794 416 1853 Ne
440 1793 540 1853 tardes
564 1795 704 1853 converti
726 1793 765 1852 ad
793 1794 969 1855 Dominum.

279 1877 432 1956 Secundo,
455 1876 494 1936 de
516 1877 657 1938 omnibus
679 1879 814 1956 peccatis
836 1883 933 1954 (quae
956 1877 1119 1955 venialin²l

195 1968 318 2034 vocant,
341 1960 380 2019 de
403 1960 511 2038 quibus
533 1960 629 2041 infra)
640 1979 765 2041 prorsus
784 1978 894 2019 vonum
909 1967 958 2019 est
980 1959 1120 2022 laborare

196 2044 234 2104 ad
257 2047 448 2124 propositum
472 2044 675 2104 formandum,
719 2043 797 2118 Quia
809 2046 833 2102 si
850 2053 934 2102 recte
958 2062 1032 2104 sese
1054 2052 1120 2105 ood-

198 2127 328 2206 sideret,
351 2128 487 2186 inveniet
508 2128 713 2206 impossibile,
736 2129 760 2186 si
783 2127 891 2186 saltem
913 2127 945 2185 in
968 2145 1065 2187 carne
1085 2129 1123 2187 vi-

199 2231 272 2270 vere
296 2211 382 2289 velit,
413 2229 481 2270 oum
506 2219 558 2287 tut
578 2212 768 2290 Augustinus
789 2211 847 2289 ait)
872 2209 952 2269 haec
972 2211 1039 2270 vita
1060 2211 1121 2270 sine

198 2294 308 2354 talibus
337 2314 399 2353 non
422 2296 521 2374 possit
543 2297 607 2375 agi,
638 2296 739 2373 qualia
767 2301 838 2353 sunt
865 2295 959 2370 risus,
988 2296 1122 2371 verbum,

199 2379 356 2457 cogitatio,
375 2386 527 2456 aspectus,
543 2377 674 2455 auditus,
693 2386 810 2458 gustus,
824 2383 921 2436 tactus
941 2377 1122 2457 superfluus,

199 2471 251 2521 aut
271 2461 516 2520 inconsideratus
550 2471 607 2522 eto.
652 2467 737 2535 Quae
765 2463 856 2520 etiam
886 2460 960 2518 talia
988 2462 1120 2539 quando-

199 2563 258 2624 que
281 2554 360 2622 sunt,
383 2552 415 2602 ut
436 2546 583 2604 incertum
607 2548 654 2624 sit,
678 2554 845 2624 peccatone
867 2546 937 2619 sint,
959 2563 1001 2602 an
1029 2551 1122 2605 tenta·

199 2632 298 2688 tiones
321 2637 540 2708 promoventes
564 2632 680 2691 merita.
724 2629 764 2688 Et
775 2638 877 2688 tamen
894 2629 925 2685 in
938 2627 986 2685 his
1008 2631 1122 2703 mirum,

199 2730 289 2790 quam
313 2710 467 2771 laboretur
495 2721 525 2771 et
548 2714 732 2773 obtundatur
763 2713 922 2772 confessor
944 2712 1122 2772 verbosissi-

199 2814 250 2855 mo
274 2795 367 2854 modo
391 2795 568 2856 confitendi.
612 2799 710 2859 Debet
739 2800 819 2858 enirn
843 2795 1040 2876 propositum
1063 2815 1119 2856 oer-

199 2887 261 2938 tum
285 2899 363 2956 esse,
387 2887 417 2939 et
438 2899 529 2959 super
541 2884 587 2960 iis,
611 2903 689 2963 quae
703 2892 787 2945 certa
808 2888 887 2953 sunt,
911 2884 944 2936 et'
965 2880 1119 2939 communi

199 2965 261 3024 vita
283 2964 372 3023 vitari
393 2966 554 3044 possibilia
589 2983 674 3051 sunt,
718 2975 832 3034 utiam
866 2967 949 3026 dicta
983 2965 1122 3024 mortalia

198 3068 327 3141 peccata
348 3071 464 3140 aperta.

596 3225 732 3289 Sextum.

280 3381 329 3441 An
352 3380 603 3462 paccataoordis
627 3379 763 3456 occulta,
795 3399 831 3438 ac
854 3380 897 3438 sic
919 3379 978 3439 soli
1005 3380 1121 3440 Decet

197 3461 324 3543 homini,
348 3467 397 3543 qui
420 3465 492 3524 fecit
513 3484 559 3542 ea,
584 3466 721 3544 cognita,
745 3465 918 3541 pertineant
941 3462 980 3522 ad
1008 3463 1119 3523 confes·

198 3547 316 3608 sionem
339 3548 612 3625 sacramentalem,
652 3556 738 3607 extra
777 3566 875 3606 meum
912 3554 1040 3624 captum
1073 3553 1120 3605 est.

270 3733 298 3792 l)
318 3732 348 3784 ln
381 3733 422 3786 ed.
450 3733 509 3784 Jen.
530 3731 619 3786 deest:
640 3748 693 3785 cor.
732 3730 765 3797 2)
786 3730 816 3784 ln
836 3729 879 3784 ed
899 3732 985 3800 orig.:
1010 3730 1119 3786 venalia

272 3803 302 3875 ·)
323 3805 420 3858 Siraeh
438 3805 481 3860 21.
