2332 4206
27 3656 47 3691 l

80 242 87 249 '
179 234 246 303 458
483 238 638 308 Disputatio
656 236 693 293 D.
712 235 799 293 11.

183 438 363 572 porosum,
385 428 571 508 promissio,
594 427 690 505 fidos,
711 424 916 501 iustiliuu'o,
936 424 1099 504 imputau‘o,

196 531 236 572 ex
257 518 289 571 et
311 511 449 590 impletio
472 513 549 572 eius.

252 595 302 658 28.
324 593 395 655 Non
419 601 493 655 sunt
512 594 592 655 haec-
612 595 644 654 in
665 611 774 653 eorum
794 591 899 661 libris,
921 590 977 652 seul
999 591 1100 652 oontri·

183 679 239 753 h'o,
261 677 452 747 satisfactio,
487 683 520 738 st
540 696 635 756 opera
663 676 806 737 bumams
841 673 959 735 viribus
979 675 1100 754 guntin

184 761 242 821 Dei
265 760 424 820 merentia

249 845 300 908 29.
322 843 486 924 Ignorant,
521 844 585 904 imo
621 850 738 922 negant
767 850 932 921 pensatum
959 840 1101 920 originale

182 934 257 1007 post
276 926 473 1006 baptismum,
495 931 662 989 sitantum
684 923 725 985 do
745 923 921 985 munuum
941 922 1099 1001 disputant

247 1011 297 1073 30.
319 1008 386 1068 Han
432 1009 608 1089 ignorantia
651 1015 753 1069 stante
796 1006 881 1069 vallo
918 1005 1099 1085 theologiam

184 1099 332 1169 moure,
365 1099 414 1152 est
434 1091 518 1152 aliud
540 1091 636 1165 nihil,
665 1109 759 1170 quam
780 1091 904 1151 ninum
936 1088 1022 1151 velle
1043 1088 1101 1169 lyra

183 1195 307 1238 oanere.

183 1406 423 1488 Disputatio
458 1406 711 1488 Theologioa
743 1406 780 1469 R.
813 1406 860 1469 P.
882 1406 921 1467 D.
950 1404 1101 1467 Hortini

562 1490 731 1568 Lutheri,

183 1639 232 1702 An
256 1640 333 1702 bueo
356 1643 529 1723 propositio
542 1643 583 1703 sit
603 1644 718 1703 verain
735 1642 952 1725 philosophia:
975 1640 1100 1702 Verbum

463 1744 537 1789 saro
560 1726 674 1787 lautum
706 1724 824 1799 est'l‘)

464 1879 557 1938 Anno
580 1879 621 1942 M.
642 1879 681 1940 D.
703 1877 823 1955 xw).

535 1998 588 2060 xl.
611 1998 755 2061 Ianuarii.

273 2135 298 2194 l.
321 2130 388 2192 uui
401 2131 566 2193 tenendum
581 2141 629 2195 est
650 2133 733 2214 quod
743 2133 867 2194 dicitur:
891 2130 1104 2195 Omnsverum

185 2234 258 2276 vero
283 2222 453 2294 consonat,
485 2224 588 2276 tamen
621 2217 703 2277 idem
727 2237 788 2279 non
811 2222 860 2278 est
882 2234 990 2278 vorum
1012 2215 1044 2275 in
1067 2211 1105 2272 din

184 2299 281 2358 versis
303 2296 557 2376 professionibus.
1023 2310 1034 2326 ”

268 2382 296 2442 2.
320 2379 354 2439 ln
377 2380 536 2463 theologia
558 2402 663 2444 verum
686 2391 753 2461 est,
783 2381 912 2442 verbum
954 2400 1031 2466 esse,
1047 2398 1107 2440 oar·

184 2482 255 2525 nem
277 2463 408 2541 fautum,
442 2467 473 2525 in
496 2465 694 2547 philosophia
717 2466 896 2547 simpliciter
918 2460 1106 2546 impossibile

184 2552 216 2608 et
239 2545 415 2608 absurdum.

268 2632 296 2693 3.
319 2630 385 2692 Neo
407 2632 526 2707 minus,
559 2632 621 2692 imo
645 2633 742 2712 magis
773 2630 819 2691 dis
842 2637 931 2691 arata
955 2637 1005 2691 est
1025 2645 1105 2710 pras

186 2711 317 2807 dioatio:
340 2714 424 2774 Deus
447 2722 495 2774 est
515 2714 628 2793 homo,
656 2733 743 2795 quam
767 2715 792 2774 si
810 2650 910 2774 thoas:
938 2713 1044 2774 Homo
1066 2718 1107 2771 est

186 2812 300 2854 asinus.

269 2879 297 2940 4.
319 2878 480 2958 Sorbona,
500 2889 598 2940 mater
620 2900 771 2959 errorum,
802 2879 940 2960 pessime
961 2875 1105 2951 delinivit,

182 2955 263 3018 idem
287 2979 356 3021 esse
379 2981 483 3022 verum
505 2964 536 3022 in
559 2963 756 3044 philosophia
778 2969 809 3022 et
831 2960 1004 3044 theologia.

267 3046 297 3106 5.
320 3043 479 3125 Inrpieque
501 3044 659 3106 damnavit
681 3065 747 3124 eos,
770 3045 1027 3125 quiooutrarium
1050 3041 1102 3102 dis·

183 3130 375 3202 putaverunt.

266 3208 294 3269 o.
318 3207 396 3269 Nam
427 3209 486 3270 han
507 3213 660 3272 sententia
684 3209 883 3272 abominabili
905 3209 1016 3270 docuit
1038 3226 1103 3287 oap-

181 3290 278 3349 tivare
299 3292 445 3352 articulos
468 3292 539 3354 fidei
563 3294 776 3357 subiudioium
786 3295 914 3354 rationis
939 3293 1101 3354 humanae.

267 3376 293 3435 7.
317 3372 386 3434 Hoc
408 3383 473 3435 erat
495 3376 578 3437 aliud
592 3378 677 3456 nihil,
700 3396 790 3458 quam
803 3376 927 3438 coslum
943 3383 976 3438 et
1000 3383 1105 3436 terram

181 3454 337 3516 includere
360 3459 389 3516 in
414 3477 470 3517 suo
495 3467 611 3539 centro,
636 3469 688 3521 snt
710 3479 807 3541 grano
831 3461 917 3522 milii.

176 3598 596 3616 Μ

255 3677 285 3742 1)
307 3678 336 3730 In
356 3680 399 3734 ed.
417 3682 480 3736 «len.
499 3682 617 3752 legitur:
636 3684 670 3737 lt.
692 3683 724 3737 D.
744 3681 866 3735 xxxix.

255 3748 284 3823 ⁸)
304 3749 492 3813 seruantem
505 3754 611 3809 welch.
629 3756 661 3811 Τ.
680 3755 706 3808 Χ
724 3771 751 3824 p
771 3753 807 3825 78
824 3757 855 3809 st
875 3750 955 3809 1396.
