2346 4208
200 260 264 330 332
548 261 756 332 Disputationes

200 454 355 517 humiliter
375 471 497 534 sapere,
518 453 619 513 snions
641 456 724 512 nasta
748 449 962 525 otverisaima,
983 455 1119 511 satanam

200 558 263 599 non
287 556 356 598 asae
378 544 547 614 mortuum,
569 534 624 595 sod
646 533 747 595 adhuc
768 534 940 613 prinoipem
964 552 1045 612 assa,
1066 551 1120 596 noo

200 622 289 681 unius
311 620 454 696 hominis,
477 639 535 679 neo
552 620 639 678 anius
661 618 807 697 regionis,
831 615 887 677 sed
905 618 1002 678 totius
1015 616 1121 694 mundi,

200 705 287 764 ouius
309 704 481 783 potentiae,
515 703 646 762 astutias
668 708 699 761 ot
721 700 856 760 malitiae
879 719 974 761 nemo
997 719 1059 760 non
1082 706 1122 760 ost

200 787 366 862 subiectus,
391 786 448 846 nisi
462 804 538 846 unus
551 784 699 860 Christus,
721 790 753 844 ot
764 785 816 863 qai
829 789 903 844 sunt
918 803 995 844 vara
1008 783 1121 844 Christi.

283 867 386 943 Quare
408 887 470 928 nou
499 874 547 928 ast
577 867 660 946 quod
682 868 782 927 securi
811 869 909 927 simus
943 874 977 935 et
997 866 1121 946 superbo

201 971 346 1033 agamus,
374 956 406 1011 et
426 970 484 1011 nos
512 951 598 1030 ipsos
622 951 766 1010 miremur
793 951 825 1010 iu
848 949 952 1028 gioria
974 948 1121 1011 douornrn

202 1034 418 1096 excellentium
449 1053 543 1112 supra
576 1033 713 1112 reliquos
748 1033 902 1094 hominos.
948 1032 1048 1093 Vides
1070 1033 1121 1109 hie,

201 1119 226 1177 si
250 1117 322 1177 lioet
345 1117 454 1177 saltam
478 1116 539 1176 hoo
565 1117 705 1196 gloriari,
737 1135 776 1176 ex
811 1122 931 1195 quanta
951 1115 1122 1177 iufirmitnta

201 1219 251 1259 mo
274 1200 423 1260 Dominus
457 1200 635 1278 provexerit
665 1200 697 1259 in
730 1199 893 1277 virtut-am,
932 1219 975 1259 ex
1017 1206 1121 1280 quantt

200 1283 375 1363 ignorantia
396 1283 425 1341 in
449 1282 627 1360 seientiam,
656 1301 696 1342 ex
717 1288 832 1361 quanto
856 1287 999 1343 nemore
1020 1284 1053 1343 iu
1072 1282 1121 1343 ior-

201 1365 372 1441 titudinem‚
392 1384 455 1425 non
473 1373 556 1425 certa
578 1366 645 1425 sine
665 1365 817 1446 agonibus
839 1372 871 1424 et
893 1365 1121 1443 tentationibus,

201 1455 235 1508 ut
262 1449 311 1508 isti
345 1447 488 1508 audaouli
518 1453 550 1508 et
582 1447 654 1509 laeti
690 1447 882 1529 soriptorouli
917 1456 1120 1528 praesumunt

200 1531 267 1592 Neo
288 1537 391 1591 tamen
415 1549 453 1591 eo
472 1532 609 1610 perveni,
632 1549 693 1609 quo
708 1532 827 1592 iliiiam
849 1530 968 1591 dudum
993 1532 1053 1593 sibi
1067 1550 1121 1612 per·
1163 1598 1165 1613 Ι

200 1615 324 1675 vonisse
346 1613 497 1674 videntur.
540 1613 618 1673 Nam
648 1620 682 1674 ut
718 1633 831 1695 papam
868 1620 902 1676 et
936 1615 1120 1676 maiestatem

201 1698 266 1758 eius
288 1717 371 1758 nuno
392 1716 456 1758 non
477 1696 651 1773 formidem,
673 1704 776 1758 tamen
790 1697 887 1757 Deum
911 1716 1022 1777 papae
1034 1697 1121 1758 odhra

201 1780 368 1843 formidare
390 1798 495 1861 sogor,
517 1798 600 1861 pena
622 1782 731 1862 magis,
753 1799 844 1859 quam
866 1799 886 1839 a
901 1780 1070 1862 principio.

287 1863 427 1940 Summa,
460 1882 520 1925 nos
547 1863 623 1924 nihii
644 1883 763 1943 sumus,
795 1863 937 1924 Christus
968 1864 1057 1925 solus
1085 1868 1122 1924 ast

203 1947 317 2024 omnia,
341 1947 392 2025 qui
413 1947 440 2007 si
461 1951 582 2006 avertat
598 1947 710 2008 faeiem
731 1966 827 2024 suam,
849 1963 910 2006 nos
930 1948 1123 2026 perimuaat

202 2036 291 2090 satan
315 2029 500 2111 triumphat.
529 2031 621 2089 etiam
645 2033 671 2091 si
693 2031 790 2091 sanati
813 2029 896 2089 Petri
919 2035 952 2089 et
974 2031 1065 2091 Pauli
1085 2048 1121 2089 os

202 2131 312 2173 semus.
355 2112 557 2172 Humiiiemus
578 2111 672 2195 igitur
691 2113 810 2173 animas
841 2116 969 2172 nostras
1001 2113 1122 2193 subpo

201 2197 280 2255 tenti
302 2215 393 2255 manu
415 2195 490 2272 Dei,
522 2201 556 2256 ut
589 2195 704 2257 exaltet
736 2215 794 2258 nos
828 2197 860 2254 in
897 2201 1046 2276 tempora
1066 2214 1121 2256 suo.

200 2277 283 2337 Deus
315 2279 396 2337 enim
424 2277 564 2358 superbis
597 2281 726 2356 resistit,
759 2277 924 2339 humilibus
953 2288 1059 2340 autem
1081 2279 1123 2338 dat

200 2362 344 2440 gratiam.
389 2360 475 2421 Siout
504 2362 571 2421 Deo
595 2362 776 2423 saorifioium
798 2367 846 2441 ost
868 2361 1001 2440 spiritus
1024 2363 1122 2422 sonti·

200 2442 335 2520 buiatua,
356 2445 399 2503 ita
413 2443 494 2503 haud
509 2444 601 2505 dubio
612 2444 794 2505 suorifioium
808 2437 925 2504 diaboli
944 2447 1073 2524 spiritus
1085 2449 1123 2505 ost

200 2527 392 2607 praefractus
415 2533 446 2586 et
469 2545 604 2590 securus.
634 2529 712 2588 Vale
724 2529 754 2588 in
769 2528 916 2604 Domino,
939 2537 984 2605 et,
1007 2530 1033 2589 si
1057 2546 1123 2608 opos

202 2609 258 2670 tibi
282 2610 331 2691 sit,
354 2629 423 2670 meo
447 2609 552 2671 laboro
573 2617 605 2671 et
625 2613 769 2691 exemplo
793 2610 902 2670 melior
924 2611 1074 2673 efficiare.

489 2755 829 2879 Disputationes.

261 2957 298 3018 R.
320 2956 353 3018 P.
376 2958 525 3018 Martinus
548 2958 696 3018 Lutherus
719 2959 872 3019 subiectas
896 2962 1073 3022 sententias

581 3041 747 3120 disputavit

479 3123 572 3186 Anno
593 3125 634 3187 Μ.
657 3124 693 3187 D.
718 3121 842 3204 xliv)

242 3224 269 3283 1.
292 3221 407 3282 Beatus
431 3229 487 3301 ast,
511 3225 563 3303 qui
584 3226 660 3285 vivit
682 3230 715 3284 ut
737 3223 812 3286 vuit.

276 3340 308 3406 1’)
329 3341 388 3393 Hae
408 3343 630 3409 Propositionea:
658 3342 761 3396 Beatus
790 3348 832 3396 eat
850 3349 902 3395 sto.
923 3360 985 3396 uon
1006 3346 1129 3414 leguntur

197 3412 224 3460 in
246 3410 310 3462 edit.
332 3414 556 3480 Propositiouum
576 3416 702 3482 Lathon,
732 3430 802 3483 quae
830 3430 905 3467 anno
930 3417 1005 3473 1530
1025 3418 1128 3486 prodiit

197 3483 226 3532 iu
246 3482 308 3535 edd.
323 3485 389 3538 1538
408 3491 435 3536 rt
454 3486 675 3554 15581eguntur.
694 3488 797 3541 Textua
818 3492 914 3539 nostor
934 3493 1078 3558 repetitus
1096 3492 1129 3540 est

197 3554 317 3607 exedit.
338 3555 416 3620 1538,
437 3556 592 3612 collataod.
616 3559 691 3614 1558.
714 3560 743 3610 in
756 3557 797 3612 ed.
817 3558 887 3613 1538
899 3561 1057 3629 inscriptio
1071 3562 1129 3613 haec

198 3631 253 3675 eat:
275 3627 305 3677 R.
327 3627 353 3676 P.
376 3627 508 3681 Martinus
528 3630 629 3683 Luther
647 3632 786 3684 subiectas
804 3634 961 3684 sententias
983 3633 1129 3703 disputabit

196 3695 248 3747 Die
266 3697 341 3749 iovis
360 3701 500 3765 proxima.
537 3701 619 3754 Anno
645 3703 679 3756 ii.
700 3703 732 3757 D.
752 3702 823 3755 XIX.
853 3704 905 3766 (ci.
928 3705 1044 3761 Wulch.
1068 3708 1127 3776 Opp.

193 3766 277 3826 Luth.
295 3767 368 3826 XIX.
387 3786 415 3842 p.
436 3772 497 3827 tut.
515 3773 610 3841 1722).
