2346 4208
120 252 182 318 132
328 254 438 309 Tassat.
458 251 570 308 Consul.
589 252 625 308 D.
644 253 679 308 M.
699 254 811 328 Luthcri

121 442 159 503 ad
183 444 332 523 optimum
352 443 524 523 Principem
542 442 728 503 Fridericum
744 441 902 504 Saxoniae
923 441 1042 518 ducem,

122 545 190 586 cum
219 532 395 607 aegrotaret
421 528 571 606 graviter,
604 526 720 606 placuit
740 531 841 585 autem
864 526 984 604 multis,
1011 530 1044 584 ut

123 609 335 672 excuderetur.
380 609 441 672 Sed
469 628 537 668 cum
567 610 659 670 toties
687 608 897 688 recuderetur,
928 609 972 669 ita
994 607 1043 668 de

123 700 270 773 pravatus
294 699 325 752 et
346 692 502 752 mutilatus
524 699 581 771 est,
603 699 635 752 ut
657 692 783 752 multum
806 690 976 753 verborum<
994 690 1044 752 dc·

125 775 268 855 sidetem,
293 795 372 854 quae
406 795 465 835 nec
495 777 562 856 ipse
593 775 732 836 divinare
765 794 907 854 possum,
942 774 1045 853 qualia

120 859 242 936 fuerint,
266 861 434 918 sententias
454 878 527 919 vero
551 865 706 936 utcunque
727 859 855 935 restitui,
879 857 935 917 sed
957 857 1044 935 tales,

122 942 227 1021 quales
250 942 288 1003 ab
310 944 397 1003 initio
420 961 470 1002 me
491 949 566 1022 puto
588 941 741 1002 habuisse.
791 941 857 1001 Nec
887 959 949 1022 eas
963 957 1046 1000 nunc

123 1031 240 1085 mutare
262 1031 315 1085 aut
337 1044 447 1084 ornare
471 1025 564 1102 volui
587 1025 667 1084 sicut
688 1043 822 1104 possem.
857 1023 940 1084 Volo
963 1024 1045 1083 euim

120 1108 181 1167 hoc
203 1108 280 1169 libro
303 1109 510 1168 testimonium
532 1107 697 1168 ostendere
725 1109 785 1168 mei
816 1107 987 1186 proiectus,
1017 1112 1047 1166 et

121 1191 285 1270 gratificari
308 1191 508 1272 antilogistis,
531 1197 564 1250 ut
584 1190 734 1268 habeant,
766 1209 827 1270 quo
850 1208 938 1249 suam
961 1189 1047 1250 mali·

122 1274 194 1333 tiam
220 1286 394 1334 exerceant.
440 1274 512 1334 Mihi
534 1275 608 1334 satis
632 1281 693 1347 est,
716 1276 741 1333 si
764 1273 885 1334 Christo
908 1273 1045 1334 Domino

122 1374 192 1416 mec
215 1363 246 1417 et
267 1358 329 1416 suis
353 1359 466 1417 sanctis
489 1357 649 1437 placuero:
674 1357 798 1418 diabolo
820 1364 851 1417 et
871 1357 936 1416 suis
958 1374 1047 1435 aqua·

122 1441 178 1498 mis
201 1441 331 1500 invisum
359 1460 408 1500 me
430 1459 498 1500 esse
533 1460 572 1500 ex
608 1442 711 1500 animo
745 1440 844 1500 laetor
872 1447 904 1498 et
930 1440 1046 1520 gratias

120 1522 188 1583 Deo
210 1542 280 1584 meo
302 1541 373 1605 ago.
1074 1539 1076 1544 ·

385 1758 612 1824 Illustrissimo
633 1758 776 1840 Principi

123 1881 154 1935 et
174 1877 308 1936 Domino
330 1876 495 1952 FridericO,
517 1875 674 1938 Saxoniae
696 1877 783 1954 Daci,
806 1875 891 1938 Sacri
912 1876 1045 1936 Romani

36 2025 41 2033 ‚
123 1959 245 2039 Imperii
279 1959 536 2021 Archimarscallo
583 1966 614 2020 et
655 1959 811 2037 Electori,
850 1957 1047 2040 Landgravio

122 2041 303 2123 Turingiae‚
327 2042 495 2103 Marchioni
518 2043 653 2120 Missae,
676 2042 810 2103 Domino
835 2059 892 2101 suo
916 2042 1048 2103 clemen·

494 2126 612 2187 lissima
628 2129 676 2204 ⁷l).

207 2292 356 2351 Dominus
377 2303 483 2351 noster
498 2294 580 2350 lesus
604 2299 634 2351 et
656 2292 794 2351 salvator
806 2297 914 2350 noster
928 2291 1048 2371 reliquit

125 2374 312 2449 mandatum,
336 2375 417 2453 quod
440 2376 553 2454 pariter
574 2374 613 2434 ad
636 2394 743 2435 ornnes
767 2373 962 2434 Christianos
986 2394 1049 2454 per·

125 2459 211 2535 tinet,
235 2466 267 2518 ut
289 2455 391 2518 cilicia
413 2458 620 2536 humanitatis,
643 2458 692 2518 vel
706 2459 808 2538 potius
829 2462 880 2531 (ut
892 2456 1048 2536 Scriptura

125 2548 233 2616 vocat)
265 2541 492 2601 misericordiae
522 2561 617 2621 opera
647 2540 770 2601 afflictis
804 2546 834 2600 et
860 2540 1047 2603 calamitosis

124 2631 325 2704 praestemus,
348 2636 380 2684 ut
402 2624 510 2685 morbo
536 2644 701 2705 oppressos
715 2625 882 2698 visitemus,
907 2626 1046 2705 captivos

126 2708 254 2768 liberare
276 2707 462 2785 studeamus,
487 2715 517 2768 et
539 2708 599 2767 alia
612 2708 762 2768 eiusmodi
779 2708 924 2786 proximo
942 2715 1046 2768 nostro

124 2791 287 2868 faciamus,
323 2791 430 2870 quibus
466 2793 642 2870 praeseutia
676 2792 757 2851 mala
792 2790 934 2851 nonnihil
978 2791 1046 2868 rela

126 2881 242 2934 ventur.

210 2958 310 3036 Atque
345 2958 432 3016 huius
468 2956 601 3017 mandati
638 2958 786 3017 Dominus
820 2963 928 3016 noster
967 2957 1046 3018 Iesus

126 3040 262 3100 Christus
286 3042 316 3099 in
340 3042 454 3119 seipso
478 3041 594 3101 illustre
610 3039 643 3115 ¹]
668 3039 843 3119 exemplum
865 3039 961 3100 nobis
985 3059 1045 3121 pro·

125 3125 237 3204 posuit,
261 3123 343 3202 quod
366 3132 491 3203 propter
517 3126 698 3184 immensum
727 3142 799 3202 erga
821 3142 921 3200 genus
945 3123 1046 3184 huma·

126 3227 197 3266 num
224 3226 358 3266 amorem
383 3228 422 3266 ex
444 3209 511 3267 sinu
536 3207 633 3268 Patris
656 3210 687 3267 in
710 3213 829 3266 nostras
853 3207 1000 3267 miserias
1023 3211 1047 3266 et

126 3308 279 3349 carcerem
303 3298 437 3350 nostrum
467 3289 580 3368 hic²),
614 3292 644 3349 in
672 3309 793 3350 carnem
823 3295 861 3347 et
889 3290 1045 3350 calamito-

126 3427 263 3434 ——-—--
464 3428 520 3433 >w

200 3496 280 3558 1)1n
307 3495 349 3549 ed.
369 3496 445 3550 len:
476 3495 703 3546 illustrissimum.
750 3494 781 3554 2)
806 3492 889 3546 ibid:
919 3494 977 3548 hoc
1005 3501 1045 3548 est

199 3566 228 3630 ‘l
248 3566 336 3620 Huius
357 3567 491 3634 epistolae
510 3572 601 3618 textus
622 3583 741 3618 excusus
768 3570 810 3616 est
828 3565 988 3620 secrmdum
1007 3568 1046 3619 Lu-

126 3639 196 3691 theri
216 3639 283 3707 Epp.
304 3638 501 3691 abAurilabro
521 3637 617 3701 editas,
636 3639 659 3702 Ι,
680 3655 706 3705 p.
719 3637 771 3690 242
791 3641 933 3704 (german.
957 3640 1002 3693 ed.
1020 3639 1046 3689 dc

126 3711 215 3763 Wette
235 3712 282 3777 [p
313 3711 375 3765 409.
