2346 4208
421 243 456 299 de
475 250 541 300 1616
561 245 737 316 religionum.
976 244 1038 312 353

152 433 184 493 7.
208 428 300 505 Quod
322 430 422 490 solum
443 428 597 513 prophete
624 433 655 492 in
684 431 804 512 psalmo
833 434 909 514 petit
931 454 950 494 a
972 434 1038 495 Do·

110 514 207 589 minc,
232 519 264 573 et
286 512 423 575 Christus
445 513 551 576 laudat
573 517 604 575 in
627 513 822 596 magdalena.

152 595 184 659 8.
208 594 291 656 Nihil
312 598 384 657 iuris
407 615 482 678 ergo
505 604 553 659 661
589 597 641 658 6111
665 605 825 660 creaturae
846 601 877 659 in
899 599 978 660 hanc
1001 601 1035 661 li·

111 677 275 742 bertatem.

153 762 183 825 9.
206 760 272 822 Nec
301 763 331 823 in
363 781 454 824 manu
489 764 554 824 eius
586 764 752 844 quidquam
782 766 813 825 in
844 764 898 826 illa
919 773 1038 826 mutare

110 850 165 904 aut
187 845 433 924 superordinare.

155 929 205 995 10.
228 927 293 989 Nec
320 927 444 990 dubium
476 934 543 1007 661,
573 936 682 991 611616
708 930 821 1010 Ρ6116,
855 932 927 1011 quin
952 932 1036 992 Deus

109 1009 196 1155 illgm
219 1012 324 1092 exigat
350 1013 381 1071 in
404 1012 563 1091 omnibus,
598 1032 674 1093 prae
706 1014 866 1093 omnibus,
899 1013 938 1076 ab
971 1034 1037 1075 om·

110 1112 143 1155 m
166 1112 213 1156 us.

155 1180 205 1239 11.
242 1176 283 1239 Ut
316 1184 377 1238 tam
410 1177 602 1258 impossibile
635 1179 676 1240 sit
714 1181 814 1260 ipsum
854 1199 1036 1261 agnoscere,

110 1259 257 1340 quicquid
280 1260 369 1321 aliter
391 1261 503 1322 lactum
525 1262 626 1324 fuerit.

153 1345 203 1406 12.
227 1341 325 1417 Quam
341 1343 532 1423 impossibile
554 1352 612 1422 est,
634 1350 667 1405 ut
684 1363 718 1405 se
734 1345 834 1425 ipsum
858 1353 961 1426 neget,
983 1355 1037 1408 aut

109 1426 239 1488 verbum
261 1446 348 1487 enum
370 1433 507 1495 revocet.

154 1511 205 1574 13.
229 1508 380 1589 Sequitur,
403 1517 477 1570 1616
499 1509 572 1570 16116
594 1528 664 1570 6666
686 1516 841 1591 oportere,
865 1531 945 1591 quae
966 1512 1037 1572 huic

109 1592 244 1657 libertati
266 1610 329 1653 non
351 1592 534 1673 repugnent.

154 1678 203 1738 14.
225 1675 313 1736 Talia
335 1682 437 1736 autem
459 1694 523 1736 non
545 1681 632 1753 sunt,
655 1676 713 1736 nisi
736 1675 834 1738 libera
855 1677 932 1757 sint,
955 1696 1036 1738 nunc

109 1760 239 1834 servari,
261 1777 342 1819 nuno
363 1760 461 1820 omitti
487 1759 637 1840 potentia.

154 1845 204 1906 15.
228 1841 357 1903 Constat
380 1844 461 1902 enim
489 1848 577 1919 vota,
614 1840 707 1919 locis,
743 1843 901 1921 personis,
933 1842 1035 1923 rebus,

109 1922 268 2006 operibus,
291 1933 399 1985 natura
421 1944 477 1986 sua
498 1943 568 1986 esse
590 1922 694 1989 affixa.

155 2010 205 2072 16.
229 2008 443 2088 Virginitatem
457 2009 539 2069 enim
561 2026 677 2071 161616
689 2006 765 2067 nihil
788 2015 846 2089 661,
863 2009 922 2069 nisi
933 2060 936 2067 .
948 2010 1034 2090 operi

108 2098 141 2154 et
164 2109 318 2171 personae
339 2110 409 2154 6666
429 2090 566 2174 affigere.

154 2195 202 2256 17.
227 2190 329 2266 Quare
357 2211 419 2252 non
441 2198 546 2272 potest
573 2192 618 2252 sic
646 2192 768 2271 161611,
807 2194 878 2272 quin
908 2192 1050 2255 libertas*

109 2284 238 2336 maneat
259 2293 328 2336 earn
350 2274 552 2353 relinquendi.

155 2376 204 2439 18.
229 2375 353 2454 Alioqui
384 2381 492 2434 contra
521 2375 694 2435 libertatem
722 2378 899 2438 necessario
921 2370 1044 2438 adhae·'
1068 2343 1083 2369 x

108 2464 195 2520 retur
215 2457 270 2536 illi,
294 2457 377 2538 qaod
399 2458 606 2518 neceesarium
628 2474 691 2517 non
715 2464 770 2518 661.

156 2560 204 2623 19.
227 2558 286 2619 Η16
307 2558 383 2619 nihil
405 2577 460 2619 666
482 2558 577 2637 iuvat,
601 2557 684 2637 quod
708 2559 863 2638 Apostolo
885 2560 1032 2639 magistro

109 2642 271 2723 virginitas
294 2641 403 2703 melior
425 2648 472 2703 est
494 2641 649 2721 coniugio
910 2640 912 2644 '

152 2745 203 2807 20.
226 2742 295 2803 Non
318 2741 391 2823 quid
412 2741 526 2803 bonum
549 2747 602 2801 aut
625 2739 747 2817 melius,
770 2741 824 2804 eed
847 2741 920 2821 quid
943 2760 1033 2822 opor·

109 2834 175 2889 teat
197 2832 230 2886 et
250 2846 312 2886 non
336 2831 478 2906 oporteat
499 2823 575 2904 fieri,
598 2825 763 2904 quaeritur.

152 2930 203 2992 21.
226 2927 345 2986 Bonum
365 2926 550 3006 coniugium,
573 2925 682 2986 melior
704 2925 880 3004 virginitas,
901 2923 957 2984 sed
980 2943 1045 3006 op.

109 3010 187 3071 tima
210 3007 281 3070 fldei
305 3009 439 3071 libertae.

151 3113 204 3174 22.
226 3110 408 3192 Coniugium
437 3129 500 3171 non
523 3110 746 3187 necessarium,
780 3108 939 3189 virginitas
969 3126 1032 3169 uon

109 3196 296 3273 6666666116,
319 3193 374 3254 sed
396 3193 571 3255 neccssaria
592 3193 728 3255 libertas.

151 3298 203 3360 23.
226 3295 267 3356 Ut
288 3314 363 3376 ergo
385 3313 444 3354 nec
465 3292 580 3355 bonum
603 3299 729 3375 propter
751 3293 869 3372 melius,
891 3310 949 3354 nec
970 3310 1031 3353 me·

109 3381 170 3440 llils
193 3385 320 3459 propter
342 3378 489 3457 optimum
514 3382 562 3437 661
583 3376 783 3457 perdendum.

152 3480 203 3543 24.
227 3478 273 3538 116
296 3479 391 3540 multo
415 3478 549 3540 maxime
571 3479 798 3555 neceesarium,
821 3483 946 3557 propter
968 3495 1030 3537 non

110 3563 329 3638 neceesarium,
352 3581 415 3621 non
438 3567 485 3621 661
507 3560 694 3623 violandum.

152 3665 203 3728 25.
226 3663 301 3722 ltem
323 3681 382 3723 nec
403 3663 551 3742 optimum
574 3666 701 3742 propter
721 3659 847 3739 melius,
883 3677 942 3719 nec
970 3622 1038 3720 mee

108 3748 169 3810 lius
191 3753 316 3827 propter
338 3745 453 3807 bonum
475 3744 654 3809 tollendum.

136 3864 230 3906 bothert
244 3874 297 3914 opp.
314 3865 340 3906 V.
354 3863 381 3904 Α.
395 3862 424 3903 ad
437 3862 479 3904 161.
493 3861 545 3903 litat.
560 3861 729 3915 1611111.
918 3839 967 3905 ‘2:23
