2346 4208
454 244 491 301 ιι
508 248 564 303 lac.
581 244 776 303 ιιιιιιιιιιιιιι
985 240 1049 313 471

126 452 221 495 nemo
256 450 375 514 ponere
412 438 525 513 potest
572 431 664 507 Quod
698 431 790 512 dilui,
827 431 984 495 adducens
1017 439 1050 494 et

124 515 204 577 illud
225 515 346 614 Apoca
366 517 404 580 12
426 516 466 576 de
488 513 649 577 duodecim
675 515 893 594 fundamentis,
913 514 1051 577 defendit

127 599 267 661 Graecos
289 602 384 661 etiam
405 598 641 676 Schismaticos,
675 600 795 660 etiamsi
823 618 887 661 nou
908 600 970 661 sint
989 599 1048 663 sub

126 682 306 744 obedientia
326 683 447 763 Papae,
468 681 569 742 adhuc
590 683 712 743 salvari

211 764 258 826 De
289 765 498 826 Bohemorum
531 764 666 825 articulis
704 764 796 841 dixit,
831 784 872 827 ex
911 734 1048 827 articulis

125 848 370 910 condemnatie'
361 868 394 909 m
416 848 558 909 Concilio
579 846 810 909 Donstantiensi
836 848 957 928 aliqum
978 866 1048 909 esse

125 931 406 993 Christianiseimos
445 939 478 992 et
522 931 737 1012 evangelicos,
786 950 847 1012 qno
882 932 1046 993 temerario

124 1034 232 1076 errore
252 1014 367 1076 multos
391 1015 512 1092 terruit,
534 1020 567 1075 et
587 1013 748 1075 discedere
768 1015 855 1101 fecit,
890 1017 942 1095 qui
963 1015 1048 1096 prius
1158 1078 1167 1091 ,

124 1099 157 1160 ei
175 1097 332 1161 favebant

210 1181 297 1243 Dixit
315 1183 397 1242 inter
420 1181 490 1260 alia,
512 1164 582 1239 cum
604 1180 634 1240 ei
655 1198 862 1261 opponerem:
884 1180 918 1243 si
938 1182 1048 1262 prima·

125 1273 176 1326 tue
203 1265 307 1344 Papae
337 1269 421 1324 esset
453 1262 555 1324 solum
588 1262 627 1323 de
658 1264 724 1325 iure
749 1264 885 1325 humano
918 1272 950 1325 et
975 1282 1048 1326 con·

127 1366 222 1408 sensu
242 1347 396 1425 fidelium,
433 1347 516 1407 unde
549 1348 669 1408 veniret
699 1346 758 1407 sibi
779 1348 919 1423 habitus,
955 1367 1046 1428 quem

124 1430 268 1512 gereret?
301 1429 383 1491 unde
412 1437 599 1510 potestatem
621 1429 820 1510 praedicandi
841 1431 986 1510 haberet,
1016 1438 1049 1493 ct

124 1513 339 1575 confessiones
371 1512 516 1573 audiendi
548 1513 806 1593 parochianorum
828 1520 888 1576 etc.
907 1514 1047 1594 Respon-

125 1597 172 1658 dit
193 1616 228 1658 se
254 1597 355 1677 velle,
386 1595 505 1657 nullum
536 1614 606 1656 esse
628 1595 774 1657 Ordinem
796 1595 1047 1677 mendicantium,

125 1680 275 1761 pleraque
307 1679 369 1741 alia
396 1680 583 1741 scandalosa
609 1683 642 1741 et
674 1678 807 1740 absurda
829 1678 923 1759 dixit,
941 1680 1046 1760 quod
1076 1732 1078 1739 .

125 1764 308 1842 Concilium,
330 1764 403 1844 quia
415 1769 521 1823 essent
533 1762 685 1841 homines,
707 1763 807 1843 possit
827 1780 939 1842 errare,
962 1764 1045 1859 quud

125 1866 190 1907 non
224 1847 407 1928 probaretur
439 1864 478 1907 ex
508 1849 664 1925 Scriptura
695 1863 800 1923 sacra,
836 1846 1046 1926 purgatorium

124 1948 197 1990 esse
216 1940 292 2010 etc,
323 1930 367 1990 nti
396 1928 521 1991 videbit'
501 1936 540 1990 trs
567 1926 699 2025 legendo
722 1928 969 2008 Disputationcm
992 1948 1047 1990 no·

124 2018 232 2092 ιιιιιιι,
253 2015 325 2093 quia
345 2011 531 2073 fidelissimis
554 2012 682 2072 notariis
703 2013 859 2108 exscripta
879 2019 937 2073 est.

210 2097 354 2156 Verum'
347 2116 378 2155 un
401 2096 503 2155 multis
526 2114 576 2156 me
600 2090 768 2156 obruerunt
773 2096 952 2175 ,primum,
974 2097 1045 2175 quin

124 2179 220 2241 libros
252 2198 357 2240 seeum
385 2180 566 2256 attulerant,
599 2179 762 2259 inquibus
790 2188 879 2240 erant
900 2180 980 2258 noti,
1016 2186 1047 2239 et

125 2270 369 2342 apportaverunt
389 2281 494 2322 seeum
517 2263 556 2322 ad
577 2263 680 2323 locum
698 2263 850 2344 Disputat
843 2264 931 2341 ionis,
954 2272 986 2324 et
1007 2265 1046 2324 ad

124 2347 196 2405 illos
217 2348 319 2406 statim
331 2345 503 2406 habuerunt
523 2364 690 2426 recursum,
702 2348 774 2408 imo
798 2367 837 2406 ex
858 2347 943 2407 libris
965 2347 1048 2427 lege-

126 2429 202 2490 bant
224 2432 382 2508 eontinuc,
404 2448 472 2489 cum
497 2448 609 2509 magna
631 2449 737 2490 eorum
758 2431 910 2490 irrisione.

209 2512 362 2583 Secundo,
384 2514 456 2593 quia
477 2514 725 2591 Disputationem
747 2532 870 2593 semper
889 2513 1047 2574 habebant

123 2597 156 2655 in
179 2599 315 2693 scriptis,
338 2603 369 2657 et
390 2606 500 2676 postea
519 2595 720 2656 conferebant
740 2595 839 2675 domi,
881 2615 941 2677 ego
971 2617 1047 2657 nun-

124 2696 217 2758 quam
239 2680 361 2760 inspexi
379 2700 471 2739 unum
490 2679 627 2758 verbum,
649 2696 810 2758 quousque
831 2678 967 2740 liniretur
978 2681 1044 2740 Dis

123 2781 165 2842 pu
168 2765 253 2824 tatic

207 2847 322 2926 Tertio,
346 2854 434 2908 erant
455 2866 560 2907 eorum
583 2846 697 2926 plures,
719 2846 792 2924 quia
811 2845 869 2925 ipsi
891 2820 1043 2907 Doctores

124 2928 203 3008 duo,
230 2931 381 2990 Dominus
412 2931 545 3010 Langius
573 2931 865 3009 Augustinianorum
893 2931 1043 3008 Vicarius,

123 3012 185 3073 duo
221 3014 327 3075 Lieent
315 3016 382 3075 tiati
416 3013 583 3093 Theologi,
629 3032 708 3072 unus
744 3030 844 3094 nepos
881 3013 1043 3093 Reuchlin,

123 3096 252 3157 multum
265 3110 294 3173 a)
323 3117 488 3178 arrogans,
522 3105 583 3156 tres
604 3097 756 3156 Doctores
779 3098 872 3173 luris,
905 3098 1044 3177 Magistri

122 3180 255 3259 plurimi,
278 3184 329 3261 qui
352 3189 383 3242 et
404 3183 545 3261 privatim
570 3187 600 3239 et
622 3180 744 3259 publice
766 3180 929 3259 iuvabant,
950 3182 1042 3241 etiam

122 3266 244 3344 inipso
267 3266 596 3346 l'ect03Disputetionis.
640 3267 682 3326 At
693 3287 751 3347 ego
764 3266 800 3350 b)
825 3270 920 3350 solus,
943 3270 1044 3348 aequi-

123 3353 186 3406 tate
205 3352 378 3429 comitatus,
401 3351 548 3413 astabam.

122 3529 160 3535 .-
183 3528 210 3534 ...-
215 3529 314 3537 ----,

193 3630 219 3694 a)
240 3628 337 3682 Eccius
370 3645 425 3680 non
450 3630 500 3681 luit
528 3643 677 3696 arrogans,
706 3626 755 3679 sed
785 3643 872 3696 nepos
897 3626 1040 3692 Reuahlin,

120 3699 234 3824 igmeeet,
262 3701 330 3756 Phil.
356 3701 417 3752 Del.
491 3701 523 3767 ιι)
546 3700 644 3753 Eccius
665 3699 759 3752 solus
793 3702 932 3769 aequitate
962 3700 1043 3777 eomi-
