2346 4208
279 293 332 346 pru
349 277 552 333 Laborantibus
571 281 601 332 et
618 275 755 332 Onarstla
922 271 984 338 107

60 461 201 525 sionibus
234 482 291 524 nos
321 465 444 542 terreri,
486 463 563 525 vidit
593 469 723 524 mortem
757 463 923 542 expavesoi
954 467 986 523 et

60 545 190 607 horreri.
233 545 308 608 ldeo
330 550 409 609 siout
431 548 584 628 piissimus
606 552 712 626 pastor
734 552 766 606 et
783 545 984 606 fidelissimus

60 629 210 706 medieas,
230 628 303 690 huie
323 630 405 691 malo
428 637 535 692 nostro
565 629 688 691 modurn
711 630 881 708 positurus,
904 629 985 689 sesti·

59 721 114 772 nat
140 719 173 772 et
201 720 317 776 artatur
346 715 439 790 mori,
482 720 514 774 et
544 719 626 774 metu
656 731 713 773 suo
743 712 867 774 easdem
896 711 986 772 nobis

59 795 290 875 aommaudaro.

146 913 192 975 lta
230 920 263 973 ut
304 923 386 976 mors
415 913 581 976 Christiani
610 912 737 994 perinde
764 914 803 975 sit
832 909 985 990 habenda,

60 996 140 1056 siout
162 997 366 1059 aenenshlosi
389 1016 527 1078 serpens,
550 997 600 1076 qni
619 997 753 1078 speeiem
776 993 899 1077 quidem
923 1012 984 1054 ser·

60 1079 240 1160 paulisper
262 1082 366 1141 omnia
394 1085 512 1154 servat,
544 1079 597 1140 sed
632 1086 714 1140 totus
744 1088 792 1142 est
820 1079 886 1138 sine
914 1077 987 1152 vita,

60 1163 130 1222 sina
153 1169 253 1240 motu,
276 1164 342 1224 sine
364 1183 504 1240 veneno,
526 1164 593 1223 sine
617 1182 739 1241 morsu,
771 1164 814 1224 ita
835 1159 908 1222 iusti
929 1159 987 1220 visi

60 1251 134 1306 suut
155 1245 253 1314 oeulis
292 1247 501 1327 insipientium
524 1247 617 1322 mori,
656 1245 700 1306 illi
726 1245 834 1306 'autem
863 1244 985 1304 suntin

60 1346 150 1410 paee.
186 1328 306 1389 Similes
329 1348 432 1390 sumus
456 1329 664 1404 morientibus,
687 1330 745 1389 uad
768 1329 829 1389 alia
851 1333 899 1388 est
920 1342 986 1406 spa-

62 1413 127 1472 eies
151 1417 276 1472 nostrae
305 1414 411 1475 mortis
434 1431 524 1492 quarn
548 1412 694 1489 aliorum,
723 1431 771 1472 res
802 1419 903 1472 tamen
926 1409 987 1470 alia'

61 1501 125 1570 est,
165 1494 253 1556 uobis
287 1496 367 1557 euim
398 1503 518 1556 mortua
546 1503 594 1556 est
620 1514 714 1555 mors.
757 1494 803 1554 lta
825 1500 856 1554 et
877 1510 987 1553 omnes

62 1576 143 1638 aliae
156 1579 317 1657 passiones
332 1578 447 1638 similes
470 1586 539 1638 sunt
553 1576 747 1658 passionibus
769 1577 909 1655 aliorum,
933 1572 988 1636 sed

62 1661 170 1741 speeie
198 1664 328 1724 tantuna
368 1662 482 1722 Verum
517 1680 549 1721 re
577 1663 644 1741 ipsa
672 1662 833 1741 passiones
861 1665 987 1720 nostrae

61 1751 136 1804 suut
155 1743 409 1824 impassibilitatis
432 1745 528 1820 initia,
551 1745 630 1805 siout
654 1763 735 1804 mors
754 1745 873 1804 initium
896 1741 987 1802 vitae.

62 1829 167 1906 Atque
182 1825 243 1886 hoe
265 1835 321 1905 est,
343 1827 426 1907 quod
452 1827 554 1894 lohan.
568 1829 596 1891 8.
620 1827 709 1887 dicit:
732 1825 790 1902 Qui
814 1842 987 1886 sermonem

64 1929 167 1968 meum
198 1909 349 1987 servabit,
383 1930 445 1972 nou
475 1909 591 1972 videbit
620 1917 748 1970 mortem
771 1911 801 1968 in
821 1916 989 1969 aeternum.

62 1991 229 2068 Quomodo
253 2013 315 2053 uon
338 1993 475 2055 videbit?
504 1995 576 2073 quia
599 1993 734 2054 moriens
757 1994 849 2053 vitam
873 1991 990 2070 incipit.

60 2075 109 2136 lta
132 2094 207 2157 prae
230 2076 307 2152 vita,
337 2095 427 2156 quam
452 2076 550 2156 videt,
572 2084 702 2138 mortem
725 2074 830 2137 videre
852 2087 914 2136 non
937 2093 989 2154 po·

61 2164 132 2219 test.
176 2159 233 2218 Hio
254 2161 336 2219 enirn
360 2179 439 2235 nox,
478 2161 555 2221 siout
584 2160 648 2220 dies
677 2159 879 2236 illuminatur,
917 2157 988 2217 dum

63 2242 179 2301 clarior·
201 2249 248 2302 est
269 2241 322 2301 lux
344 2244 426 2303 vilae
449 2243 638 2324 incipientis,
668 2263 758 2322 quam
782 2243 889 2303 mortis
911 2239 988 2301 desi·

63 2325 174 2385 nentis.
210 2325 295 2385 Haeo
311 2326 461 2405 omnibus,
485 2329 534 2405 qui
549 2326 677 2386 eredunt
691 2329 720 2386 in
739 2325 901 2406 Christum,
923 2331 990 2385 rata

63 2414 152 2486 sunt,
176 2427 265 2468 secus
287 2408 461 2470 incredulis.

149 2513 280 2574 Proinde
309 2515 334 2575 si
365 2514 498 2574 tunioam
522 2514 652 2593 Christi,
687 2534 761 2574 vasa
782 2513 922 2594 hydrias,
959 2518 990 2575 et

65 2617 269 2678 quaeeunque
291 2597 415 2658 tandem
439 2597 576 2658 Christus
600 2598 709 2677 tetigit,
732 2595 893 2676 atquibus
917 2615 990 2656 usus

64 2692 127 2758 est,
159 2700 215 2760 pro
246 2680 430 2741 dulcissimis
463 2681 617 2760 reliquiis,
651 2685 796 2760 tanquam
819 2699 874 2738 suo
905 2686 989 2739 taotu

64 2765 273 2837 oonseoratis,
302 2763 508 2840 exoscularis,
536 2763 655 2843 diligis,
685 2762 895 2842 amplecteris:
936 2781 990 2821 our

64 2866 127 2907 uon
153 2847 248 2906 multo
273 2848 370 2927 magis
395 2867 523 2926 poenas,
549 2848 631 2906 mala
653 2846 767 2924 mundi,
789 2844 990 2925 ignominiam

64 2936 95 2990 et
119 2937 266 3009 mortem,
295 2950 357 2991 non
380 2930 479 2991 solum
509 2931 574 2990 eius
598 2937 679 2990 tactu
703 2935 900 3005 consecrata,
935 2926 988 2988 sed

64 3015 157 3074 etiam
180 3013 330 3093 sanguiue
358 3014 422 3073 eius
445 3014 608 3093 purissimo
641 3013 736 3074 tincta
765 3020 795 3072 et
816 3011 989 3088 benediola,

64 3095 176 3156 deinde
199 3096 356 3157 voluntate
371 3096 472 3157 oordis
496 3104 527 3156 et
548 3116 667 3156 summa
683 3103 841 3158 coartante
863 3096 989 3155 caritate

64 3178 257 3259 amplexata,
281 3178 402 3259 diligis,
426 3179 631 3259 amplecteris,
654 3177 821 3239 oscularis?
854 3197 990 3258 praeser-

65 3264 120 3322 tim
142 3281 209 3322 oum
231 3262 262 3323 in
285 3261 331 3322 his
355 3262 449 3323 multo
474 3264 534 3323 sint
556 3263 608 3324 tibi
633 3264 750 3322 maiora
765 3261 882 3339 marita,
905 3279 989 3340 prae-

66 3347 142 3423 mia,
176 3345 270 3423 bona,
292 3364 382 3424 qnam
405 3347 434 3404 in
458 3346 516 3405 illis
544 3345 697 3424 reliquiis,
718 3344 866 3424 siquidem
890 3345 920 3403 in
942 3343 989 3403 his

66 3430 195 3490 viatoria
217 3430 324 3488 mortis
353 3439 382 3488 et
406 3428 531 3506 inferni,
572 3436 602 3488 et
624 3430 758 3490 omnium
792 3434 988 3507 peecatorum

65 3513 118 3572 tibi
143 3519 277 3592 paratur,
299 3513 329 3571 in
353 3512 412 3572 illis
435 3531 640 3591 nequaquam.

150 3616 177 3679 0
200 3619 224 3676 si
249 3637 304 3678 eor
325 3617 417 3679 lioeat
432 3618 544 3681 Christi
559 3618 680 3695 intueri,
701 3617 824 3697 quando
846 3618 878 3678 in
902 3635 992 3677 oruoa

66 3700 208 3782 pendens
231 3700 398 3778 artabatur,
421 3708 454 3762 ut
476 3709 606 3762 mortem
629 3699 772 3762 redderet
785 3707 938 3762 mortuam
961 3707 992 3762 et
