2346 4208
344 260 379 316 ue
397 262 523 316 trusam
542 259 707 327 chrannus.
924 246 985 324 241

57 448 176 510 facturn
198 456 247 510 est
266 469 322 530 per
332 449 445 530 impios
466 451 661 531 magistros),
684 448 852 511 incurabile
873 449 986 509 maiam

59 539 128 608 est,
153 538 184 592 et
212 530 349 594 infinitos
370 532 646 612 irrecuperabiliter
678 532 797 592 seducit
818 550 856 592 ac
877 531 986 611 perdit.

59 613 166 691 Quare
186 617 244 676 etsi
264 615 379 677 bonum
402 624 464 695 est,
488 616 527 676 de
549 613 757 697 poenitentia,
781 614 986 690 consessione,

58 697 275 760 satisfactione
308 698 487 779 praedicare
521 707 553 760 et
573 699 722 778 scribere,
756 700 781 758 si
812 706 915 758 tamen
937 697 988 757 hic

59 782 204 860 sistatur,
237 790 269 842 et
303 800 370 843 non
389 782 428 842 ad
452 780 543 843 fidem
566 801 664 862 usque
684 781 987 861 docendam'prcce·

57 863 161 942 daur,
180 866 247 925 sine
269 864 361 926 dubio
377 865 574 945 deceptoriae
589 877 619 926 et
631 865 803 926 diabolicae
817 873 895 925 suut
910 863 981 925 doc-

59 949 171 1009 trinae.
214 947 266 1009 sic
293 949 374 1009 enim
397 948 534 1009 Christus
569 967 638 1008 cum
667 967 722 1009 auo
755 947 893 1009 Iohanne
924 964 986 1007 non

61 1030 167 1092 colum
190 1030 282 1091 dixit:
305 1031 528 1092 Poenitentiam
551 1033 643 1112 agite,
666 1031 722 1092 scd
744 1029 899 1110 addidit¹)
923 1048 987 1090 vcr-

63 1115 138 1176 uum
160 1111 232 1174 atei
251 1114 376 1175 dicens:
398 1114 806 1195 Appropinquabitregnum
820 1114 988 1174 coelorum.

146 1196 218 1258 Non
240 1199 322 1258 enim
344 1197 474 1258 alterum
498 1205 628 1274 tantum,
661 1197 716 1258 sed
740 1204 901 1276 utrumque
923 1215 987 1256 ver-

60 1281 137 1341 bum
158 1280 216 1341 Dei
237 1280 477 1361 praedicandum
506 1289 568 1361 est,
602 1299 685 1341 nova
707 1288 738 1342 et
760 1288 865 1341 vetera
887 1279 987 1360 proia-

59 1362 159 1424 renda
181 1363 221 1424 de
242 1363 404 1442 thesaure,
448 1372 510 1424 tarn
534 1382 595 1425 vox
617 1364 710 1443 legis,
746 1382 836 1442 quarn
860 1362 987 1423 verbnm

62 1447 193 1528 gratiae.
239 1447 356 1508 Vocem
380 1448 456 1527 legis
478 1447 607 1526 proferri
630 1453 769 1527 oportet,
798 1455 831 1506 ut
854 1455 987 1506 terrean-

59 1540 127 1608 tur,
148 1531 231 1590 etin
254 1548 378 1591 auorum
400 1539 597 1609 peccatorum
621 1531 772 1590 notititam
794 1529 988 1606 reducantur,
1063 1562 1065 1566 Α

60 1621 95 1674 ct
120 1611 194 1673 inde
225 1611 265 1672 ad
299 1613 522 1693 poenitentiam
545 1619 576 1672 et
597 1613 757 1673 meliorem
784 1614 867 1672 vitae
897 1613 988 1671 ratio·

59 1715 134 1757 nem
157 1701 384 1757 convertantur.
427 1695 489 1758 Sed
510 1714 573 1755 non
594 1696 644 1756 hic
673 1694 842 1756 sistendum
855 1694 905 1776 ²),
928 1694 989 1754 heo

59 1780 145 1842 enim
167 1785 250 1840 esset
270 1778 370 1841 solum
393 1780 553 1839 vulnerare
575 1786 606 1838 et
627 1796 689 1839 non
714 1778 855 1858 alligare,
882 1795 988 1858 percu·

58 1872 130 1924 tere
149 1869 181 1922 et
201 1880 265 1922 non
286 1881 411 1939 sanare,
441 1861 583 1923 occidere
607 1869 638 1922 et
659 1879 722 1922 nnn
744 1859 915 1936 vivificare,
938 1860 987 1920 de-

59 1946 176 2006 ducere
197 1944 236 2005 ad
255 1945 372 2018 inferos
395 1954 425 2006 et
437 1964 499 2005 non
510 1944 668 2023 reducere,
690 1943 850 2005 humiliare
872 1951 903 2004 et
923 1961 987 2002 uon

59 2029 210 2090 exaitare.
252 2027 328 2090 Ideo
351 2036 383 2088 et
411 2028 536 2089 verbum
559 2029 676 2109 gratiae
698 2036 729 2088 et
750 2028 921 2108 promissae
943 2044 987 2086 re-

59 2113 234 2187 missionis,
256 2112 296 2171 ad
319 2111 491 2173 docendam
514 2117 545 2170 et
567 2111 743 2192 erigendam
766 2109 873 2183 iidem,
902 2106 988 2189 prae·

59 2197 158 2257 dicari
179 2195 280 2270 debet,
302 2197 369 2255 sine
392 2214 453 2274 quo
476 2196 537 2274 lex,
560 2197 712 2272 contritio,
734 2196 934 2274 poenitentia,
957 2201 989 2253 et

60 2281 169 2342 omnia
190 2280 251 2339 aiia
272 2278 384 2338 frustra
405 2277 482 2338 fiunt
504 2289 535 2337 et
556 2278 717 2339 docentur.

38 2381 49 2395 ·
148 2361 318 2441 Supersunt
345 2361 469 2439 quidem
501 2360 602 2421 adhuc
630 2361 858 2440 praedicatores
880 2361 987 2440 poeni·

61 2441 180 2506 tentiae
199 2453 232 2505 et
251 2446 386 2524 gratiae,
409 2444 548 2505 sednon
572 2445 728 2523 explicant
751 2446 806 2504 Dei
829 2445 930 2524 legem
957 2451 988 2503 et

61 2529 300 2611 promissionem
323 2546 360 2589 eo
382 2526 444 2588 fine
459 2535 490 2587 et
511 2527 628 2606 spiritu,
646 2534 678 2587 ut
691 2527 767 2587 disci
780 2533 881 2606 queat,
905 2526 988 2586 unde

61 2612 255 2694 poenitentia
268 2619 299 2672 et
308 2612 408 2691 gratia
420 2612 554 2672 veniant.
568 2610 761 2670 Paenitentia
772 2611 853 2669 enim
866 2629 906 2669 ex
920 2610 988 2688 iege

62 2696 132 2773 Dei,
155 2694 210 2755 ced
223 2693 299 2754 fides
312 2713 367 2754 seu
380 2696 479 2774 gratia
495 2713 533 2753 ex
548 2695 752 2772 promissione
764 2693 822 2752 Dei
835 2693 988 2771 provenit,

62 2781 144 2839 siout
164 2778 336 2839 dioitssom.
361 2780 415 2842 10:
440 2777 528 2838 Fides
543 2796 581 2836 ex
604 2775 717 2852 auditu,
740 2775 861 2835 auditus
885 2784 987 2834 antem

64 2861 269 2944 perverbum
293 2861 415 2938 Christi,
438 2879 499 2940 qno
522 2858 566 2938 fit,
589 2865 621 2918 ut
641 2860 734 2919 homo
755 2878 810 2939 per
831 2855 923 2917 iidem
946 2857 988 2917 di-

65 2947 159 3006 vinae
181 2944 393 3025 promissionis
417 2943 594 3004 consoletur
616 2951 648 3002 et
671 2942 838 3018 exaltetur,
861 2943 911 3020 qui
934 2959 990 3020 per·

63 3031 164 3091 minas
198 3035 230 3088 et
260 3028 400 3087 timorem
424 3027 501 3107 legis
535 3026 656 3087 divinae
684 3025 860 3084 humiliatus
906 3034 937 3083 et
956 3025 987 3082 iu

64 3113 112 3172 cui
136 3112 346 3190 cognitionem
368 3110 533 3189 perductus
557 3117 613 3171 est.
643 3109 694 3170 Sic
718 3108 797 3169 Psal.
821 3107 916 3180 29³):
940 3107 988 3165 Ad

64 3214 228 3274 vesperum
252 3193 460 3255 demorabitur
481 3192 586 3270 fletus,
610 3200 641 3253 et
662 3192 701 3252 ad
725 3191 905 3251 matutinum
928 3190 989 3249 lae-

64 3280 141 3340 titia.
184 3277 270 3337 Haec
292 3277 457 3337 dictasint
479 3275 517 3336 de
532 3277 676 3355 operibus
698 3278 729 3335 in
752 3292 876 3356 genere,
900 3281 930 3332 et
952 3274 988 3330 ai-

64 3361 130 3423 mul
151 3361 191 3422 de
212 3362 268 3439 iis,
301 3379 381 3439 quae
417 3359 607 3421 Christianus
642 3361 673 3419 in
696 3360 853 3439 proprium
877 3374 988 3435 eorpus

64 3454 202 3506 exercet.

150 3528 265 3589 Ultimo
288 3526 378 3587 etde
400 3525 476 3599 iis4)
503 3526 657 3602 dicemus,
691 3543 770 3602 quae
798 3543 871 3604 erga
887 3522 989 3602 proxi-

141 3703 169 3765 1)
187 3700 220 3753 in
238 3699 304 3752 edit.
324 3699 411 3754 1521:
431 3697 516 3750 addit.
553 3696 585 3754 Ἡ
606 3695 724 3749 Ibidem:
753 3693 874 3746 hicnon
894 3694 989 3746 sisten-

64 3773 142 3828 dum.
179 3772 212 3839 3)
234 3773 264 3824 ln
283 3770 326 3824 ed.
346 3771 422 3824 iem:
442 3768 486 3825 30.
524 3768 556 3836 4)
577 3768 610 3821 In
628 3766 670 3820 ed.
689 3765 772 3822 1521:
794 3766 845 3819 his.

91 3878 184 3922 aunon
197 3887 249 3926 opp.
265 3877 292 3919 v.
305 3876 333 3917 s.
349 3877 378 3916 su
391 3875 432 3917 rer.
447 3851 506 3914 nrsa'
518 3874 534 3914 a
547 3884 570 3924 ρ.
583 3873 633 3914 vo.
647 3872 686 3912 nv.
878 3851 920 3916 16
