<?xml version="1.0" encoding="UTF-8"?>
<!DOCTYPE html PUBLIC "-//W3C//DTD XHTML 1.0 Transitional//EN"
    "http://www.w3.org/TR/xhtml1/DTD/xhtml1-transitional.dtd">
<html xmlns="http://www.w3.org/1999/xhtml" xml:lang="en" lang="en">
 <head>
  <title>
</title>
<meta http-equiv="Content-Type" content="text/html;charset=utf-8" />
  <meta name='ocr-system' content='tesseract 3.04.00' />
  <meta name='ocr-capabilities' content='ocr_page ocr_carea ocr_par ocr_line ocrx_word'/>
</head>
<body>
  <div class='ocr_page' id='page_1' title='image "./dmartinilutheri04luthgoog_0911.png"; bbox 0 0 2346 4208; ppageno 0'>
   <div class='ocr_carea' id='block_1_1' title="bbox 205 240 828 317">
    <p class='ocr_par' dir='ltr' id='par_1_1' title="bbox 205 240 828 317">
     <span class='ocr_line' id='line_1_1' title="bbox 205 240 828 317; baseline 0 -23"><span class='ocrx_word' id='word_1_1' title='bbox 205 240 269 317; x_wconf 80' lang='lat'><strong>386</strong></span> <span class='ocrx_word' id='word_1_2' title='bbox 516 242 671 312; x_wconf 62' lang='lat' dir='ltr'><strong>supano„</strong></span> <span class='ocrx_word' id='word_1_3' title='bbox 691 240 726 309; x_wconf 83' lang='lat' dir='ltr'><strong>p.</strong></span> <span class='ocrx_word' id='word_1_4' title='bbox 743 241 780 295; x_wconf 82' lang='lat' dir='ltr'><strong>u.</strong></span> <span class='ocrx_word' id='word_1_5' title='bbox 799 240 828 294; x_wconf 81' lang='lat' dir='ltr'><strong>u.</strong></span> 
     </span>
    </p>
   </div>
   <div class='ocr_carea' id='block_1_2' title="bbox 206 419 1114 675">
    <p class='ocr_par' dir='ltr' id='par_1_2' title="bbox 206 419 1114 675">
     <span class='ocr_line' id='line_1_2' title="bbox 269 419 1114 509; baseline -0.012 -14"><span class='ocrx_word' id='word_1_6' title='bbox 269 431 319 495; x_wconf 83' lang='lat'><strong>38.</strong></span> <span class='ocrx_word' id='word_1_7' title='bbox 342 430 527 509; x_wconf 65' lang='lat' dir='ltr'><strong>Desperatio</strong></span> <span class='ocrx_word' id='word_1_8' title='bbox 561 434 665 489; x_wconf 77' lang='lat' dir='ltr'><strong>sulem</strong></span> <span class='ocrx_word' id='word_1_9' title='bbox 696 427 737 490; x_wconf 84' lang='lat' dir='ltr'><strong>do</strong></span> <span class='ocrx_word' id='word_1_10' title='bbox 762 424 979 493; x_wconf 67' lang='lat' dir='ltr'><strong>misericordia</strong></span> <span class='ocrx_word' id='word_1_11' title='bbox 998 419 1053 489; x_wconf 80' lang='lat' dir='ltr'><strong>Dei</strong></span> <span class='ocrx_word' id='word_1_12' title='bbox 1076 431 1114 487; x_wconf 79' lang='lat' dir='ltr'><strong>ost</strong></span> 
     </span>
     <span class='ocr_line' id='line_1_3' title="bbox 207 510 1113 593; baseline -0.004 -20"><span class='ocrx_word' id='word_1_13' title='bbox 207 533 358 573; x_wconf 89' lang='lat' dir='ltr'><strong>summum</strong></span> <span class='ocrx_word' id='word_1_14' title='bbox 377 519 540 593; x_wconf 84' lang='lat' dir='ltr'><strong>peooulum</strong></span> <span class='ocrx_word' id='word_1_15' title='bbox 564 518 595 572; x_wconf 84' lang='lat' dir='ltr'><strong>et</strong></span> <span class='ocrx_word' id='word_1_16' title='bbox 617 510 841 590; x_wconf 78' lang='lat' dir='ltr'><strong>irremissibile,</strong></span> <span class='ocrx_word' id='word_1_17' title='bbox 871 512 933 574; x_wconf 82' lang='lat' dir='ltr'><strong>nisi</strong></span> <span class='ocrx_word' id='word_1_18' title='bbox 961 510 1059 591; x_wconf 59' lang='lat' dir='ltr'><strong>gratie</strong></span> <span class='ocrx_word' id='word_1_19' title='bbox 1079 529 1113 569; x_wconf 80' lang='lat' dir='ltr'><strong>re</strong></span> 
     </span>
     <span class='ocr_line' id='line_1_4' title="bbox 206 598 725 675; baseline -0.006 -15"><span class='ocrx_word' id='word_1_20' title='bbox 206 605 300 660; x_wconf 77' lang='lat' dir='ltr'><strong>vocet</strong></span> <span class='ocrx_word' id='word_1_21' title='bbox 320 598 352 656; x_wconf 91' lang='lat' dir='ltr'><strong>iu</strong></span> <span class='ocrx_word' id='word_1_22' title='bbox 375 603 515 674; x_wconf 83' lang='lat' dir='ltr'><strong>temporo</strong></span> <span class='ocrx_word' id='word_1_23' title='bbox 536 602 725 675; x_wconf 75' lang='lat' dir='ltr'><strong>opportuno.</strong></span> 
     </span>
    </p>
   </div>
   <div class='ocr_carea' id='block_1_3' title="bbox 271 656 1165 758">
    <p class='ocr_par' dir='ltr' id='par_1_3' title="bbox 271 656 1165 758">
     <span class='ocr_line' id='line_1_5' title="bbox 271 656 1165 758; baseline -0.009 -16"><span class='ocrx_word' id='word_1_24' title='bbox 271 663 321 742; x_wconf 82' lang='lat'><strong>3&#39;9.</strong></span> <span class='ocrx_word' id='word_1_25' title='bbox 343 679 408 740; x_wconf 79' lang='lat' dir='ltr'><strong>Ista</strong></span> <span class='ocrx_word' id='word_1_26' title='bbox 428 685 503 741; x_wconf 77' lang='lat' dir='ltr'><strong>sunl</strong></span> <span class='ocrx_word' id='word_1_27' title='bbox 523 686 586 739; x_wconf 74' lang='lat' dir='ltr'><strong>tum</strong></span> <span class='ocrx_word' id='word_1_28' title='bbox 608 697 685 739; x_wconf 86' lang='lat' dir='ltr'><strong>vere</strong></span> <span class='ocrx_word' id='word_1_29' title='bbox 703 677 761 739; x_wconf 83' lang='lat' dir='ltr'><strong>illo</strong></span> <span class='ocrx_word' id='word_1_30' title='bbox 780 696 903 738; x_wconf 80' lang='lat' dir='ltr'><strong>summo</strong></span> <span class='ocrx_word' id='word_1_31' title='bbox 925 696 1033 758; x_wconf 83' lang='lat' dir='ltr'><strong>opere,</strong></span> <span class='ocrx_word' id='word_1_32' title='bbox 1052 693 1117 756; x_wconf 84' lang='lat' dir='ltr'><strong>quse</strong></span> <span class='ocrx_word' id='word_1_33' title='bbox 1163 656 1165 709; x_wconf 58' lang='grc' dir='ltr'><strong>ἶ</strong></span> 
     </span>
    </p>
   </div>
   <div class='ocr_carea' id='block_1_4' title="bbox 207 760 1121 1506">
    <p class='ocr_par' dir='ltr' id='par_1_4' title="bbox 208 760 982 842">
     <span class='ocr_line' id='line_1_6' title="bbox 208 760 982 842; baseline -0.001 -20"><span class='ocrx_word' id='word_1_34' title='bbox 208 762 304 823; x_wconf 90' lang='lat' dir='ltr'><strong>homo</strong></span> <span class='ocrx_word' id='word_1_35' title='bbox 328 761 497 823; x_wconf 86' lang='lat' dir='ltr'><strong>seeundum</strong></span> <span class='ocrx_word' id='word_1_36' title='bbox 519 761 621 842; x_wconf 80' lang='lat' dir='ltr'><strong>legem</strong></span> <span class='ocrx_word' id='word_1_37' title='bbox 644 761 704 823; x_wconf 80' lang='lat' dir='ltr'><strong>oei</strong></span> <span class='ocrx_word' id='word_1_38' title='bbox 724 761 874 822; x_wconf 76' lang='lat' dir='ltr'><strong>moralem</strong></span> <span class='ocrx_word' id='word_1_39' title='bbox 896 760 982 821; x_wconf 74' lang='lat' dir='ltr'><strong>lusit.</strong></span> 
     </span>
    </p>

    <p class='ocr_par' dir='ltr' id='par_1_5' title="bbox 209 841 1119 1091">
     <span class='ocr_line' id='line_1_7' title="bbox 271 841 1119 924; baseline -0.009 -15"><span class='ocrx_word' id='word_1_40' title='bbox 271 848 321 911; x_wconf 88' lang='grc'><strong>40.</strong></span> <span class='ocrx_word' id='word_1_41' title='bbox 344 845 414 907; x_wconf 77' lang='lat' dir='ltr'><strong>Hoc</strong></span> <span class='ocrx_word' id='word_1_42' title='bbox 435 850 483 907; x_wconf 85' lang='lat' dir='ltr'><strong>est</strong></span> <span class='ocrx_word' id='word_1_43' title='bbox 505 843 588 922; x_wconf 83' lang='lat' dir='ltr'><strong>quod</strong></span> <span class='ocrx_word' id='word_1_44' title='bbox 611 843 703 920; x_wconf 70' lang='lat' dir='ltr'><strong>dius,</strong></span> <span class='ocrx_word' id='word_1_45' title='bbox 731 844 790 905; x_wconf 83' lang='lat' dir='ltr'><strong>Per</strong></span> <span class='ocrx_word' id='word_1_46' title='bbox 811 844 916 924; x_wconf 80' lang='lat' dir='ltr'><strong>legem</strong></span> <span class='ocrx_word' id='word_1_47' title='bbox 937 841 1007 905; x_wconf 85' lang='lat' dir='ltr'><strong>fleri</strong></span> <span class='ocrx_word' id='word_1_48' title='bbox 1026 861 1119 923; x_wconf 80' lang='lat' dir='ltr'><strong>peses-</strong></span> 
     </span>
     <span class='ocr_line' id='line_1_8' title="bbox 212 926 1119 1008; baseline -0.002 -20"><span class='ocrx_word' id='word_1_49' title='bbox 212 936 275 988; x_wconf 85' lang='lat' dir='ltr'><strong>tum</strong></span> <span class='ocrx_word' id='word_1_50' title='bbox 300 948 396 1008; x_wconf 79' lang='lat' dir='ltr'><strong>suprs</strong></span> <span class='ocrx_word' id='word_1_51' title='bbox 416 926 540 989; x_wconf 88' lang='lat' dir='ltr'><strong>modum</strong></span> <span class='ocrx_word' id='word_1_52' title='bbox 563 945 708 1007; x_wconf 76' lang='lat' dir='ltr'><strong>poeseos,</strong></span> <span class='ocrx_word' id='word_1_53' title='bbox 729 926 947 1008; x_wconf 77' lang='lat' dir='ltr'><strong>elPerlegem</strong></span> <span class='ocrx_word' id='word_1_54' title='bbox 972 933 1119 1007; x_wconf 65' lang='lat' dir='ltr'><strong>peooeurm</strong></span> 
     </span>
     <span class='ocr_line' id='line_1_9' title="bbox 209 1009 827 1091; baseline -0.002 -18"><span class='ocrx_word' id='word_1_55' title='bbox 209 1030 259 1073; x_wconf 89' lang='lat' dir='ltr'><strong>me</strong></span> <span class='ocrx_word' id='word_1_56' title='bbox 282 1009 413 1086; x_wconf 81' lang='lat' dir='ltr'><strong>oceidit,</strong></span> <span class='ocrx_word' id='word_1_57' title='bbox 435 1017 468 1071; x_wconf 77' lang='lat' dir='ltr'><strong>el</strong></span> <span class='ocrx_word' id='word_1_58' title='bbox 487 1009 557 1071; x_wconf 82' lang='lat' dir='ltr'><strong>Lex-</strong></span> <span class='ocrx_word' id='word_1_59' title='bbox 572 1011 649 1071; x_wconf 87' lang='lat' dir='ltr'><strong>irsm</strong></span> <span class='ocrx_word' id='word_1_60' title='bbox 671 1016 827 1091; x_wconf 62' lang='lat' dir='ltr'><strong>operulur.</strong></span> 
     </span>
    </p>

    <p class='ocr_par' dir='ltr' id='par_1_6' title="bbox 207 1092 1120 1257">
     <span class='ocr_line' id='line_1_10' title="bbox 269 1092 1119 1174; baseline -0.006 -18"><span class='ocrx_word' id='word_1_61' title='bbox 269 1095 321 1156; x_wconf 82' lang='lat'><strong>41.</strong></span> <span class='ocrx_word' id='word_1_62' title='bbox 343 1093 509 1173; x_wconf 68' lang='lat' dir='ltr'><strong>Nunquam</strong></span> <span class='ocrx_word' id='word_1_63' title='bbox 531 1103 641 1174; x_wconf 75' lang='lat' dir='ltr'><strong>peemt</strong></span> <span class='ocrx_word' id='word_1_64' title='bbox 662 1093 757 1155; x_wconf 85' lang='lat' dir='ltr'><strong>homo</strong></span> <span class='ocrx_word' id='word_1_65' title='bbox 778 1092 970 1170; x_wconf 79' lang='lat' dir='ltr'><strong>horribilius,</strong></span> <span class='ocrx_word' id='word_1_66' title='bbox 992 1111 1079 1172; x_wconf 88' lang='lat' dir='ltr'><strong>quum</strong></span> <span class='ocrx_word' id='word_1_67' title='bbox 1095 1093 1119 1151; x_wconf 89' lang='lat' dir='ltr'><strong>iu</strong></span> 
     </span>
     <span class='ocr_line' id='line_1_11' title="bbox 207 1175 1120 1257; baseline -0.001 -21"><span class='ocrx_word' id='word_1_68' title='bbox 207 1195 247 1236; x_wconf 90' lang='lat' dir='ltr'><strong>eo</strong></span> <span class='ocrx_word' id='word_1_69' title='bbox 270 1176 411 1252; x_wconf 76' lang='lat' dir='ltr'><strong>articulo,</strong></span> <span class='ocrx_word' id='word_1_70' title='bbox 434 1195 496 1255; x_wconf 87' lang='lat' dir='ltr'><strong>quo</strong></span> <span class='ocrx_word' id='word_1_71' title='bbox 511 1177 733 1257; x_wconf 81' lang='lat' dir='ltr'><strong>iusipitlegem</strong></span> <span class='ocrx_word' id='word_1_72' title='bbox 746 1178 860 1239; x_wconf 79' lang='lat' dir='ltr'><strong>sentire</strong></span> <span class='ocrx_word' id='word_1_73' title='bbox 882 1195 941 1235; x_wconf 87' lang='lat' dir='ltr'><strong>seu</strong></span> <span class='ocrx_word' id='word_1_74' title='bbox 951 1175 1120 1256; x_wconf 76' lang='lat' dir='ltr'><strong>intelligere</strong></span> 
     </span>
    </p>

    <p class='ocr_par' dir='ltr' id='par_1_7' title="bbox 208 1258 1121 1506">
     <span class='ocr_line' id='line_1_12' title="bbox 271 1258 1121 1340; baseline -0.007 -17"><span class='ocrx_word' id='word_1_75' title='bbox 271 1261 322 1323; x_wconf 83' lang='lat'><strong>42.</strong></span> <span class='ocrx_word' id='word_1_76' title='bbox 345 1258 489 1337; x_wconf 78' lang='lat' dir='ltr'><strong>Summe,</strong></span> <span class='ocrx_word' id='word_1_77' title='bbox 516 1278 647 1320; x_wconf 82' lang='lat' dir='ltr'><strong>neeesse</strong></span> <span class='ocrx_word' id='word_1_78' title='bbox 668 1265 716 1321; x_wconf 83' lang='lat' dir='ltr'><strong>est</strong></span> <span class='ocrx_word' id='word_1_79' title='bbox 739 1259 787 1319; x_wconf 84' lang='lat' dir='ltr'><strong>rel</strong></span> <span class='ocrx_word' id='word_1_80' title='bbox 804 1259 975 1321; x_wconf 75' lang='lat' dir='ltr'><strong>intellecta</strong></span> <span class='ocrx_word' id='word_1_81' title='bbox 995 1258 1064 1340; x_wconf 83' lang='lat' dir='ltr'><strong>lege</strong></span> <span class='ocrx_word' id='word_1_82' title='bbox 1079 1259 1121 1317; x_wconf 86' lang='lat' dir='ltr'><strong>de-</strong></span> 
     </span>
     <span class='ocr_line' id='line_1_13' title="bbox 208 1341 1121 1423; baseline -0.001 -20"><span class='ocrx_word' id='word_1_83' title='bbox 208 1361 344 1421; x_wconf 78' lang='lat' dir='ltr'><strong>sperare,</strong></span> <span class='ocrx_word' id='word_1_84' title='bbox 368 1343 513 1423; x_wconf 59' lang='lat' dir='ltr'><strong>ignorate</strong></span> <span class='ocrx_word' id='word_1_85' title='bbox 532 1344 633 1423; x_wconf 76' lang='lat' dir='ltr'><strong>gratia</strong></span> <span class='ocrx_word' id='word_1_86' title='bbox 646 1343 716 1418; x_wconf 91' lang='lat' dir='ltr'><strong>Dei,</strong></span> <span class='ocrx_word' id='word_1_87' title='bbox 737 1342 788 1403; x_wconf 88' lang='lat' dir='ltr'><strong>vel</strong></span> <span class='ocrx_word' id='word_1_88' title='bbox 802 1361 867 1403; x_wconf 86' lang='lat' dir='ltr'><strong>uou</strong></span> <span class='ocrx_word' id='word_1_89' title='bbox 880 1342 1043 1403; x_wconf 82' lang='lat' dir='ltr'><strong>intelleols</strong></span> <span class='ocrx_word' id='word_1_90' title='bbox 1064 1341 1121 1421; x_wconf 79' lang='lat' dir='ltr'><strong>lege</strong></span> 
     </span>
     <span class='ocr_line' id='line_1_14' title="bbox 208 1424 986 1506; baseline -0.004 -19"><span class='ocrx_word' id='word_1_91' title='bbox 208 1424 248 1491; x_wconf 87' lang='lat' dir='ltr'><strong>do</strong></span> <span class='ocrx_word' id='word_1_92' title='bbox 268 1445 304 1485; x_wconf 88' lang='lat' dir='ltr'><strong>se</strong></span> <span class='ocrx_word' id='word_1_93' title='bbox 324 1426 394 1506; x_wconf 90' lang='lat' dir='ltr'><strong>ipso</strong></span> <span class='ocrx_word' id='word_1_94' title='bbox 415 1444 624 1505; x_wconf 71' lang='lat' dir='ltr'><strong>praesumere,</strong></span> <span class='ocrx_word' id='word_1_95' title='bbox 647 1431 825 1505; x_wconf 75' lang='lat' dir='ltr'><strong>contemplo</strong></span> <span class='ocrx_word' id='word_1_96' title='bbox 844 1426 892 1487; x_wconf 88' lang='lat' dir='ltr'><strong>irs</strong></span> <span class='ocrx_word' id='word_1_97' title='bbox 913 1425 986 1487; x_wconf 81' lang='lat' dir='ltr'><strong>Dei.</strong></span> 
     </span>
    </p>
   </div>
   <div class='ocr_carea' id='block_1_5' title="bbox 206 1499 1165 1679">
    <p class='ocr_par' dir='ltr' id='par_1_8' title="bbox 206 1499 1165 1679">
     <span class='ocr_line' id='line_1_15' title="bbox 269 1499 1165 1589; baseline -0.001 -20"><span class='ocrx_word' id='word_1_98' title='bbox 269 1509 321 1571; x_wconf 81' lang='lat'><strong>43.</strong></span> <span class='ocrx_word' id='word_1_99' title='bbox 343 1507 400 1569; x_wconf 83' lang='lat' dir='ltr'><strong>llls</strong></span> <span class='ocrx_word' id='word_1_100' title='bbox 420 1509 496 1569; x_wconf 78' lang='lat' dir='ltr'><strong>fooil</strong></span> <span class='ocrx_word' id='word_1_101' title='bbox 524 1508 792 1589; x_wconf 77' lang='lat' dir='ltr'><strong>desperabuudum</strong></span> <span class='ocrx_word' id='word_1_102' title='bbox 812 1508 938 1586; x_wconf 78' lang='lat' dir='ltr'><strong>David,</strong></span> <span class='ocrx_word' id='word_1_103' title='bbox 974 1509 1028 1588; x_wconf 86' lang='lat' dir='ltr'><strong>qui</strong></span> <span class='ocrx_word' id='word_1_104' title='bbox 1054 1507 1122 1581; x_wconf 58' lang='lat' dir='ltr'><strong>diue</strong></span> <span class='ocrx_word' id='word_1_105' title='bbox 1163 1499 1165 1511; x_wconf 83' lang='lat'>&#39;</span> 
     </span>
     <span class='ocr_line' id='line_1_16' title="bbox 206 1590 1165 1679; baseline 0.002 -29"><span class='ocrx_word' id='word_1_106' title='bbox 206 1590 348 1672; x_wconf 82' lang='lat' dir='ltr'><strong>Peeoovi,</strong></span> <span class='ocrx_word' id='word_1_107' title='bbox 372 1592 527 1671; x_wconf 76' lang='lat' dir='ltr'><strong>proiectus</strong></span> <span class='ocrx_word' id='word_1_108' title='bbox 543 1612 610 1652; x_wconf 86' lang='lat' dir='ltr'><strong>sum</strong></span> <span class='ocrx_word' id='word_1_109' title='bbox 632 1592 742 1657; x_wconf 67' lang='lat' dir='ltr'><strong>alume</strong></span> <span class='ocrx_word' id='word_1_110' title='bbox 754 1592 915 1653; x_wconf 74' lang='lat' dir='ltr'><strong>oculorum</strong></span> <span class='ocrx_word' id='word_1_111' title='bbox 939 1600 1064 1655; x_wconf 79' lang='lat' dir='ltr'><strong>tuorum</strong></span> <span class='ocrx_word' id='word_1_112' title='bbox 1076 1597 1122 1653; x_wconf 72' lang='lat' dir='ltr'><strong>ele</strong></span> <span class='ocrx_word' id='word_1_113' title='bbox 1163 1660 1165 1679; x_wconf 34' lang='grc' dir='ltr'><strong>ἱ</strong></span> 
     </span>
    </p>
   </div>
   <div class='ocr_carea' id='block_1_6' title="bbox 206 1674 1125 2172">
    <p class='ocr_par' dir='ltr' id='par_1_9' title="bbox 206 1674 1124 1919">
     <span class='ocr_line' id='line_1_17' title="bbox 270 1674 1123 1757; baseline -0.008 -18"><span class='ocrx_word' id='word_1_114' title='bbox 270 1675 321 1739; x_wconf 89' lang='grc'><strong>44.</strong></span> <span class='ocrx_word' id='word_1_115' title='bbox 344 1675 408 1739; x_wconf 80' lang='lat' dir='ltr'><strong>lsts</strong></span> <span class='ocrx_word' id='word_1_116' title='bbox 428 1675 503 1739; x_wconf 75' lang='lat' dir='ltr'><strong>lucil</strong></span> <span class='ocrx_word' id='word_1_117' title='bbox 524 1694 666 1757; x_wconf 71' lang='lat' dir='ltr'><strong>seourpm</strong></span> <span class='ocrx_word' id='word_1_118' title='bbox 687 1675 881 1756; x_wconf 76' lang='lat' dir='ltr'><strong>hypocritam</strong></span> <span class='ocrx_word' id='word_1_119' title='bbox 909 1683 945 1737; x_wconf 83' lang='lat' dir='ltr'><strong>et</strong></span> <span class='ocrx_word' id='word_1_120' title='bbox 972 1674 1123 1757; x_wconf 85' lang='lat' dir='ltr'><strong>superbum</strong></span> 
     </span>
     <span class='ocr_line' id='line_1_18' title="bbox 207 1756 1124 1838; baseline 0.001 -19"><span class='ocrx_word' id='word_1_121' title='bbox 207 1756 425 1838; x_wconf 79' lang='lat' dir='ltr'><strong>Pharisaeum,</strong></span> <span class='ocrx_word' id='word_1_122' title='bbox 454 1759 506 1836; x_wconf 91' lang='lat' dir='ltr'><strong>qui</strong></span> <span class='ocrx_word' id='word_1_123' title='bbox 528 1758 617 1821; x_wconf 82' lang='lat' dir='ltr'><strong>dioit:</strong></span> <span class='ocrx_word' id='word_1_124' title='bbox 636 1756 710 1821; x_wconf 82' lang='lat' dir='ltr'><strong>Nou</strong></span> <span class='ocrx_word' id='word_1_125' title='bbox 729 1779 798 1823; x_wconf 89' lang='lat' dir='ltr'><strong>sum</strong></span> <span class='ocrx_word' id='word_1_126' title='bbox 817 1759 901 1819; x_wconf 74' lang='lat' dir='ltr'><strong>siout</strong></span> <span class='ocrx_word' id='word_1_127' title='bbox 921 1761 1021 1820; x_wconf 81' lang='lat' dir='ltr'><strong>ueteri</strong></span> <span class='ocrx_word' id='word_1_128' title='bbox 1041 1757 1124 1820; x_wconf 76' lang='lat' dir='ltr'><strong>homi</strong></span> 
     </span>
     <span class='ocr_line' id='line_1_19' title="bbox 206 1841 496 1919; baseline 0.01 -20"><span class='ocrx_word' id='word_1_129' title='bbox 206 1859 289 1919; x_wconf 92' lang='lat' dir='ltr'><strong>num,</strong></span> <span class='ocrx_word' id='word_1_130' title='bbox 311 1841 417 1900; x_wconf 79' lang='lat' dir='ltr'><strong>iniusti</strong></span> <span class='ocrx_word' id='word_1_131' title='bbox 437 1848 496 1903; x_wconf 81' lang='lat' dir='ltr'><strong>eto.</strong></span> 
     </span>
    </p>

    <p class='ocr_par' dir='ltr' id='par_1_10' title="bbox 207 1921 1124 2088">
     <span class='ocr_line' id='line_1_20' title="bbox 268 1921 1124 1999; baseline -0.008 -11"><span class='ocrx_word' id='word_1_132' title='bbox 268 1925 318 1988; x_wconf 78' lang='lat'><strong>45.</strong></span> <span class='ocrx_word' id='word_1_133' title='bbox 340 1923 399 1986; x_wconf 82' lang='lat' dir='ltr'><strong>Hie</strong></span> <span class='ocrx_word' id='word_1_134' title='bbox 419 1925 506 1991; x_wconf 74' lang='lat' dir='ltr'><strong>uenit</strong></span> <span class='ocrx_word' id='word_1_135' title='bbox 527 1923 648 1997; x_wconf 85' lang='lat' dir='ltr'><strong>medius</strong></span> <span class='ocrx_word' id='word_1_136' title='bbox 669 1923 825 1999; x_wconf 78' lang='lat' dir='ltr'><strong>Christus,</strong></span> <span class='ocrx_word' id='word_1_137' title='bbox 847 1921 974 1985; x_wconf 82' lang='lat' dir='ltr'><strong>disens:</strong></span> <span class='ocrx_word' id='word_1_138' title='bbox 994 1925 1064 1986; x_wconf 85' lang='lat' dir='ltr'><strong>Neo</strong></span> <span class='ocrx_word' id='word_1_139' title='bbox 1082 1921 1124 1984; x_wconf 85' lang='lat' dir='ltr'><strong>tihi</strong></span> 
     </span>
     <span class='ocr_line' id='line_1_21' title="bbox 207 2005 1072 2088; baseline 0.006 -22"><span class='ocrx_word' id='word_1_140' title='bbox 207 2005 381 2084; x_wconf 68' lang='lat' dir='ltr'><strong>damnatio,</strong></span> <span class='ocrx_word' id='word_1_141' title='bbox 414 2026 474 2068; x_wconf 80' lang='lat' dir='ltr'><strong>nes</strong></span> <span class='ocrx_word' id='word_1_142' title='bbox 488 2006 542 2069; x_wconf 86' lang='lat' dir='ltr'><strong>tibi</strong></span> <span class='ocrx_word' id='word_1_143' title='bbox 565 2007 666 2087; x_wconf 74' lang='lat' dir='ltr'><strong>selus,</strong></span> <span class='ocrx_word' id='word_1_144' title='bbox 694 2006 755 2071; x_wconf 82' lang='lat' dir='ltr'><strong>sed.</strong></span> <span class='ocrx_word' id='word_1_145' title='bbox 777 2006 851 2066; x_wconf 88' lang='lat' dir='ltr'><strong>mihi</strong></span> <span class='ocrx_word' id='word_1_146' title='bbox 872 2007 937 2069; x_wconf 86' lang='lat' dir='ltr'><strong>soli</strong></span> <span class='ocrx_word' id='word_1_147' title='bbox 958 2008 1072 2088; x_wconf 79' lang='lat' dir='ltr'><strong>gloria.</strong></span> 
     </span>
    </p>

    <p class='ocr_par' dir='ltr' id='par_1_11' title="bbox 270 2089 1125 2172">
     <span class='ocr_line' id='line_1_22' title="bbox 270 2089 1125 2172; baseline 0 -20"><span class='ocrx_word' id='word_1_148' title='bbox 270 2091 321 2153; x_wconf 88' lang='grc'><strong>46.</strong></span> <span class='ocrx_word' id='word_1_149' title='bbox 343 2090 390 2155; x_wconf 82' lang='lat' dir='ltr'><strong>Tu</strong></span> <span class='ocrx_word' id='word_1_150' title='bbox 412 2109 477 2163; x_wconf 82' lang='lat' dir='ltr'><strong>nou</strong></span> <span class='ocrx_word' id='word_1_151' title='bbox 497 2092 648 2167; x_wconf 82' lang='lat' dir='ltr'><strong>morieris,</strong></span> <span class='ocrx_word' id='word_1_152' title='bbox 669 2089 785 2167; x_wconf 73' lang='lat' dir='ltr'><strong>David,</strong></span> <span class='ocrx_word' id='word_1_153' title='bbox 807 2091 880 2168; x_wconf 87' lang='lat' dir='ltr'><strong>quis</strong></span> <span class='ocrx_word' id='word_1_154' title='bbox 901 2092 1051 2161; x_wconf 70' lang='lat' dir='ltr'><strong>munsmli</strong></span> <span class='ocrx_word' id='word_1_155' title='bbox 1070 2108 1125 2172; x_wconf 77' lang='lat' dir='ltr'><strong>pes·</strong></span> 
     </span>
    </p>
   </div>
   <div class='ocr_carea' id='block_1_7' title="bbox 206 2173 1165 2259">
    <p class='ocr_par' dir='ltr' id='par_1_12' title="bbox 206 2173 1165 2259">
     <span class='ocr_line' id='line_1_23' title="bbox 206 2173 1165 2259; baseline 0.004 -29"><span class='ocrx_word' id='word_1_156' title='bbox 206 2179 307 2231; x_wconf 81' lang='lat' dir='ltr'><strong>uotum</strong></span> <span class='ocrx_word' id='word_1_157' title='bbox 331 2179 417 2233; x_wconf 82' lang='lat' dir='ltr'><strong>tuum</strong></span> <span class='ocrx_word' id='word_1_158' title='bbox 438 2175 470 2233; x_wconf 89' lang='lat' dir='ltr'><strong>in</strong></span> <span class='ocrx_word' id='word_1_159' title='bbox 491 2193 558 2252; x_wconf 85' lang='lat' dir='ltr'><strong>me,</strong></span> <span class='ocrx_word' id='word_1_160' title='bbox 587 2193 646 2235; x_wconf 83' lang='lat' dir='ltr'><strong>uso</strong></span> <span class='ocrx_word' id='word_1_161' title='bbox 674 2181 716 2253; x_wconf 84' lang='lat' dir='ltr'><strong>tu,</strong></span> <span class='ocrx_word' id='word_1_162' title='bbox 737 2173 914 2251; x_wconf 73' lang='lat' dir='ltr'><strong>Phemonoe,</strong></span> <span class='ocrx_word' id='word_1_163' title='bbox 939 2175 1047 2252; x_wconf 88' lang='lat' dir='ltr'><strong>vives,</strong></span> <span class='ocrx_word' id='word_1_164' title='bbox 1068 2175 1124 2254; x_wconf 84' lang='lat' dir='ltr'><strong>quis</strong></span> <span class='ocrx_word' id='word_1_165' title='bbox 1163 2246 1165 2259; x_wconf 40' lang='grc' dir='ltr'>Ι</span> 
     </span>
    </p>
   </div>
   <div class='ocr_carea' id='block_1_8' title="bbox 203 2256 1124 3083">
    <p class='ocr_par' dir='ltr' id='par_1_13' title="bbox 205 2256 630 2319">
     <span class='ocr_line' id='line_1_24' title="bbox 205 2256 630 2319; baseline 0.012 -5"><span class='ocrx_word' id='word_1_166' title='bbox 205 2256 320 2315; x_wconf 79' lang='lat' dir='ltr'><strong>iustitia</strong></span> <span class='ocrx_word' id='word_1_167' title='bbox 342 2262 396 2315; x_wconf 81' lang='lat' dir='ltr'><strong>tus</strong></span> <span class='ocrx_word' id='word_1_168' title='bbox 417 2263 465 2317; x_wconf 88' lang='lat' dir='ltr'><strong>est</strong></span> <span class='ocrx_word' id='word_1_169' title='bbox 486 2259 553 2318; x_wconf 88' lang='lat' dir='ltr'><strong>sine</strong></span> <span class='ocrx_word' id='word_1_170' title='bbox 571 2277 630 2319; x_wconf 85' lang='lat' dir='ltr'><strong>me.</strong></span> 
     </span>
    </p>

    <p class='ocr_par' dir='ltr' id='par_1_14' title="bbox 203 2337 1124 3083">
     <span class='ocr_line' id='line_1_25' title="bbox 268 2337 1124 2422; baseline 0.006 -24"><span class='ocrx_word' id='word_1_171' title='bbox 268 2339 319 2400; x_wconf 82' lang='grc'><strong>47.</strong></span> <span class='ocrx_word' id='word_1_172' title='bbox 343 2337 480 2399; x_wconf 81' lang='lat' dir='ltr'><strong>Obleuto</strong></span> <span class='ocrx_word' id='word_1_173' title='bbox 502 2342 612 2420; x_wconf 84' lang='lat' dir='ltr'><strong>igilur,</strong></span> <span class='ocrx_word' id='word_1_174' title='bbox 645 2338 728 2419; x_wconf 87' lang='lat' dir='ltr'><strong>quod</strong></span> <span class='ocrx_word' id='word_1_175' title='bbox 750 2339 862 2400; x_wconf 82' lang='lat' dir='ltr'><strong>Paulus</strong></span> <span class='ocrx_word' id='word_1_176' title='bbox 900 2359 970 2403; x_wconf 89' lang='lat' dir='ltr'><strong>nou</strong></span> <span class='ocrx_word' id='word_1_177' title='bbox 994 2341 1124 2422; x_wconf 75' lang='lat' dir='ltr'><strong>loquutur</strong></span> 
     </span>
     <span class='ocr_line' id='line_1_26' title="bbox 206 2419 1124 2517; baseline 0.001 -38"><span class='ocrx_word' id='word_1_178' title='bbox 206 2419 245 2480; x_wconf 89' lang='lat' dir='ltr'><strong>de</strong></span> <span class='ocrx_word' id='word_1_179' title='bbox 267 2421 338 2517; x_wconf 82' lang='lat' dir='ltr'><strong>lege</strong></span> <span class='ocrx_word' id='word_1_180' title='bbox 352 2424 564 2502; x_wconf 78' lang='lat' dir='ltr'><strong>ceremoniali,</strong></span> <span class='ocrx_word' id='word_1_181' title='bbox 588 2423 643 2484; x_wconf 91' lang='lat' dir='ltr'><strong>sed</strong></span> <span class='ocrx_word' id='word_1_182' title='bbox 657 2423 697 2485; x_wconf 88' lang='lat' dir='ltr'><strong>de</strong></span> <span class='ocrx_word' id='word_1_183' title='bbox 718 2442 791 2485; x_wconf 82' lang='lat' dir='ltr'><strong>veru</strong></span> <span class='ocrx_word' id='word_1_184' title='bbox 804 2423 874 2502; x_wconf 88' lang='lat' dir='ltr'><strong>lege</strong></span> <span class='ocrx_word' id='word_1_185' title='bbox 887 2425 1041 2504; x_wconf 82' lang='lat' dir='ltr'><strong>verisque</strong></span> <span class='ocrx_word' id='word_1_186' title='bbox 1062 2425 1124 2505; x_wconf 83' lang='lat' dir='ltr'><strong>legis</strong></span> 
     </span>
     <span class='ocr_line' id='line_1_27' title="bbox 205 2505 1124 2666; baseline -0.001 -15"><span class='ocrx_word' id='word_1_187' title='bbox 205 2505 455 2658; x_wconf 20' lang='lat' dir='ltr'><strong>&amp;pelgulliooril</strong></span> <span class='ocrx_word' id='word_1_188' title='bbox 476 2607 572 2649; x_wconf 82' lang='lat' dir='ltr'><strong>eousu</strong></span> <span class='ocrx_word' id='word_1_189' title='bbox 592 2595 709 2666; x_wconf 77' lang='lat' dir='ltr'><strong>nostro,</strong></span> <span class='ocrx_word' id='word_1_190' title='bbox 733 2598 765 2648; x_wconf 85' lang='lat' dir='ltr'><strong>et</strong></span> <span class='ocrx_word' id='word_1_191' title='bbox 785 2594 846 2649; x_wconf 76' lang='lat' dir='ltr'><strong>utut</strong></span> <span class='ocrx_word' id='word_1_192' title='bbox 867 2592 1031 2651; x_wconf 81' lang='lat' dir='ltr'><strong>sententis</strong></span> <span class='ocrx_word' id='word_1_193' title='bbox 1044 2589 1124 2652; x_wconf 77' lang='lat' dir='ltr'><strong>Pauli·</strong></span> 
     </span>
     <span class='ocr_line' id='line_1_28' title="bbox 203 2670 1123 2753; baseline 0.004 -22"><span class='ocrx_word' id='word_1_194' title='bbox 203 2671 367 2733; x_wconf 87' lang='lat' dir='ltr'><strong>Hominem</strong></span> <span class='ocrx_word' id='word_1_195' title='bbox 397 2691 460 2732; x_wconf 89' lang='lat' dir='ltr'><strong>nou</strong></span> <span class='ocrx_word' id='word_1_196' title='bbox 489 2671 567 2752; x_wconf 84' lang='lat' dir='ltr'><strong>legis</strong></span> <span class='ocrx_word' id='word_1_197' title='bbox 591 2671 750 2753; x_wconf 86' lang='lat' dir='ltr'><strong>operibus,</strong></span> <span class='ocrx_word' id='word_1_198' title='bbox 782 2671 838 2737; x_wconf 87' lang='lat' dir='ltr'><strong>sed</strong></span> <span class='ocrx_word' id='word_1_199' title='bbox 877 2670 944 2735; x_wconf 86' lang='lat' dir='ltr'><strong>fide</strong></span> <span class='ocrx_word' id='word_1_200' title='bbox 976 2672 1123 2736; x_wconf 76' lang='lat' dir='ltr'><strong>iustifiuri</strong></span> 
     </span>
     <span class='ocr_line' id='line_1_29' title="bbox 204 2754 1124 2915; baseline 0.001 -19"><span class='ocrx_word' id='word_1_201' title='bbox 204 2754 315 2897; x_wconf 55' lang='lat' dir='ltr'><strong>mill.</strong></span> <span class='ocrx_word' id='word_1_202' title='bbox 338 2836 409 2897; x_wconf 87' lang='lat' dir='ltr'><strong>Nou</strong></span> <span class='ocrx_word' id='word_1_203' title='bbox 432 2838 513 2897; x_wconf 86' lang='lat' dir='ltr'><strong>euim</strong></span> <span class='ocrx_word' id='word_1_204' title='bbox 538 2855 616 2915; x_wconf 89' lang='lat' dir='ltr'><strong>uos,</strong></span> <span class='ocrx_word' id='word_1_205' title='bbox 639 2837 694 2898; x_wconf 88' lang='lat' dir='ltr'><strong>sed</strong></span> <span class='ocrx_word' id='word_1_206' title='bbox 712 2837 836 2914; x_wconf 76' lang='lat' dir='ltr'><strong>Paulus,</strong></span> <span class='ocrx_word' id='word_1_207' title='bbox 860 2836 1002 2899; x_wconf 79' lang='lat' dir='ltr'><strong>electum</strong></span> <span class='ocrx_word' id='word_1_208' title='bbox 1028 2837 1124 2901; x_wconf 79' lang='lat' dir='ltr'><strong>Christi</strong></span> 
     </span>
     <span class='ocr_line' id='line_1_30' title="bbox 204 2919 1123 2997; baseline 0.001 -19"><span class='ocrx_word' id='word_1_209' title='bbox 204 2935 370 2997; x_wconf 77' lang='lat' dir='ltr'><strong>organum,</strong></span> <span class='ocrx_word' id='word_1_210' title='bbox 406 2921 451 2980; x_wconf 83' lang='lat' dir='ltr'><strong>sio</strong></span> <span class='ocrx_word' id='word_1_211' title='bbox 474 2919 568 2994; x_wconf 83' lang='lat' dir='ltr'><strong>audet</strong></span> <span class='ocrx_word' id='word_1_212' title='bbox 600 2921 631 2980; x_wconf 91' lang='lat' dir='ltr'><strong>in</strong></span> <span class='ocrx_word' id='word_1_213' title='bbox 656 2927 752 2983; x_wconf 80' lang='lat' dir='ltr'><strong>totum</strong></span> <span class='ocrx_word' id='word_1_214' title='bbox 787 2919 937 2981; x_wconf 91' lang='lat' dir='ltr'><strong>muudum</strong></span> <span class='ocrx_word' id='word_1_215' title='bbox 960 2922 1123 2985; x_wconf 75' lang='lat' dir='ltr'><strong>fulminare:</strong></span> 
     </span>
     <span class='ocr_line' id='line_1_31' title="bbox 203 2999 915 3083; baseline 0.003 -22"><span class='ocrx_word' id='word_1_216' title='bbox 203 2999 296 3074; x_wconf 79' lang='lat' dir='ltr'><strong>Quod</strong></span> <span class='ocrx_word' id='word_1_217' title='bbox 316 3002 410 3063; x_wconf 90' lang='lat' dir='ltr'><strong>homo</strong></span> <span class='ocrx_word' id='word_1_218' title='bbox 433 3022 490 3082; x_wconf 86' lang='lat' dir='ltr'><strong>per¹</strong></span> <span class='ocrx_word' id='word_1_219' title='bbox 509 3003 613 3083; x_wconf 85' lang='lat' dir='ltr'><strong>legem</strong></span> <span class='ocrx_word' id='word_1_220' title='bbox 636 3024 700 3065; x_wconf 86' lang='lat' dir='ltr'><strong>non</strong></span> <span class='ocrx_word' id='word_1_221' title='bbox 721 3002 915 3065; x_wconf 76' lang='lat' dir='ltr'><strong>iustificetur.</strong></span> 
     </span>
    </p>
   </div>
   <div class='ocr_carea' id='block_1_9' title="bbox 264 3084 1165 3171">
    <p class='ocr_par' dir='ltr' id='par_1_15' title="bbox 264 3084 1165 3171">
     <span class='ocr_line' id='line_1_32' title="bbox 264 3084 1165 3171; baseline 0.004 -27"><span class='ocrx_word' id='word_1_222' title='bbox 264 3088 313 3150; x_wconf 81' lang='lat'><strong>50.</strong></span> <span class='ocrx_word' id='word_1_223' title='bbox 336 3084 560 3165; x_wconf 65' lang='lat' dir='ltr'><strong>exspectamus</strong></span> <span class='ocrx_word' id='word_1_224' title='bbox 590 3086 703 3147; x_wconf 86' lang='lat' dir='ltr'><strong>exinde</strong></span> <span class='ocrx_word' id='word_1_225' title='bbox 733 3085 978 3148; x_wconf 83' lang='lat' dir='ltr'><strong>aisotatoribus</strong></span> <span class='ocrx_word' id='word_1_226' title='bbox 1005 3089 1126 3171; x_wconf 82' lang='lat' dir='ltr'><strong>legisel</strong></span> <span class='ocrx_word' id='word_1_227' title='bbox 1163 3106 1165 3117; x_wconf 91' lang='grc'><strong><em>·</em></strong></span> 
     </span>
    </p>
   </div>
   <div class='ocr_carea' id='block_1_10' title="bbox 199 3165 1130 3744">
    <p class='ocr_par' dir='ltr' id='par_1_16' title="bbox 199 3165 1130 3744">
     <span class='ocr_line' id='line_1_33' title="bbox 202 3165 1084 3249; baseline 0.007 -21"><span class='ocrx_word' id='word_1_228' title='bbox 202 3165 353 3237; x_wconf 79' lang='lat' dir='ltr'><strong>bonorum</strong></span> <span class='ocrx_word' id='word_1_229' title='bbox 377 3187 515 3248; x_wconf 86' lang='lat' dir='ltr'><strong>operum,</strong></span> <span class='ocrx_word' id='word_1_230' title='bbox 538 3170 648 3249; x_wconf 86' lang='lat' dir='ltr'><strong>quibus</strong></span> <span class='ocrx_word' id='word_1_231' title='bbox 672 3171 819 3235; x_wconf 78' lang='lat' dir='ltr'><strong>iustitiam</strong></span> <span class='ocrx_word' id='word_1_232' title='bbox 841 3168 933 3230; x_wconf 85' lang='lat' dir='ltr'><strong>tribui</strong></span> <span class='ocrx_word' id='word_1_233' title='bbox 958 3172 1084 3234; x_wconf 83' lang='lat' dir='ltr'><strong>volunt.</strong></span> 
     </span>
     <span class='ocr_line' id='line_1_34' title="bbox 262 3251 1127 3338; baseline 0.001 -22"><span class='ocrx_word' id='word_1_234' title='bbox 262 3255 312 3316; x_wconf 80' lang='lat'><strong>51.</strong></span> <span class='ocrx_word' id='word_1_235' title='bbox 336 3251 377 3312; x_wconf 84' lang='lat' dir='ltr'><strong>Ut</strong></span> <span class='ocrx_word' id='word_1_236' title='bbox 398 3252 565 3325; x_wconf 79' lang='lat' dir='ltr'><strong>ostendant</strong></span> <span class='ocrx_word' id='word_1_237' title='bbox 592 3253 643 3313; x_wconf 87' lang='lat' dir='ltr'><strong>vel</strong></span> <span class='ocrx_word' id='word_1_238' title='bbox 665 3272 757 3319; x_wconf 86' lang='lat' dir='ltr'><strong>uuum</strong></span> <span class='ocrx_word' id='word_1_239' title='bbox 782 3253 962 3332; x_wconf 78' lang='lat' dir='ltr'><strong>exemplum</strong></span> <span class='ocrx_word' id='word_1_240' title='bbox 987 3257 1127 3338; x_wconf 80' lang='lat' dir='ltr'><strong>impletu</strong></span> 
     </span>
     <span class='ocr_line' id='line_1_35' title="bbox 201 3333 1126 3420; baseline -0.001 -23"><span class='ocrx_word' id='word_1_241' title='bbox 201 3333 279 3413; x_wconf 82' lang='lat' dir='ltr'><strong>legis</strong></span> <span class='ocrx_word' id='word_1_242' title='bbox 302 3334 340 3395; x_wconf 85' lang='lat' dir='ltr'><strong>ab</strong></span> <span class='ocrx_word' id='word_1_243' title='bbox 363 3335 451 3394; x_wconf 85' lang='lat' dir='ltr'><strong>initio</strong></span> <span class='ocrx_word' id='word_1_244' title='bbox 475 3336 600 3414; x_wconf 89' lang='lat' dir='ltr'><strong>muudi,</strong></span> <span class='ocrx_word' id='word_1_245' title='bbox 624 3339 715 3398; x_wconf 80' lang='lat' dir='ltr'><strong>elium</strong></span> <span class='ocrx_word' id='word_1_246' title='bbox 737 3337 768 3395; x_wconf 89' lang='lat' dir='ltr'><strong>in</strong></span> <span class='ocrx_word' id='word_1_247' title='bbox 791 3335 944 3415; x_wconf 84' lang='lat' dir='ltr'><strong>ecelesia,</strong></span> <span class='ocrx_word' id='word_1_248' title='bbox 984 3340 1126 3420; x_wconf 88' lang='lat' dir='ltr'><strong>usquein</strong></span> 
     </span>
     <span class='ocr_line' id='line_1_36' title="bbox 201 3415 453 3495; baseline 0 -19"><span class='ocrx_word' id='word_1_249' title='bbox 201 3415 292 3489; x_wconf 68' lang='lat' dir='ltr'><strong>ouem</strong></span> <span class='ocrx_word' id='word_1_250' title='bbox 316 3416 453 3495; x_wconf 47' lang='lat' dir='ltr'><strong>mundo</strong></span> 
     </span>
     <span class='ocr_line' id='line_1_37' title="bbox 263 3500 1129 3568; baseline 0.007 -5"><span class='ocrx_word' id='word_1_251' title='bbox 263 3502 312 3563; x_wconf 78' lang='lat'><strong>52.</strong></span> <span class='ocrx_word' id='word_1_252' title='bbox 336 3500 513 3560; x_wconf 83' lang='lat' dir='ltr'><strong>Ridiculum</strong></span> <span class='ocrx_word' id='word_1_253' title='bbox 551 3509 598 3563; x_wconf 86' lang='lat' dir='ltr'><strong>est</strong></span> <span class='ocrx_word' id='word_1_254' title='bbox 632 3505 662 3563; x_wconf 87' lang='lat' dir='ltr'><strong>in</strong></span> <span class='ocrx_word' id='word_1_255' title='bbox 698 3509 758 3561; x_wconf 83' lang='lat' dir='ltr'><strong>lam</strong></span> <span class='ocrx_word' id='word_1_256' title='bbox 796 3500 876 3562; x_wconf 79' lang='lat' dir='ltr'><strong>seria</strong></span> <span class='ocrx_word' id='word_1_257' title='bbox 899 3520 1004 3567; x_wconf 82' lang='lat' dir='ltr'><strong>osusu</strong></span> <span class='ocrx_word' id='word_1_258' title='bbox 1024 3508 1129 3568; x_wconf 73' lang='lat' dir='ltr'><strong>ioelum</strong></span> 
     </span>
     <span class='ocr_line' id='line_1_38' title="bbox 200 3582 1130 3665; baseline 0.008 -24"><span class='ocrx_word' id='word_1_259' title='bbox 200 3582 283 3643; x_wconf 86' lang='lat' dir='ltr'><strong>bona</strong></span> <span class='ocrx_word' id='word_1_260' title='bbox 305 3603 400 3663; x_wconf 82' lang='lat' dir='ltr'><strong>opera</strong></span> <span class='ocrx_word' id='word_1_261' title='bbox 424 3591 456 3643; x_wconf 82' lang='lat' dir='ltr'><strong>et</strong></span> <span class='ocrx_word' id='word_1_262' title='bbox 477 3583 556 3665; x_wconf 88' lang='lat' dir='ltr'><strong>legis</strong></span> <span class='ocrx_word' id='word_1_263' title='bbox 579 3587 736 3663; x_wconf 78' lang='lat' dir='ltr'><strong>iustitiam,</strong></span> <span class='ocrx_word' id='word_1_264' title='bbox 760 3592 790 3644; x_wconf 83' lang='lat' dir='ltr'><strong>et</strong></span> <span class='ocrx_word' id='word_1_265' title='bbox 810 3591 917 3644; x_wconf 82' lang='lat' dir='ltr'><strong>tomen</strong></span> <span class='ocrx_word' id='word_1_266' title='bbox 941 3588 1067 3650; x_wconf 89' lang='lat' dir='ltr'><strong>nullum</strong></span> <span class='ocrx_word' id='word_1_267' title='bbox 1089 3609 1130 3651; x_wconf 79' lang='lat' dir='ltr'><strong>ex·</strong></span> 
     </span>
     <span class='ocr_line' id='line_1_39' title="bbox 199 3665 534 3744; baseline 0.009 -19"><span class='ocrx_word' id='word_1_268' title='bbox 199 3666 334 3744; x_wconf 85' lang='lat' dir='ltr'><strong>emplum</strong></span> <span class='ocrx_word' id='word_1_269' title='bbox 359 3665 534 3728; x_wconf 78' lang='lat' dir='ltr'><strong>ostendere.</strong></span> 
     </span>
    </p>
   </div>
   <div class='ocr_carea' id='block_1_11' title="bbox 261 3748 1130 3830">
    <p class='ocr_par' dir='ltr' id='par_1_17' title="bbox 261 3748 1130 3830">
     <span class='ocr_line' id='line_1_40' title="bbox 261 3748 1130 3830; baseline 0.002 -16"><span class='ocrx_word' id='word_1_270' title='bbox 261 3750 310 3815; x_wconf 78' lang='lat'><strong>53.</strong></span> <span class='ocrx_word' id='word_1_271' title='bbox 332 3748 402 3811; x_wconf 83' lang='lat' dir='ltr'><strong>Hoe</strong></span> <span class='ocrx_word' id='word_1_272' title='bbox 423 3751 505 3810; x_wconf 87' lang='lat' dir='ltr'><strong>euim</strong></span> <span class='ocrx_word' id='word_1_273' title='bbox 526 3752 649 3830; x_wconf 78' lang='lat' dir='ltr'><strong>proprie</strong></span> <span class='ocrx_word' id='word_1_274' title='bbox 682 3756 732 3812; x_wconf 73' lang='lat' dir='ltr'><strong>est</strong></span> <span class='ocrx_word' id='word_1_275' title='bbox 757 3750 788 3817; x_wconf 79' lang='lat' dir='ltr'><strong>io</strong></span> <span class='ocrx_word' id='word_1_276' title='bbox 811 3768 912 3822; x_wconf 71' lang='grc'><strong>,4440440</strong></span> <span class='ocrx_word' id='word_1_277' title='bbox 944 3753 1075 3821; x_wconf 76' lang='lat' dir='ltr'><strong>theatro</strong></span> <span class='ocrx_word' id='word_1_278' title='bbox 1097 3757 1130 3816; x_wconf 92' lang='lat' dir='ltr'><strong>lu·</strong></span> 
     </span>
    </p>
   </div>
   <div class='ocr_carea' id='block_1_12' title="bbox 0 0 1182 4208">
    <p class='ocr_par' dir='ltr' id='par_1_18' title="bbox 0 0 1182 4208">
     <span class='ocr_line' id='line_1_41' title="bbox 0 0 1182 4208; baseline 0 0"><span class='ocrx_word' id='word_1_279' title='bbox 0 0 1182 4208; x_wconf 95' lang='lat' dir='ltr'><strong> </strong></span> 
     </span>
    </p>
   </div>
  </div>
 </body>
</html>
