2346 4208
175 276 195 341 6
574 274 698 345 Epistola

164 464 225 545 ,An
248 482 310 525 non
333 483 407 525 vere
428 462 558 542 quadret
578 465 609 522 in
623 482 678 524 eoa
694 463 907 543 propheticum
918 462 995 523 hoc:
1018 461 1098 537 Quo-

178 546 272 609 modo
297 548 364 607 sola
387 547 476 608 sedet
497 546 622 607 domina
643 548 789 627 gentium,
812 550 955 626 princeps
978 547 1099 625 provin·

178 631 313 692 ciarum?
338 630 521 692 Sacerdotes
545 632 609 690 eius
633 636 808 710 gementes,
839 631 910 708 quia
934 626 986 710 (ut
1006 629 1098 709 paulo

177 715 258 776 infra
281 716 432 793 sequitur)
459 713 591 792 dispersi
615 713 825 792 suntlapides
849 714 1013 773 sanctuarii
1036 714 1100 772 eius

176 800 206 859 in
248 799 349 877 capite
382 798 518 857 omnium
556 797 738 875 platearum.
791 797 856 856 Filii
881 796 954 856 Sion
983 795 1099 876 inclyti,

177 882 281 943 amicti
313 900 388 940 auro
415 881 530 960 primo,
565 880 722 958 quomodo
758 879 829 939 facti
858 887 930 938 sunt
961 880 993 938 in
1025 897 1102 938 vasa

177 971 285 1026 testea.

259 1046 320 1107 Sed
349 1045 453 1105 dicent
479 1045 618 1106 fortassis
650 1049 700 1121 (ut
729 1050 800 1106 sunt
826 1045 867 1104 ad
904 1044 1101 1105 excusandos

177 1149 296 1192 errores
330 1147 403 1188 suos
436 1128 567 1207 argutuli
601 1128 772 1205 nonnulli),
804 1130 929 1188 minime
958 1147 993 1188 se
1015 1127 1103 1188 solos

177 1232 246 1275 esse
281 1218 334 1272 aut
367 1213 433 1272 sine
453 1211 592 1289 Theseo,
631 1211 879 1290 quandoquidem
914 1230 954 1271 ex
987 1212 1103 1273 nostris

178 1297 270 1358 etiam
292 1295 434 1355 factionis
464 1314 544 1355 suae
561 1301 746 1359 assertorem
775 1294 911 1355 habeant
932 1295 1102 1354 Dootorem

177 1380 338 1440 Martinum
361 1377 542 1453 Lutherum,
578 1398 670 1437 unum
703 1379 855 1454 omnium,
888 1378 939 1456 qui
962 1377 1104 1439 abstrusa

177 1481 285 1523 sacrae
307 1461 483 1541 Scripturae
511 1479 602 1520 sensa
633 1468 702 1530 (ceu
730 1460 835 1520 divina
868 1461 1006 1540 virgula]
1038 1468 1102 1521 tum

179 1545 263 1606 solus
298 1546 443 1624 attingat,
479 1550 542 1604 tum
576 1543 615 1602 ad
638 1543 830 1604 stomachum
860 1563 964 1603 eorum
999 1544 1104 1621 faeiat,

144 1657 150 1665 ·
178 1629 290 1708 quique
305 1629 462 1688 cornicum
475 1627 582 1687 oculos
599 1628 680 1706 potis
696 1627 735 1688 sit
757 1625 923 1706 configere.
947 1624 1104 1700 Quamob-

179 1731 243 1771 rem
277 1710 348 1770 dum
378 1710 459 1770 idem
488 1709 610 1789 Lipsiae
637 1728 735 1788 nuper
763 1709 949 1785 decertaret,
979 1709 1105 1788 publiea

177 1794 244 1854 Deo
268 1792 476 1872 supplicial),
499 1792 739 1872 quotidianaque
765 1789 856 1873 (licet
877 1792 1021 1871 profana)
1044 1811 1103 1872 pro

178 1896 216 1937 eo
240 1895 328 1936 sacra
349 1875 469 1952 fecisse,
492 1875 682 1954 populariter
702 1875 881 1955 gloriantur.

259 1958 451 2019 Omiserum
473 1957 653 2033 Lutherum,
682 1959 706 2016 si
737 1957 934 2018 exsecrandis
964 1964 995 2017 et
1028 1957 1104 2019 abo-

176 2041 371 2103 minabilibus
393 2042 520 2100 istorum
541 2041 669 2119 piaculis
684 2040 828 2117 confisus,
852 2059 889 2099 ac
912 2060 974 2100 non
997 2043 1103 2120 potius

176 2126 238 2204 iugi
262 2123 484 2201 scripturarum
507 2123 708 2183 meditatione
733 2124 860 2202 (quihus
884 2143 901 2183 a
923 2125 1048 2200 teneris,
1071 2132 1105 2184 ut

179 2209 272 2283 aiunt,
295 2206 466 2285 unguiculis
490 2206 675 2266 indefessam
698 2208 822 2266 navavit
844 2208 988 2288 operam)
1005 2208 1103 2267 fretus

180 2309 249 2350 cum
272 2289 439 2348 fortissimo
463 2288 693 2369 Theologorum
718 2289 812 2351 Eoeio
842 2309 977 2370 pugnam
1007 2292 1103 2350 ineat.

177 2373 243 2432 lmo
272 2390 346 2431 vero
376 2371 449 2430 nihil
478 2374 669 2432 constantius
697 2372 777 2432 idem
807 2393 826 2431 a
855 2392 888 2432 se
913 2373 1025 2452 repulit
1046 2373 1104 2432 Lu-

180 2453 345 2530 therus2),
378 2474 468 2534 quam
501 2456 609 2515 falsam
637 2456 718 2515 hanc
750 2456 941 2534 quorundam
971 2456 1009 2515 de
1032 2458 1103 2535 ipso

178 2538 397 2616 suspicionem.
439 2539 547 2618 Neque
568 2539 662 2598 Eccio
692 2558 819 2617 usquam
849 2546 913 2599 tam
936 2540 1048 2599 restitit
1070 2541 1103 2599 in

178 2619 303 2698 faeiem,
331 2640 420 2699 quam
454 2621 504 2682 ubi
535 2623 605 2682 ioco
639 2621 689 2681 vel
721 2624 800 2682 serio
832 2619 1001 2702 (incertum
1034 2626 1099 2697 est)

177 2711 340 2784 patronum
368 2723 437 2764 eum
460 2705 665 2772 Bohemorum
698 2704 888 2774 subluderet,
924 2724 979 2764 sua
1005 2706 1104 2784 ipsius

178 2806 255 2848 voce
278 2786 427 2846 damnans
449 2789 641 2847 temerariam
665 2807 769 2847 eorum
793 2808 812 2847 a
833 2788 907 2847 sede
929 2788 1107 2866 apostoliea

179 2869 411 2947 discessionem,
434 2890 579 2948 nequeas
601 2873 631 2930 in
650 2870 781 2930 hocillis
794 2872 978 2949 consentire,
1000 2891 1105 2950 neque

179 2972 402 3014 consensurum
427 2973 560 3031 unquam
584 2954 706 3033 publice
727 2960 913 3033 protestans.

261 3036 412 3096 Desinant
433 3038 524 3116 igitur
545 3039 647 3097 miseri
670 3056 784 3097 vexare
801 3049 939 3114 superos,
963 3042 1016 3096 aut
1035 3057 1103 3116 pre-

179 3119 264 3181 cibus
286 3119 396 3179 frustra
418 3119 581 3193 lacessere,
604 3140 667 3181 non
690 3121 770 3179 enim
794 3126 854 3179 tam
870 3126 1052 3199 praesentes
1071 3120 1103 3179 in

178 3210 252 3262 vota
278 3222 334 3261 sua
355 3203 450 3262 Divos
479 3203 522 3262 illi
551 3202 678 3279 habent,
709 3210 743 3262 ut
772 3203 820 3262 vel
849 3211 895 3279 tu,
919 3202 1104 3280 ,venerande

178 3305 284 3362 senex,
307 3285 355 3344 vel
380 3287 482 3360 ceteri,
507 3288 557 3365 qui
572 3286 672 3346 adhuc
687 3286 797 3346 Christi
818 3288 968 3346 intervos
985 3286 1105 3363 spirant

178 3387 325 3447 amorem,
347 3377 473 3448 propter
501 3369 741 3448 disputationem
772 3369 853 3429 hanc
874 3369 1027 3448 Lipsicam
1050 3368 1103 3428 ha·

178 3458 256 3512 stam
279 3451 439 3528 abiiciant,
469 3454 644 3512 animumve
674 3452 899 3533 despondeant.
948 3451 1014 3512 Neo
1044 3457 1103 3529 est,

180 3533 261 3614 quod
285 3534 405 3596 factiosi
430 3537 479 3595 isti
502 3537 567 3595 sive
588 3536 741 3616 Pighardi,
765 3538 830 3597 sive
844 3535 1039 3598 schismatici
1060 3533 1102 3597 ob

251 3724 279 3784 1)
308 3722 450 3793 Intellige:
497 3724 720 3794 supplicationes.
772 3725 885 3778 Loesch.
951 3722 984 3791 2)
1021 3724 1104 3794 Apud

174 3795 304 3851 search:
326 3795 471 3851 Martinus.
546 3848 550 3855 .
