2346 4208
297 251 332 312 (ie
350 253 571 328 operibuvlegis
590 261 619 312 ot
633 236 751 328 ⁸giutino.
919 240 981 359 397

122 444 173 512 36.
195 446 261 511 Imo.
271 446 414 524 fatemur,
436 447 524 507 iustis
546 465 608 509 non
632 464 702 506 esse
723 445 856 525 positum
870 445 981 526 legem,

61 535 216 617 quotenus
237 530 309 591 iusti
331 537 403 590 sunt
424 535 455 590 et
476 530 584 610 spiritu
605 529 721 590 vivunt.
796 598 799 603 ¹

125 613 174 678 37.
196 611 257 673 Sed
279 620 429 693 quotenus
452 612 482 672 in
504 620 701 692 comesum,
724 619 755 673 et
778 610 889 691 oor'pus
910 629 979 691 peo-

61 697 123 757 oeti
145 694 274 772 hebent,
303 715 372 758 esse
394 695 559 777 sublege,
590 702 622 758 et
650 695 752 756 tenere
775 714 870 774 opero
892 694 979 775 legis,

60 778 93 840 id
117 784 174 857 est,
196 796 259 840 non
282 799 351 841 esse
373 777 484 857 iustos,
505 797 565 840 neo
585 778 688 839 fecere
710 779 792 839 bone
814 792 919 858 opera.

125 862 174 927 38.
197 861 282 923 Siout
296 861 399 924 dioere
411 881 585 943 possemus,
608 863 706 927 iustos
720 880 789 922 esse
800 859 857 923 sub
871 866 979 941 morte,

62 963 120 1006 sou
143 944 199 1005 eub
221 955 324 1025 poena
346 945 435 1027 legis,
458 952 490 1006 et
511 945 567 1007 sub
589 951 730 1026 peooeto,
753 945 825 1024 quie
848 945 979 1005 moriun·
1031 966 1032 969 ¹

62 1035 112 1089 tur
134 1046 253 1105 omnes,
276 1034 307 1089 et
329 1026 514 1090 confitentur
535 1047 605 1089 sese
627 1047 696 1090 esse
719 1034 908 1108 peooatores.

23 1122 28 1130 '
126 1109 176 1176 39.
193 1111 325 1192 Oportet
346 1113 428 1174 enim
451 1130 563 1193 eorpus
586 1113 745 1208 castigari,
773 1117 805 1172 et
831 1112 863 1170 in
886 1109 980 1171 servi·

64 1199 160 1255 tutem
183 1193 299 1336 rpidigi,
322 1202 354 1255 et
375 1214 497 1256 earnem
521 1213 590 1256 oum
613 1195 695 1256 vitirs
717 1195 780 1255 suis
805 1190 980 1254 mortificari

64 1286 96 1340 et
119 1279 199 1339 ornei
247 1279 264 1338 ⁹.

129 1364 179 1426 40.
202 1297 263 1421 831
286 1381 324 1422 es
345 1362 423 1441 legis
451 1379 565 1442 opero,
598 1362 794 1442 reputatione
816 1358 889 1436 Dei,
919 1378 981 1419 non

63 1443 216 1586 inalbentur
244 1464 299 1525 pro
329 1444 473 1526 operibus
506 1444 601 1526 legis,
637 1444 757 1505 etiamsi
772 1447 895 1505 'nature
922 1445 982 1503 sint

65 1527 150 1589 taio.

127 1613 177 1673 41.
200 1610 285 1671 Siout
305 1610 455 1691 reliquum
477 1611 508 1670 in
532 1627 624 1670 earne
644 1614 807 1690 peoootum
836 1611 868 1670 et
889 1628 981 1685 mors,

65 1693 262 1775 reputatione
295 1693 367 1771 Dei,
403 1712 466 1755 uon
499 1690 652 1754 habentui
686 1711 742 1775 pro
782 1694 918 1773 peoootie
951 1700 982 1773 et

66 1782 176 1853 morte,
199 1777 319 1836 etiamsi
341 1780 402 1837 sint
424 1784 531 1837 netum
552 1775 635 1838 tolie.

127 1861 178 1923 42.
200 1860 326 1941 Proprie
348 1879 422 1921 vero
445 1860 497 1921 lex
519 1866 550 1920 et
582 1878 679 1940 opero
701 1858 779 1940 legis
801 1858 884 1939 opud
906 1859 981 1919 Peu-

65 1943 128 2003 lum
152 1951 231 2019 sunt,
254 1942 305 2003 ubi
328 1940 470 2004 voluntas
483 1943 618 2003 humano
633 1950 787 2023 operatur,
809 1944 876 2003 sine
893 1962 983 2024 repu-

65 2027 184 2087 tatione
206 2026 273 2105 Dei,
297 2045 351 2087 seu
374 2032 461 2087 extro
480 2025 632 2088 Christum
654 2025 900 2107 propitiatorium
924 2045 983 2086 no-

65 2118 171 2171 strum.

128 2193 178 2257 43.
200 2191 345 2254 Libenter
360 2199 462 2254 eutem
480 2191 581 2274 legem
605 2195 637 2255 et
652 2211 749 2273 opero
764 2192 852 2274 legis,
876 2198 907 2253 et
920 2212 982 2252 non

66 2294 162 2358 opere
184 2276 316 2336 hominis
338 2295 393 2337 seu
407 2277 534 2337 rationis
556 2283 659 2358 vocet,
681 2283 714 2337 ut
736 2275 880 2338 ostendat
902 2295 984 2357 mag·

66 2359 235 2420 nitudinem
259 2361 380 2440 peooati
402 2365 433 2420 et
454 2360 553 2421 morbi
575 2361 681 2421 nostri.
975 2434 977 2439 Ι

18 2480 24 2493 ·
125 2442 176 2504 44.
196 2439 352 2521 Siquidem
375 2441 470 2503 homo
493 2461 557 2503 non
580 2442 679 2503 solum
703 2443 779 2503 nihil
793 2449 898 2524 potest
919 2444 983 2517 spis

65 2526 181 2587 viribus
204 2525 243 2587 ud
265 2527 411 2587 iustitium
434 2544 537 2586 eorem
560 2526 645 2604 Deo,
667 2525 724 2586 sed
746 2528 839 2589 etiem
861 2526 982 2587 adiutus

64 2609 135 2691 lege
148 2607 292 2687 docente,
315 2616 346 2670 et
358 2607 502 2689 operibps
512 2628 569 2691 per
582 2609 683 2690 legem
696 2611 835 2688 extortis,
849 2609 985 2671 deterior

62 2693 204 2755 efficitur.

126 2778 177 2841 45.
200 2776 335 2854 Summa,
359 2776 494 2837 omnium
513 2776 671 2837 hominum
692 2794 787 2856 opero
809 2782 880 2836 sunt
903 2776 983 2841 mala

61 2871 94 2922 et
117 2862 243 2937 vitiosa,
273 2860 328 2921 sed
350 2863 498 2920 iustorum
521 2868 593 2922 sunt
613 2863 777 2940 reputante
800 2859 867 2920 Deo
890 2859 982 2941 bono,

61 2947 228 3025 impiorum
252 2953 323 3004 sunt
345 2952 454 3005 natura
476 2943 569 3005 mala.
959 2940 961 2945 ’
