2346 4208
277 297 329 350 pro
347 281 548 337 Laborantibus
567 287 595 337 at
613 282 747 336 oneratis.
917 278 979 344 133

55 471 209 532 sissimam
230 471 325 531 vitam
348 476 486 531 nostram
509 491 543 531 se
565 470 679 531 dimisit
692 472 733 548 ¹),
756 476 979 531 aenostrorum

55 559 254 636 peccatorum
277 572 410 633 poenam
432 555 549 634 recepit
570 555 602 614 in
625 574 674 632 se,
706 561 738 614 ut
766 573 824 614 nos
846 553 978 614 salvare·

55 657 139 715 mur,
160 637 239 697 sicut
259 636 333 697 dicit
345 636 417 700 Esa.
432 636 486 699 Ca.
509 640 568 702 43:
590 640 620 696 tn
643 639 779 718 peccatis
796 638 856 697 tuis
878 637 977 697 fecisti

56 739 107 781 me
128 720 279 799 laborare,
303 726 334 781 at
354 720 563 798 iniquitatibus
587 722 646 780 tuis
670 721 743 781 mihi
764 720 863 781 fecisti
884 739 982 800 nego«

56 805 131 865 tium
154 809 213 864 eto.

140 886 208 947 Hoc
229 892 291 946 tam
313 885 431 946 illustre
453 885 627 966 exemplum
651 888 675 946 si
694 905 785 966 quam
808 905 870 947 non
894 905 976 946 com·

56 976 172 1048 movet,
195 975 226 1030 et
247 969 394 1029 autoritas
416 968 509 1028 divini
538 969 674 1030 mandati
707 969 810 1030 addita
839 971 977 1048 siquem

56 1073 119 1113 non
141 1052 271 1131 impellit
301 1051 339 1111 ad
370 1052 448 1112 haec
486 1053 620 1112 caritatis
654 1072 750 1133 opera
783 1053 979 1133 praestanda,

55 1155 116 1197 nae
137 1135 191 1196 ille
213 1136 321 1195 merito
342 1136 372 1193 in
396 1136 565 1195 novissimo
587 1135 701 1196 iudicio
731 1136 836 1198 audiet
867 1155 977 1196 vocem

56 1220 127 1280 irati
149 1217 273 1278 iudicis:
307 1218 335 1296 1,
364 1217 545 1295 maledicte,
567 1220 597 1278 in
616 1220 718 1300 ignem
741 1226 915 1297 aeternum,
936 1219 978 1278 fui

55 1304 138 1363 enim
160 1300 306 1376 infirmus,
329 1309 360 1361 et
381 1321 443 1361 non
467 1322 516 1361 me
540 1303 667 1362 visitasti
682 1303 732 1380 ²),
764 1302 818 1363 sed
842 1309 979 1363 extreme

55 1387 206 1466 ingratus,
227 1404 283 1464 pro
308 1386 433 1444 summis
457 1384 615 1445 benefieiis
641 1387 672 1444 in
697 1392 728 1446 te
751 1391 782 1446 et
803 1386 977 1445 universum

55 1467 201 1528 mundum
224 1487 244 1527 a
265 1486 315 1527 me
336 1469 499 1547 impensis,
536 1488 576 1527 ne
604 1470 635 1527 in
665 1469 827 1528 levissimis
855 1467 977 1547 quidem

54 1550 166 1612 officiis
189 1550 314 1629 fratres,
347 1553 409 1610 imo
442 1569 491 1608 me
514 1550 664 1610 Christum
687 1551 784 1610 Deum
818 1560 853 1611 et·
872 1551 978 1612 Salva·

56 1644 154 1694 torem
177 1639 261 1693 tuum
284 1634 315 1692 in
337 1633 489 1709 fratribus,
512 1631 700 1693 sublevastis

140 1717 215 1777 Cum
239 1717 339 1796 igitur,
361 1717 564 1776 illustrissime
576 1717 730 1796 Princeps,
755 1715 876 1776 videam
892 1722 975 1776 tuam

55 1800 299 1862 dominationem
322 1801 407 1880 gravi
432 1799 539 1860 morbo
556 1800 586 1878 ³)
617 1818 813 1879 oppressam,
837 1806 868 1859 et
888 1798 978 1858 simul

55 1883 210 1944 Christum
243 1884 274 1942 in
309 1888 339 1943 te
360 1891 538 1962 aegrota-rc,
574 1884 747 1943 existimavi
781 1881 876 1943 officii
917 1883 978 1941 mei

54 1985 134 2043 esse,
156 1972 190 2025 ut
210 1965 313 2043 aliquo
345 1967 457 2044 scripto
493 1972 575 2025 tuam
598 1966 634 2027 D.
663 1967 827 2026 visitarem.
871 1964 978 2043 Neque

54 2050 137 2110 enim
160 2048 352 2108 dissimulare
376 2067 512 2127 possum,
535 2049 616 2129 quod
640 2068 702 2108 non
725 2049 845 2109 audiam
868 2067 978 2109 vocem

55 2132 169 2193 Christi
198 2151 237 2191 ex
266 2138 336 2191 tuae
369 2133 405 2192 D.
429 2151 558 2211 corpore
591 2142 622 2192 et
653 2152 744 2192 carne
771 2132 809 2191 ad
841 2150 890 2190 me
918 2131 978 2190 cla-

55 2217 168 2275 mantis
190 2234 228 2274 ac
249 2214 391 2274 dicentis:
422 2214 503 2274 Ecce
534 2215 670 2276 infirmor
697 2217 755 2275 hic.
805 2216 867 2274 Ista
896 2216 977 2273 enim

56 2298 154 2374 raaia,
184 2303 218 2358 ut
244 2304 315 2357 sunt
344 2299 442 2358 morbi
465 2306 496 2358 et
519 2299 597 2377 alia,
625 2319 686 2357 non
718 2319 774 2358 nos
804 2298 979 2373 Christiani,

55 2380 112 2441 sed
133 2382 200 2460 ipse
223 2380 359 2440 Christus
381 2382 531 2441 Dominus
560 2388 591 2441 et
621 2382 757 2441 salvator
791 2388 911 2451 noster,
947 2381 978 2440 in

55 2482 119 2544 qno
140 2465 280 2540 vivimus,
303 2465 423 2543 patitur.
479 2464 563 2524 Siout
591 2465 751 2524 manifeste
774 2464 911 2524 Christus
935 2470 979 2523 te·

56 2555 155 2608 statur
174 2549 205 2606 in
229 2546 408 2626 evangelio:
438 2545 592 2625 Quidquid
623 2548 748 2608 minimo
779 2568 817 2607 ex
840 2549 915 2607 meis
938 2547 979 2605 ie-

56 2631 169 2707 ceritis,
191 2630 264 2689 mihi
286 2630 426 2690 feceritis.
471 2628 536 2688 Etsi
569 2639 670 2689 autem
698 2631 759 2690 hoc
790 2629 924 2689 officium
948 2630 979 2688 in

55 2732 171 2794 genere
205 2712 344 2773 omnibus
381 2712 511 2772 adversa
555 2712 731 2777 valetudine
769 2712 980 2773 laborantibus

56 2796 240 2871 debeamus,
263 2802 296 2855 ut
317 2814 371 2855 eos
395 2796 552 2855 visitemus
582 2803 613 2855 et
640 2795 852 2870 consolemur,
882 2796 980 2875 magis

56 2887 159 2940 tamen
201 2878 230 2937 id
285 2877 431 2938 debemus
473 2878 649 2939 domesticis
693 2877 774 2938 fidei.
829 2879 905 2937 Nem
951 2886 981 2937 et

56 2963 169 3022 Paulus
203 2962 285 3021 clare
314 2960 488 3041 distinguit,
522 2963 600 3020 inter
628 2962 747 3021 alienos
777 2969 808 3020 et
837 2961 980 3021 domesti-

58 3064 129 3122 cos,
153 3064 204 3104 sen
229 3046 335 3123 aliqua
357 3044 583 3106 necessitudine
605 3045 763 3104 nobiscum
790 3047 981 3118 coniunctos,

57 3127 147 3188 Gala.
169 3132 197 3191 ὁ.

141 3210 202 3270 Sed
232 3210 332 3270 habeo
365 3229 487 3289 quoque
522 3211 598 3271 alias
629 3213 689 3270 mei
718 3210 813 3270 officii
835 3211 981 3269 rationes.

55 3294 200 3374 intelligo
224 3295 305 3352 enirn
329 3314 378 3353 me
400 3300 544 3371 tanquam
569 3314 661 3353 unum
686 3313 725 3352 ex
748 3294 875 3353 subditis
893 3292 927 3352 Τ.
944 3292 981 3350 D.

58 3397 120 3438 una
150 3396 218 3436 oum
253 3376 371 3455 reliqua
404 3383 522 3436 tuorum
566 3377 755 3437 subditorum
787 3374 979 3435 multitudiue

60 3460 169 3521 morbo
193 3468 263 3519 tuae
286 3459 322 3518 D.
345 3458 426 3518 affici
452 3459 578 3536 debere,
612 3469 643 3520 et
670 3478 731 3518 una
759 3460 846 3540 quasi
875 3477 981 3539 aegro·

257 3583 497 3590 ...Ἦν-.-

140 3649 170 3716 1)
194 3647 223 3700 In
244 3647 285 3700 ed.
305 3649 379 3702 ten:
400 3648 518 3701 demisit.
557 3647 588 3716 2)
611 3646 693 3701 ibid:
723 3653 750 3700 et
776 3664 820 3700 me
847 3663 902 3700 non
923 3648 985 3698 visi·

58 3721 137 3774 tasti.
182 3721 212 3785 3)
233 3720 299 3773 lbid.
330 3720 471 3776 additum:
493 3735 563 3775 esse.
