2346 4208
385 276 456 331 xur.
476 275 511 332 as
528 274 784 347 pomae-rapas
981 272 1045 341 349

123 460 181 522 vis.
223 458 285 522 Sed
307 478 377 542 age,
402 459 570 541 videamus,-
594 478 686 541 quam
707 460 862 541 loqueatis
878 476 1044 542 personam

124 541 176 605 hic
196 562 296 605 novus
317 544 452 606 advehet
472 544 648 625 Scripturas
669 546 830 625 interpres.

210 643 370 706 Scribebat
392 644 472 705 euim
496 644 666 726 Apostolus
688 642 817 705 subditis
839 645 915 724 suis,
938 650 970 706 et
990 663 1046 706 sos

125 726 164 788 ad
188 728 330 788 meritum
352 727 532 789 humilitatis
554 727 755 808 provocabat.

210 827 262 890 Sic
283 826 380 890 habes
402 828 556 910 loquentis
585 847 767 911 personam,
802 833 834 888 et
865 844 970 889 eorum
1005 826 1044 888 ad

126 930 204 993 quos
226 911 357 992 scripsit,
380 910 413 972 id
435 918 491 991 est,
515 912 640 974 maioris
655 918 687 972 et
701 910 837 989 minoris,
860 906 971 972 delude
984 910 1044 972 vim

125 994 310 1074 locutionis,
344 1012 423 1076 quae
450 1004 498 1056 est
519 995 701 1077 provocatio
724 993 764 1056 sd
787 992 927 1056 meritum
948 992 1046 1057 huut-

124 1076 230 1141 litatis.
273 1077 359 1139 Haeo
380 1078 442 1140 ille.
1004 1090 1011 1099 ¹

209 1179 375 1261 Principio,
397 1176 471 1259 quid
488 1179 574 1259 uovi,
596 1197 723 1258 quaeso,
744 1178 823 1241 haec
846 1176 935 1241 effert
954 1178 1045 1241 iuter·

125 1262 280 1346 pretatis?
323 1261 398 1338 Quis
421 1281 555 1342 unquam
577 1263 729 1343 praecipit
756 1260 840 1343 aliis,
875 1269 928 1323 aut
955 1260 1048 1327 docet

127 1347 226 1426 alios,
248 1364 340 1426 quam
361 1344 501 1409 subditos
523 1345 616 1407 suos?
659 1343 740 1420 Quid
771 1363 847 1427 ergo
875 1344 1049 1407 uecemaria

126 1438 174 1493 est
202 1427 360 1492 distinctio
409 1448 604 1508 ersouarum,
638 1427 677 1490 ad
699 1426 934 1509 intelligendum
966 1426 1048 1491 huuc

126 1513 228 1575 solum
250 1512 352 1575 locum
400 1513 472 1592 etri,
505 1532 580 1593 prae
608 1513 717 1573 ceteris
742 1508 898 1590 eiusdem,
930 1519 962 1573 et
984 1530 1048 1576 om·
1132 1572 1135 1578 .

126 1597 210 1659 uium
244 1595 406 1658 doctorum
441 1594 618 1676 scripturis?
679 1595 728 1655 An
767 1594 798 1657 iu
833 1592 943 1657 celeris
979 1594 1048 1659 sair

129 1679 184 1742 diti
207 1679 322 1741 docent
355 1679 505 1758 maiores,
539 1678 680 1759 discipuli
714 1679 907 1761 magistrum,
937 1685 1047 1759 gentes

128 1762 326 1845 apostolum?
370 1762 503 1841 Varum,
526 1762 570 1823 sio
593 1768 717 1843 oportet
736 1760 832 1842 loqui,
854 1779 894 1822 ne
915 1767 1053 1839 tarem.

130 1847 182 1927 qui
204 1847 253 1908 vel
275 1845 442 1926 pessimam
465 1865 589 1907 causam
613 1852 748 1924 tuentur,
781 1844 832 1906 vel
856 1844 956 1927 ignari
977 1850 1049 1907 sun't

127 1930 282 1991 literarum
307 1947 472 1990 sacrarum.
515 1928 606 1990 Fallit
635 1936 738 1990 autem
760 1926 844 1990 lruuo
864 1925 1047 2006 locuturam,

128 2012 211 2093 quod
234 2011 329 2074 verba
349 2012 432 2073 Petri
459 2013 579 2074 iuterim
603 2013 766 2075 arbitratur
797 2029 867 2073 esse
899 2011 972 2073 iuris
1000 2012 1047 2073 aui

127 2095 263 2175 humaui,
286 2095 316 2156 in
339 2095 449 2175 quibus
471 2095 638 2176 aliquando
669 2096 802 2156 maiores
826 2099 963 2157 statuunt
990 2113 1046 2176 pro

128 2180 306 2240 inferiorum
329 2178 438 2257 salute,
462 2198 541 2259 quae
565 2180 650 2260 ipsos
673 2198 736 2240 non
764 2184 901 2260 tangunt.
945 2178 1048 2259 Atque

128 2263 189 2323 hoc
211 2263 352 2324 nimirum
377 2269 440 2338 est,
470 2261 553 2343 quod
577 2282 616 2323 ex
638 2262 742 2323 divino
777 2265 943 2343 praecepto
965 2258 1049 2323 Petri

127 2346 217 2408 nobis
240 2346 404 2409 consilium
426 2346 508 2424 lacit,
532 2344 649 2423 diceus,
672 2366 740 2405 eum
766 2364 956 2425 provocasse
977 2342 1048 2406 sub-

128 2429 210 2492 ditos
232 2428 272 2489 ad
295 2429 507 2506 humilitatem,
530 2428 674 2489 videlicet
694 2447 757 2488 nou
770 2429 975 2509 praecepisse,
990 2446 1049 2489 uec

128 2514 336 2590 cousuluisse,
369 2512 423 2572 sed
447 2520 591 2592 tanquam
615 2511 653 2572 ud
676 2510 855 2572 humilitatis
888 2531 1047 2591 superero·

128 2606 234 2678 gutum
260 2602 310 2671 (ut
332 2603 463 2675 vocent)
490 2596 629 2655 meritum
652 2613 850 2674 provocasse.
882 2594 971 2655 Hanc
992 2596 1048 2655 sci-

128 2681 201 2741 licet
224 2680 284 2738 vim
306 2680 336 2739 in
362 2679 518 2741 locutione
536 2680 591 2739 Dei
608 2679 768 2738 inveniunt
780 2684 920 2756 pastores
934 2679 1049 2754 ovium,

129 2783 198 2824 cum
221 2763 327 2822 Petrus
349 2762 528 2843 praecipiat,
551 2768 748 2841 praeceptum
774 2760 909 2820 divinum
939 2766 971 2823 st
997 2781 1048 2823 ue·

128 2848 295 2909 cessarium
318 2842 455 2906 addens:
478 2845 528 2907 sio
549 2852 597 2905 est
620 2844 761 2905 voluntas
783 2843 850 2904 Dei.

212 2948 382 3026 Sequemur
405 2957 506 3007 tamen
529 2965 653 3006 sensum
676 2946 751 3024 eius,
775 2945 825 3024 qui
848 2954 904 3020 est,
927 2943 986 3004 huo
1003 2944 1048 3007 lo-

128 3033 260 3094 cutionis
288 3031 317 3089 vi
351 3030 502 3090 distinctis
536 3030 692 3109 personis,
728 3047 790 3088 non
814 3028 951 3103 Petrum,
984 3047 1048 3090 uon

129 3133 326 3178 successores
348 3114 423 3189 eius,
446 3133 508 3174 non
531 3121 666 3174 rectores
689 3112 719 3171 in
737 3109 885 3188 ecclesia,
907 3109 962 3171 sed
980 3110 1049 3173 sub·

129 3201 210 3262 ditos
233 3203 349 3258 tantum
372 3197 535 3276 provocari
557 3197 596 3257 ad
619 3195 851 3256 subiectionem.
884 3193 1048 3257 Videamus

129 3284 202 3366 quid
225 3288 379 3360 sequatur.

213 3383 331 3460 Primo,
365 3382 471 3441 Petrus
493 3386 526 3440 et
559 3380 722 3459 pontifices
759 3386 830 3439 sunt
860 3377 995 3459 exempti
1031 3398 1050 3440 a

130 3471 297 3551 praecepto
309 3465 377 3542 Dei,
401 3483 464 3525 non
486 3463 577 3523 decet
599 3481 654 3526 eos
678 3462 804 3523 obedire
821 3462 901 3541 Deo,
923 3460 978 3522 sed
1000 3480 1048 3525 so-

128 3553 177 3616 los
200 3550 349 3611 subditos.
382 3549 423 3608 llt
441 3567 509 3608 cum
532 3547 578 3607 ius
602 3566 657 3607 seu
679 3545 805 3607 verbum
829 3545 963 3606 divinum
986 3563 1050 3607 om-

130 3636 219 3698 nibus
260 3631 462 3714 praefigatur,
502 3631 621 3710 magnis
653 3636 684 3690 et
718 3630 836 3708 parvis,
870 3628 1049 3707 nullumque

130 3722 212 3781 sinat
233 3724 411 3796 exceptum,
446 3714 584 3774 notarius
606 3720 709 3774 tamen
732 3712 835 3792 Papae
862 3718 1049 3792 potestatem

130 3803 225 3866 habet
246 3801 400 3880 excipere,
423 3816 501 3879 quos
523 3796 617 3858 volet
658 3797 706 3858 lta
726 3793 830 3875 vides,
862 3814 917 3880 psr
938 3795 1054 3857 llecre-
