2346 4208
120 255 164 322 56
332 256 489 323 Disputatio
513 255 622 323 lipsiae
639 255 733 307 habita
753 269 777 306 a.
799 250 851 304 xlx

124 443 226 520 bavit,
254 442 287 502 B.
310 442 431 502 Petrum
454 442 627 521 apostolum
657 460 720 502 non
748 440 816 521 plus
838 441 931 500 fuisse
954 446 1046 519 oaput

125 526 295 600 Eoolesiaa
316 544 405 604 quam
429 525 508 585 alios
530 524 702 604 apostolos
725 523 770 583 lta
786 523 881 604 longa
894 523 981 583 serie
1002 525 1045 582 in-

126 608 271 688 cipiendo
293 627 312 668 a
334 608 488 687 primitiva
512 606 664 684 eoolssia³
692 626 820 686 semper
840 609 869 666 in
891 606 1045 675 ‚confesso

123 692 179 752 luit
214 691 296 771 apud
328 690 429 751 bonos
459 690 650 751 Christianos
679 689 841 750 eoolosiam
874 689 1045 750 Romanam

125 777 288 855 primatum
313 774 483 834 obtinuisse
505 793 524 834 a
541 773 673 852 Christo,
694 792 757 833 non
779 774 844 832 inre
864 772 998 832 humano
1016 780 1048 832 et

125 857 231 938 populi
252 857 416 918 oolrsensu.

208 940 333 1017 Fateor,
363 939 444 1020 quod
467 939 596 1000 Bohsmi
623 940 653 999 in
677 957 800 999 suorum
823 957 959 999 errorum
982 957 1047 1018 per·

108 1025 218 1099 ¹tinaoi
247 1022 426 1084 defensione
452 1023 506 1082 illa
527 1032 785 1098 commemorant,
819 1030 850 1083 et
877 1022 924 1082 his
955 1022 1080 1092 arm-is,

125 1106 285 1167 virulentis
307 1125 343 1166 sa
365 1105 542 1180 defendunt,
564 1116 596 1166 ut
620 1113 667 1165 est
687 1105 793 1167 videre
814 1107 844 1164 in
868 1104 1048 1165 eorum'ob·

125 1190 241 1250 latione
263 1189 345 1249 fasta
366 1191 396 1249 in
419 1189 552 1249 oonsilio
571 1189 798 1263 Basiliensi‚et
786 1190 846 1247 tin
864 1189 926 1248 alia
947 1187 1047 1283 dispu-

126 1274 244 1334 tatione
264 1272 326 1331 faot
315 1281 347 1331 to
367 1290 471 1333 ooram
494 1271 581 1351 Rege
611 1282 641 1331 ot
663 1271 861 1368 optimatibus
895 1271 983 1352 regni
1006 1271 1047 1329 in-

126 1365 173 1416 ter
196 1355 372 1435 Bergusium,
396 1361 427 1415 et
447 1354 533 1414 illum
556 1355 724 1434 iniquitatis
746 1356 915 1415 ministrum
935 1354 1049 1414 lohan-

126 1458 196 1499 nem
220 1438 487 1499 Rookennoenam.
531 1435 619 1498 Unde
652 1439 794 1498 veniam
789 1456 919 1517 prooor
950 1456 971 1496 a
1000 1454 1049 1497 va·

126 1521 264 1583 norando
281 1522 382 1595 Patre,
404 1522 428 1579 si
452 1520 595 1579 Bolremis
621 1519 700 1600 (non
722 1521 834 1600 loquor
854 1520 892 1580 de
904 1520 1049 1580 Christro

126 1606 183 1682 nis,
205 1604 259 1665 ssd
283 1604 436 1663 sohismat
417 1604 501 1670 trois)
529 1623 594 1663 sum
618 1603 760 1679 infestus,
783 1612 927 1682 tanquam
953 1602 1049 1663 soalo-

126 1688 191 1748 siae
211 1687 352 1760 inimiois,
375 1696 406 1746 et
425 1685 508 1764 quod
530 1704 635 1746 eorum
664 1688 819 1766 praesenti
838 1705 962 1746 'memor
983 1705 1048 1745 sum

83 1798 85 1802 ³
126 1770 343 1851 disputatione,
367 1770 513 1864 quoniam
536 1784 567 1829 et
578 1769 736 1830 oonolusio
748 1771 825 1850 ipsa
849 1777 881 1829 et
901 1789 948 1842 ea,
970 1787 1049 1848 quaa

125 1853 191 1914 heri
212 1852 307 1912 allata
335 1860 424 1928 sunt,
454 1852 616 1930 primatum
649 1853 835 1914 ecelesiae
827 1871 892 1913 rure
912 1851 1072 1920 humano,

126 1937 343 2005 oonstitutum
367 1953 436 1994 meo
460 1943 611 2013 parvoet
599 1936 704 1996 texili
725 1935 856 2011 iudioio,
886 1934 1048 2015 plurimum
1084 1991 1090 2011 x

126 2011 233 2079 lavoirt
247 1976 401 2078 erroribus
414 2035 542 2093 eorum,
553 2028 592 2094 et,
615 2029 647 2078 ut
669 2020 751 2078 fama
769 2026 824 2091 est
848 2018 887 2078 de
902 2017 965 2077 hoo
985 2015 1049 2096 plu-

124 2103 234 2162 rimum
254 2099 455 2180 gratulantur.
476 2100 562 2160 Haeo
584 2101 727 2162 modom
744 2102 920 2180 praesentia
940 2099 1050 2159 afferre

129 2183 219 2259 libet,
249 2183 407 2242 auditurus
438 2183 598 2244 reverendi
620 2184 716 2244 Patris
754 2192 785 2244 et
812 2183 996 2244 sententiam
1021 2193 1050 2243 et

127 2266 322 2346 alligatorum
345 2265 542 2328 solutionem.

458 2445 500 2506 Μ.
528 2445 729 2531 Lutherns.

209 2594 341 2657 Primum
364 2597 479 2658 diluam
502 2598 736 2674 contumeliam5
774 2598 855 2677 quod
885 2619 934 2659 mo
966 2620 1050 2681 egre·

128 2680 197 2760 gius
220 2679 256 2738 D.
280 2679 397 2741 Dootor
424 2682 581 2741 insimulat
602 2681 787 2742 Bohemioae
821 2683 963 2741 factionis
992 2691 1049 2743 stu-

127 2761 248 2823 diosum
274 2769 305 2820 et
316 2763 409 2842 plane
430 2772 603 2844 patronum,
626 2764 770 2843 paroatei
783 2764 942 2839 Dominus,
964 2784 1049 2844 prae-

128 2844 232 2905 sertim
256 2845 285 2902 in
309 2852 395 2905 tanta
417 2866 532 2907 corona
554 2853 707 2907 tantorum
721 2847 865 2906 virorum.
887 2847 1048 2926 Nunquam
1071 2886 1083 2895 -

128 2927 199 2987 mihi
221 2926 336 3005 plaouit
356 2948 415 2989 neo
435 2931 466 2989 in
489 2936 645 2990 aeternum
680 2928 814 3008 placebit
844 2929 1050 3010 quodcunque

125 3010 260 3069 sohisma
282 3011 385 3090 inique
407 3012 524 3091 iaciunt
545 3011 699 3088 Bohemi,
723 3012 805 3090 quod
828 3031 862 3072 se
884 3014 1048 3073 autoritate

126 3093 251 3172 propria
273 3102 419 3188 separant
439 3115 459 3154 a
479 3104 585 3154 nostra
607 3095 741 3167 unitate,
764 3096 883 3154 etiamsi
905 3097 951 3155 ius
974 3095 1048 3156 divi·

125 3195 198 3234 num
219 3176 336 3254 prosis
357 3183 468 3237 staret:
498 3195 565 3236 oum
589 3186 760 3255 supremum
783 3179 830 3236 ius
852 3178 988 3237 divinum
1011 3180 1050 3238 sit

125 3260 236 3324 paritas
260 3265 290 3318 ot
311 3261 411 3319 unitas
434 3261 566 3354 spiritus

200 3339 275 3403 Ηοο
308 3360 367 3423 ogo
401 3342 537 3421 quaesivi
560 3342 676 3418 solum
712 3349 742 3402 et
770 3361 848 3423 rogo
880 3336 1049 3422 quemlibet

125 3421 235 3485 bonurn
252 3423 465 3494 Christianum
488 3423 594 3503 dignot
595 3443 630 3484 ur
582 3424 817 3486 tChristiana
833 3427 959 3486 caritate
983 3446 1048 3506 per-

124 3505 275 3583 pendere
308 3526 346 3566 an
364 3521 431 3566 non
455 3507 494 3567 sit
521 3507 614 3587 longe
634 3508 948 3588 impudentissimae
940 3509 1049 3588 iniqui·

32 3600 34 3604 ⁴
124 3589 257 3664 tatis,t
244 3588 406 3649 tmotillia
429 3597 592 3681 martyrum
616 3597 647 3649 et
669 3589 763 3650 Sanot
752 3597 849 3652 torum
871 3610 926 3671 per
947 3611 1047 3653 annos

124 3670 206 3730 mille
236 3607 275 3730 ei)
298 3671 572 3767 quadringentos
564 3693 595 3732 ιιι
623 3692 735 3752 graeoa
770 3674 902 3734 ecelesia
923 3673 1046 3735 habitos

123 3759 211 3812 extra
223 3751 423 3815 eoolesiam
397 3755 519 3833 eiicere,
532 3760 562 3815 et
577 3773 659 3814 nuno
670 3754 792 3816 demum
809 3757 900 3817 suam
916 3776 1046 3838 regnan·
