2346 4208
125 252 187 320 ΜΒ
354 257 464 313 Tassat.
487 257 597 311 Consul.
618 258 649 311 D.
670 256 705 312 ii.
724 258 837 333 liutheri

124 442 227 503 lloses
248 444 350 504 iussus
377 451 425 505 est
447 446 568 506 mittere
595 445 625 504 in
648 463 746 522 aquas
766 442 904 515 Maratb,
935 442 1044 520 idest,

125 545 246 586 amaras
268 530 440 607 passiones,
463 536 494 588 et
515 528 620 588 dulces
642 529 743 589 faciae
763 528 842 589 sunl.

207 610 289 670 Nihil
311 610 455 688 estquod
479 612 556 672 baec
577 613 680 691 passio
704 630 764 672 uon
779 610 930 685 dulcoret,
954 609 1043 669 etiam
1090 680 1093 684 Α

122 701 268 767 mortem,
306 696 385 754 siout
423 694 498 755 dicit
530 714 646 775 sponsa
664 692 711 768 *):
753 694 848 755 Labia
883 693 949 752 eius
982 690 1046 754 lilia

123 773 269 837 stillantia
290 778 443 858 myrrham
459 780 599 858 primam.
634 777 722 852 Quae
739 777 900 858 proportio
911 773 1043 835 liliorum

123 864 155 920 et
182 858 348 936 labiorum,
380 880 448 921 oum
478 863 555 922 haec
586 860 715 922 rubeant
752 867 785 922 et
805 859 859 920 illa
890 856 1044 919 albicent?

121 942 234 1021 Utique
257 946 387 1024 mystica
408 944 559 1023 loquitur,
594 944 676 1023 qnod
705 943 799 1004 verba
827 940 1046 1003 candidissima

121 1027 183 1086 sint
205 1033 236 1086 et
258 1028 435 1106 purissima,
469 1030 500 1088 in
531 1028 641 1107 quibus
671 1027 744 1088 nihil
768 1033 915 1087 cruentae
936 1024 1047 1085 amaris

122 1108 236 1169 tudinis
259 1118 312 1170 aut
332 1110 455 1190 livoris,
477 1111 531 1172 sed
554 1113 662 1172 suavia
683 1118 713 1172 et
735 1112 838 1184 mitia,
869 1106 982 1186 quibus
1003 1115 1045 1167 ta·

121 1211 192 1252 men
215 1193 309 1253 stillet
331 1214 368 1252 sc
390 1194 574 1273 persuadeat
606 1196 735 1274 primam
757 1201 789 1254 et
811 1192 944 1253 electam
967 1210 1044 1270 mys·

122 1275 227 1353 rbam,
248 1276 279 1335 id
302 1283 358 1351 est,
381 1280 602 1338 amarissimam
626 1284 765 1339 mortem.
809 1275 953 1335 Potentia
976 1277 1046 1335 suut

121 1357 200 1418 baec
230 1361 393 1438 purissima
412 1360 493 1421 labia
518 1381 556 1421 ao
588 1360 782 1435 dulcissima,
820 1358 1045 1419 amarissimam

121 1448 272 1519 mortem,
306 1462 385 1521 quae
419 1445 514 1517 (sicut
541 1445 639 1524 prima
661 1443 802 1524 myrrha)
827 1459 953 1502 omnem
975 1457 1043 1520 pec

120 1527 179 1584 eati
201 1532 342 1604 putorem
365 1528 463 1590 semel
486 1527 581 1603 tollit,
611 1527 747 1605 dulcem,
772 1524 921 1601 nitidam,
942 1521 1044 1584 caudi

121 1607 202 1682 dam,
224 1610 510 1690 acceptabilemque
531 1609 670 1672 reddere.
720 1653 723 1657 «

205 1690 370 1767 Quomodo
392 1693 445 1754 liet
466 1693 549 1754 hoc?
582 1693 702 1773 Nempe
735 1691 805 1751 dum
834 1689 922 1751 audis
945 1688 1046 1757 lesum

122 1774 274 1836 Christum
288 1776 395 1836 Filium
408 1778 466 1838 Dei
487 1797 544 1837 suo
557 1778 751 1837 sanctissimo
775 1779 919 1834 contactu
936 1791 1045 1833 omnes

124 1860 300 1940 passiones,
343 1862 441 1940 ipsam
481 1860 560 1920 adeo
601 1866 730 1921 mortem
766 1874 972 1918 consecrasse
1008 1873 1045 1916 aa

122 1941 349 2020 sanctificasse,
388 1943 636 2004 maledictionem
666 1940 881 2017 benedixisse,
914 1938 1044 2019 ignomi-

121 2026 203 2084 niam
226 2024 427 2106 glorificasse,
450 2033 661 2106 paupertatem
686 2025 817 2086 ditasse:
840 2025 884 2084 ita
905 2029 941 2083 ut
963 2040 1045 2083 mors

121 2109 203 2168 vitae
225 2110 326 2185 ianua,
348 2109 523 2170 maledictio
546 2109 770 2170 benedictionis
794 2108 893 2187 origo,
913 2105 1044 2186 ignomi

95 2239 96 2242 η
121 2191 173 2250 nia
199 2190 317 2271 gloriae
346 2212 457 2272 parens
488 2212 556 2253 esse
584 2199 742 2272 cogantur.
792 2190 853 2250 lam
885 2186 1044 2268 quomodo

121 2280 211 2355 potes
241 2294 310 2334 esse
342 2282 402 2334 tam
424 2275 515 2335 durus
538 2284 570 2337 et
590 2279 745 2357 ingratus,
780 2275 829 2354 qui
863 2291 926 2332 nou
953 2272 1044 2331 etiam

122 2362 211 2435 optes
234 2364 265 2417 et
286 2356 396 2439 diligas
427 2360 586 2419 universas
608 2359 786 2439 passiones,
815 2355 928 2416 Christi
951 2354 1044 2435 puris·

121 2440 214 2514 sima,
237 2442 431 2501 sanctissima
454 2462 545 2502 carne
568 2449 599 2502 et
620 2442 769 2521 sanguine
792 2441 911 2517 tinctas,
936 2438 1045 2498 sancti·

120 2520 237 2665 licpgas,
261 2525 413 2602 innoxias,
436 2525 603 2603 salutares,
634 2523 829 2600 benedictas,
858 2521 969 2582 beatas
994 2519 1045 2581 tibi

121 2625 153 2666 re
198 2607 267 2669 itas.

204 2689 338 2751 sienim
363 2698 445 2751 tactu
474 2711 549 2752 suae
571 2690 789 2751 mundissimae
811 2688 911 2748 carnis
937 2703 1046 2748 omnes

120 2791 216 2851 aquas
239 2773 443 2834 sanctificavit
465 2775 503 2834 ad
516 2775 712 2854 baptismum,
735 2774 797 2833 imo
813 2789 937 2830 omnem
962 2785 1045 2831 crea

120 2861 233 2931 turam,
262 2865 376 2936 quanto
401 2859 498 2938 magis
520 2864 602 2918 tactu
626 2856 763 2917 eiusdem
787 2873 860 2915 suae
883 2852 1046 2914 mundissi-

121 2957 190 2999 mae
225 2943 324 3000 oarnis
353 2949 384 3001 et
406 2942 562 3021 sanguinis
592 2939 727 3002 omnem'
757 2944 902 3012 mortem,
937 2954 1046 2997 omnes

120 3024 293 3101 passiones,
317 3044 425 3085 omnes
447 3026 582 3102 iniurias,
606 3020 896 3087 omniamaledicta,
919 3036 1045 3081 omnem

119 3104 322 3186 ignominiam
345 3107 548 3169 sanctificavit
576 3108 614 3168 ad
637 3107 820 3187 baptismum
845 3103 972 3182 spiritus
994 3121 1045 3163 seu

120 3190 299 3269 sanguinis?
322 3190 406 3251 Sicut
428 3191 502 3251 dicit
523 3191 562 3251 de
580 3191 690 3251 eodem
713 3188 866 3269 passionis
889 3185 1045 3266 baptismo

119 3272 190 3334 Luc.
220 3275 270 3334 12:
308 3274 466 3354 Baptismo
500 3275 600 3334 babeo
624 3273 787 3354 baptisari,
821 3278 853 3330 et
887 3269 1045 3347 quomodo

120 3362 260 3430 coartor,
281 3356 382 3417 donec
405 3357 587 3436 perficiatur.
630 3357 736 3432 Vides,
759 3360 906 3433 quantum
928 3360 1046 3413 0081‘b8·

120 3445 180 3516 tur,
200 3458 291 3517 quam
314 3440 455 3515 anhelat,
479 3459 569 3519 quam
592 3442 655 3500 sitit
676 3438 839 3520 passiones
861 3443 893 3496 et
914 3443 1044 3498 mortam

121 3521 313 3583 sanctificare
349 3531 379 3583 et
407 3523 556 3584 amabiles
586 3523 722 3586 reddere.
767 3519 852 3579 Vidit
874 3520 956 3578 enim
980 3538 1045 3604 pas·

126 3697 374 3706 ——-----———-

194 3783 224 3846 ‘l
247 3779 327 3836 Cant.
347 3783 373 3839 5.
