2346 4208
119 270 183 341 312
348 270 489 327 Resoll.
510 285 594 340 snper
610 269 804 340 Propositlona

203 456 319 518 Verum
341 465 377 520 ut
404 459 582 538 opinionem
605 458 792 519 annuariam
813 456 939 540 penitus
957 456 1029 539 iugr-

122 539 234 618 lomus,
270 560 344 622 age,
378 541 403 602 si
427 543 487 603 ista
507 542 615 603 verba:
653 541 722 602 Tibi
750 540 831 603 dabo
855 539 962 603 claves
980 544 1030 603 etc.

122 622 161 684 ad
182 622 304 684 Petrum
328 630 360 686 et
381 643 594 687 successorem
623 625 687 685 eius
709 626 881 706 pertinent,
914 640 1031 685 nessus

123 707 190 784 erit,
207 713 241 766 ut
262 714 294 767 et
316 708 536 790 praecedentia
558 716 589 770 et
610 709 782 788 sequentia,
803 726 842 769 sc
868 707 900 767 vi
922 712 1030 769 senten

121 790 183 850 tiae
204 790 411 869 cohaerentia,
433 791 472 853 ad
495 791 622 853 eosdem
642 792 824 872 pertineant
867 788 940 851 Non
960 788 1031 851 enirn

121 874 153 932 in
175 874 271 933 sacris
294 875 448 956 evangelii
471 874 571 937 verbis
593 874 775 936 admittendi
796 881 886 952 sunt,
913 873 965 952 qni
982 888 1031 953 pro

122 956 247 1018 arbitrio
264 975 373 1017 sensus
389 959 436 1018 sui
451 966 569 1039 partem
582 957 652 1034 hnc,
676 965 794 1038 partem
811 957 887 1018 illuc
899 958 1032 1037 torquant

123 1040 298 1119 etrapiunt,
321 1039 376 1100 sed
398 1060 437 1101 ex
452 1042 676 1122 consequentis
697 1060 806 1102 sensus
828 1047 861 1102 et
879 1037 1031 1102 verbcrnnr

123 1128 155 1182 et
170 1141 210 1181 ex
232 1123 467 1185 circumstantiis
480 1123 858 1205 intelligentioreserenda
879 1128 938 1202 est,
958 1122 1032 1183 iuxta

122 1204 230 1265 Hilarii
252 1204 480 1269 documentum.
538 1248 542 1255 -

205 1287 282 1349 Cum
308 1290 413 1369 itaque
434 1290 573 1353 Christus
609 1290 714 1351 claves
749 1287 885 1352 noluerit
911 1284 1029 1361 tradam

122 1371 180 1431 nisi
203 1371 286 1451 prius
309 1372 451 1434 omnibus
475 1372 632 1454 discipulis
652 1373 691 1434 dc
706 1373 754 1435 sui
775 1370 972 1434 confessione
986 1384 1028 1431 cx-

123 1453 268 1533 ploratis‚
298 1453 410 1516 deinde
431 1475 495 1517 non
519 1458 578 1517 nisi
597 1463 726 1536 eccepto
749 1465 780 1517 et
800 1453 974 1536 approbato
992 1470 1028 1513 rs

125 1555 242 1616 sponso
257 1537 348 1616 Petri,
371 1558 410 1599 ex
424 1540 722 1601 revelationePatris
740 1538 907 1619 loquentis,
928 1536 1027 1599 cluna

125 1626 183 1696 est,
206 1619 310 1680 claves
333 1638 396 1682 nom
419 1642 498 1700 esse,
520 1624 578 1683 nisi
601 1623 676 1701 eius,
700 1622 751 1701 qui
773 1621 843 1683 talis
864 1626 924 1698 est,
943 1616 1027 1700 qualis

124 1709 197 1763 tunc
217 1700 329 1764 Petrus
352 1705 417 1765 luit.
460 1706 530 1781 Quo
552 1703 921 1786 sequiturabsurdissima
940 1699 1027 1763 maur

123 1784 216 1863 ditas,
246 1786 328 1866 qnod
358 1788 457 1856 malus
486 1808 569 1869 papa
600 1788 650 1849 vel
678 1789 843 1868 episcopus
870 1803 934 1847 non
959 1786 1027 1845 esse

125 1887 206 1948 papa
227 1887 287 1929 nec
308 1871 490 1951 episcopus,
513 1873 583 1952 quia
606 1891 668 1932 non
690 1870 819 1931 haberet
840 1868 943 1948 iidem,
963 1882 1026 1949 quas

125 1952 283 2011 constituit
304 1960 501 2033 acceptorem
523 1955 665 2015 clavium.

184 2034 305 2095 Deinde
323 2038 468 2117 sequitur,
491 2042 722 2099 contratextum
737 2039 768 2097 et
782 2054 907 2097 sensum
929 2046 1040 2107 cornu,-

124 2116 207 2196 qnod
228 2136 287 2178 nec
301 2118 407 2180 Petrus
422 2120 526 2183 claves
539 2121 695 2200 acceperit
709 2126 763 2181 aut
778 2118 944 2179 retinuerit
964 2112 1027 2191 (ἐπὶ

123 2199 261 2260 Christus
283 2200 373 2280 dicit,
405 2203 488 2283 quod
518 2209 627 2284 portae
647 2203 735 2263 inseri
757 2220 821 2262 non
844 2199 1026 2281 praevaleant

122 2282 270 2343 adversus
292 2285 343 2345 vel
366 2287 527 2347 ecclesiam
549 2287 601 2348 vel
621 2284 725 2364 iidem,
747 2304 839 2364 quem
854 2282 1025 2344 sanamus

123 2366 229 2426 tenuit.
273 2366 314 2427 At
335 2375 443 2429 contra
465 2370 586 2430 Petrum
615 2368 788 2449 praevaluit
815 2367 910 2429 etiam
930 2360 1025 2427 ancilh

122 2449 256 2510 ostialia.
300 2449 331 2511 Si
354 2452 458 2530 itaque
480 2452 601 2514 illorum
623 2451 777 2513 sententia
799 2452 911 2529 staret,
940 2462 1025 2509 nec*

126 2532 207 2591 saria
229 2533 355 2594 omnino
385 2537 513 2613 sequela
549 2542 708 2614 sequetur:
741 2533 803 2593 Aut
823 2532 1026 2595 Romanosll

124 2632 232 2674 omnes
254 2616 417 2695 pontifices
440 2625 585 2699 oportere
607 2637 676 2679 esse
699 2622 842 2692 sanctos,
876 2622 910 2677 et
929 2612 1024 2689 haber!

123 2696 219 2757 Patris
236 2699 468 2779 revelationem,
490 2720 549 2762 nec
571 2719 640 2762 esse
656 2718 778 2760 carnem
803 2704 836 2759 et
850 2698 1025 2779 sanguinea,

124 2788 177 2840 aut
199 2800 253 2842 eos
275 2800 338 2842 non
361 2801 430 2844 esse
451 2783 606 2864 pontifics,
628 2802 686 2844 nec
707 2780 822 2843 habere
845 2781 959 2845 claves.
974 2774 1025 2839 ris

123 2863 231 2942 video,
260 2863 333 2944 quid
355 2873 463 2927 contra
484 2867 562 2927 haec
586 2867 645 2927 dici
664 2866 780 2946 possit,
804 2883 874 2925 curu
897 2868 958 2925 stet
976 2866 1023 2923 a·

123 2946 225 3006 clarus
250 2954 363 3026 textus,
386 2949 469 3028 qnod
492 2950 595 3011 claves
624 2955 695 3010 sunt
717 2947 808 3009 datae
836 2966 900 3007 non
921 2944 980 3007 nisi
997 2958 1025 3015 Ι,

122 3030 172 3108 qui
194 3049 317 3092 carnem
339 3038 370 3091 et
398 3034 580 3112 sanguinem
615 3052 679 3094 non
705 3030 805 3108 audit,
842 3029 899 3091 scd
920 3028 1025 3091 Patra!

122 3112 305 3191 coelestem,
338 3113 398 3175 hoc
421 3122 482 3193 est,
521 3123 660 3177 sanctum
682 3120 714 3176 et
733 3116 847 3174 iustum
869 3113 902 3173 in
924 3110 1024 3193 spirit!

124 3197 269 3274 Alioquin
293 3198 393 3258 omnis
415 3200 556 3279 pontifex
578 3206 625 3260 est
646 3205 788 3275 satanas,
821 3214 886 3257 non
917 3194 1023 3275 sapias·

123 3297 202 3358 quae
226 3279 281 3339 Dei
305 3285 384 3342 sunt.

205 3361 254 3438 st,
276 3363 302 3422 si
323 3362 385 3424 hoc
405 3362 543 3442 dicimus,
565 3364 625 3425 iam
643 3364 869 3425 haereticorum
891 3370 1022 3425 novara!

123 3452 153 3506 et
184 3446 380 3525 antiquorum
412 3447 644 3509 Donatistarum
678 3465 810 3508 errorem
844 3454 1022 3511 renovarunt

122 3529 173 3608 qui
198 3528 313 3588 malum
337 3531 517 3611 episcopum
541 3549 605 3590 non
627 3549 697 3591 esse
719 3530 902 3609 episcopum
924 3538 1021 3589 assu*

123 3617 220 3687 erunt,
243 3611 326 3690 quod
348 3613 428 3674 absit
449 3613 589 3690 anobis,
612 3613 664 3693 qui
681 3618 808 3673 sanctae
830 3612 972 3673 etiustse
987 3618 1019 3667 as

123 3694 236 3755 clasiae
259 3696 428 3756 ministrum
440 3697 566 3777 impium
590 3704 621 3756 et
641 3696 755 3756 malum
768 3713 838 3756 esse
855 3712 952 3774 posse
969 3702 1017 3751 ctu·

123 3776 253 3839 fltemur.
295 3778 344 3840 Ita
352 3777 397 3859 lit,
420 3779 559 3860 dumper
580 3778 660 3855 haec
679 3777 776 3841 verbs
796 3776 908 3841 volunt
928 3770 1020 3839 extu
