2346 4208
262 238 297 293 de
314 239 364 293 illu
384 239 484 293 Christi
502 238 591 295 disto:
613 238 697 306 Vade,
718 239 807 293 vende
831 245 883 296 eta.
976 238 1040 303 445

184 425 459 502 austerorum,
493 428 545 506 qui
578 427 609 487 in
649 444 743 487 eausa
764 427 822 488 Dei
844 446 907 489 nou
930 427 1039 488 dixerit

121 509 162 572 ad
185 529 235 588 se,
268 528 357 588 suos,
392 530 463 571 sua:
486 510 599 571 Nescio
622 529 695 589 vos,
731 529 794 571 nan
817 511 916 573 solum
939 511 1039 592 legem

120 595 239 676 primae
261 593 395 672 tabulae,
418 593 472 653 sed
495 612 553 654 nea
574 593 729 654 seeundae
750 600 863 655 servat.

184 678 235 740 29.
258 674 355 752 Quill
381 685 489 738 aoutra
504 677 602 737 Deum
622 677 735 738 iniuste
751 675 886 760 tenet2),
910 684 1041 739 vocante

121 760 227 821 tabula
248 761 356 843 prima,
379 759 462 839 quad
485 761 588 820 aDeo
611 760 714 842 habat,
738 768 769 821 et
789 763 869 822 iuste
891 759 1040 841 possidet,

121 844 332 925 praecipiente
354 843 459 904 tabula
481 843 628 906 secunda.

186 930 233 991 30.
258 926 355 987 Extra
376 945 500 987 eausam
530 926 734 987 confessionis
774 926 963 989 Christianus
995 935 1043 987 est

123 1011 198 1071 aivis
221 1009 309 1069 huius
333 1009 446 1086 muudi,
469 1010 585 1079 debens
604 1010 706 1070 facere
723 1010 854 1089 etferre,
877 1018 1045 1090 quaesunt

123 1112 198 1154 suae
221 1093 362 1170 civitatis,
384 1092 508 1167 iuxta³t
535 1092 668 1153 tabulam
691 1093 868 1155 sedandam.

186 1178 234 1239 31.
259 1175 289 1236 Si
313 1194 395 1236 nune
416 1177 493 1236 latro
522 1184 575 1236 aut
596 1175 642 1235 fur
665 1175 719 1235 tibi
742 1178 802 1236 vim
833 1176 959 1253 inferre,
993 1175 1046 1236 vel'

122 1259 217 1319 iurari
239 1258 341 1336 volet,
376 1277 414 1319 eu
443 1258 525 1338 quud
550 1267 582 1319 tu
605 1259 795 1319 Christianus
829 1278 878 1338 ss,
899 1259 950 1319 hia
971 1259 1043 1319 resi-

123 1341 265 1485 stenqipm
288 1349 336 1402 est
364 1341 470 1421 malo,
506 1343 533 1401 si
566 1342 612 1402 vis
650 1343 718 1422 pius
741 1343 816 1402 aivis
850 1360 920 1402 esse
954 1342 1043 1402 huius

124 1444 197 1485 mun
220 1445 238 1488 1.

188 1510 238 1572 32.
261 1507 340 1583 Quia
374 1509 453 1568 sieut
475 1508 672 1588 magistratus
693 1508 761 1587 ipse
793 1508 925 1586 resistit,
958 1509 1044 1568 euius

125 1591 294 1652 membrum
320 1610 362 1668 es,
385 1592 428 1650 ita
449 1592 599 1672 praecipit
621 1591 674 1651 tibi
696 1592 849 1669 resistere,
871 1592 982 1652 virtute
998 1609 1043 1652 se·

125 1674 247 1738 eundae
269 1673 403 1752 tabulae,
426 1674 474 1734 aui
498 1676 610 1734 teneris
634 1673 770 1735 obedire.

187 1760 237 1823 33.
259 1757 305 1817 lta
326 1758 350 1815 si
374 1757 451 1817 latro
474 1758 505 1816 iu
527 1758 637 1817 itinere
654 1764 685 1817 te
698 1756 840 1817 oauidere
854 1757 940 1818 volet
953 1775 1045 1836 prop-

125 1851 171 1904 ter
195 1838 363 1915 Christum,
394 1837 542 1901 debeata
565 1839 741 1918 defendere,
763 1840 882 1901 etiamsi
904 1839 1046 1900 occiden-

125 1927 182 1986 dus
205 1925 245 1983 sit
265 1922 327 1984 ille.

185 2007 234 2071 34.
257 2005 337 2081 Quia
358 2005 418 2065 seis
442 2007 651 2086 magistratum
672 2007 887 2086 praecepisse,
919 1994 1043 2067 latroni-

125 2093 182 2153 bus
217 2087 420 2149 resistendum
462 2096 493 2148 et
527 2108 600 2148 suos
629 2090 711 2150 aives
734 2087 944 2149 defendendos
967 2107 1048 2168 esse,

125 2175 187 2235 hue
208 2174 277 2254 ipsu
302 2170 409 2233 obedis
424 2179 486 2232 tam
501 2177 618 2252 primae
632 2191 724 2251 quam
739 2172 894 2233 secundae
911 2171 1043 2236 tabulae.

189 2257 238 2320 35.
261 2254 328 2315 Nee
350 2255 528 2332 auraudnm,
552 2258 578 2315 si
596 2255 759 2334 Christum,
782 2254 886 2336 idest,
910 2253 1044 2315 tabulam

125 2341 255 2422 primam
284 2337 481 2419 praetendat,
521 2357 589 2398 eum
627 2347 742 2399 eertum
771 2342 829 2416 sit,
868 2338 951 2418 quod
982 2358 1048 2415 non

125 2429 252 2505 propter
264 2421 427 2499 Christum,
448 2420 503 2481 sed
524 2428 651 2502 propter
664 2441 728 2482 rem
750 2429 834 2483 tuam
851 2429 882 2483 ts
904 2421 1046 2483 occidere

148 2513 264 2568 uaerat.
338 2552 341 2557 ,

126 2526 145 2588 q
190 2592 239 2653 36.
263 2588 294 2649 Si
316 2607 389 2650 vero
404 2588 609 2667 magistratus,
631 2589 698 2648 sive
708 2589 863 2668 profanus,
886 2591 951 2649 sive
965 2588 1049 2649 male

126 2673 321 2750 christianus,
343 2678 373 2731 te
396 2673 588 2751 persequitur
609 2679 735 2752 propter
757 2671 919 2752 Christum,
942 2672 1047 2732 omnia

129 2763 201 2818 sunt
222 2754 435 2834 relinquenda,
458 2754 629 2834 vendenda,
652 2754 819 2835 perdenda.

192 2843 241 2903 37.
261 2838 456 2919 Magistratus
479 2839 559 2898 enim
583 2857 643 2898 uuu
667 2840 714 2898 es't
734 2837 813 2899 latro
836 2845 889 2898 aut
905 2837 967 2921 fur,
1001 2857 1047 2897 ra·

126 2924 214 3005 piens
238 2941 364 3003 eorpus,
398 2941 541 2999 uxorem,
577 2922 706 3000 liberos,
743 2930 773 2982 et
800 2941 864 2982 rem
887 2922 1047 3001 privatam,

127 3005 182 3067 sed
205 3014 313 3066 eontra
335 3005 415 3065 fures
446 3014 477 3065 et
506 3006 640 3066 latrones
672 3005 878 3065 haecomnia
902 3003 1047 3067 defendit.

191 3090 240 3155 38.
264 3089 366 3164 Quare
389 3091 594 3169 magistratus,
617 3091 682 3149 sive
704 3089 840 3169 profani,
863 3088 929 3148 sive
951 3087 1047 3167 impii,

128 3195 191 3236 non
215 3179 285 3232 sunt
307 3179 414 3233 eontra
436 3193 513 3252 nos,
546 3175 599 3236 sed
623 3174 781 3235 nobiseum
817 3184 848 3234 et
869 3191 924 3253 pro
958 3170 1048 3233 nobis

130 3261 161 3320 in
186 3254 322 3317 secunda
344 3255 457 3320 tabula.

193 3343 241 3405 39.
265 3339 406 3419 Summa,
429 3343 645 3423 magistratus,
668 3340 866 3421 qualisqualis
889 3339 936 3416 sit,
960 3355 1048 3422 pras·

130 3427 204 3507 cipit
217 3443 340 3506 semper
362 3433 393 3485 et
414 3424 526 3505 ubique
547 3444 655 3505 panem
668 3425 782 3487 servari
804 3424 884 3484 iuter
901 3420 1049 3499 subditos,

128 3511 338 3587 euiuseunque
361 3509 423 3568 sint
443 3509 610 3589 religionis.

203 3692 234 3761 1)
254 3693 286 3744 lu
307 3690 350 3745 ed.
370 3692 455 3758 origr
486 3688 566 3754 Quia.
603 3685 635 3754 2)
658 3685 741 3740 ibid:
766 3687 873 3738 retinet.
910 3679 942 3748 3)
963 3678 1045 3732 ibid:

130 3764 292 3819 seeundum.
