2346 4208
359 280 363 287 '
411 289 442 328 -a
457 230 581 329 iloteriis
601 208 724 346 excepte
855 235 862 243 ἱ
998 266 1042 338 OD

124 457 436 536 uiuroontlrmatu,
457 476 533 539 argo
545 459 651 520 Petrus
663 459 942 540 maiorapcstclus,
963 459 1043 525 torte

124 543 205 626 quod
222 562 263 603 ex
272 541 438 603 Aristotele
458 548 547 622 putet
563 561 659 624 agens
677 562 733 604 suo
752 562 845 623 passo
867 563 937 604 esse
951 561 1047 627 praa-

124 628 263 688 standus.
295 624 356 686 Sed
389 625 555 706 aigntrbor
576 632 607 687 et
631 644 690 706 ego
714 625 806 706 plana
827 626 1041 688 Aristotelicas

123 709 317 772 confirmans
329 713 376 770 ast
394 707 476 770 bene
498 709 596 771 maier
614 729 668 789 per
679 728 723 788 se,
746 707 800 769 sed
822 728 879 788 per
899 708 1043 770 accidens

122 793 201 854 lane
223 794 335 863 minor,
354 792 417 853 nisi
436 791 576 853 fortassis
598 791 863 853 confirmationem
885 792 935 853 hic
955 791 1042 852 intel-

121 876 196 958 ligat
215 881 443 936 sacramentum
478 873 735 950 confirmationis,
768 875 852 954 quod
879 894 944 937 non
976 892 1042 935 crs·

122 959 170 1037 do,
191 959 335 1038 alioquin
354 974 418 1019 nou
438 977 539 1019 rarum
561 965 609 1019 est
630 958 818 1038 superiorem
839 977 896 1038 per
921 957 1043 1019 inferio»

123 1061 187 1103 ran
205 1041 374 1119 adhortari,
393 1041 567 1119 consolari,
590 1039 773 1121 confirmari,
794 1040 855 1102 hoc
877 1040 916 1105 ad
937 1040 1041 1102 conm-

123 1127 254 1187 tationes
277 1125 352 1188 eius.
516 1142 522 1148 ·
989 1140 993 1151 “

457 1290 507 1353 Ad
527 1290 706 1372 principale.
745 1282 748 1287 ’

204 1456 254 1518 Ad
277 1456 447 1538 principale
469 1456 631 1535 accedens,
654 1456 809 1537 probavit,
828 1456 951 1517 Petrum
973 1475 1042 1519 esse

125 1539 330 1603 monarcham
349 1541 417 1601 iuss
437 1539 558 1618 divino,
591 1547 622 1602 st
642 1540 704 1601 hoo
725 1559 765 1601 cx
786 1540 950 1601 autoritate
972 1539 1043 1600 Ber·

122 1624 205 1685 nardi
229 1624 370 1704 superius
391 1621 889 1704 inducta,cypria.Hisr.Ambro.
914 1622 1042 1702 Chryso.

124 1707 296 1788 Augustini,
319 1705 430 1769 deinde
442 1709 577 1769 omnium
591 1705 773 1768 Sanctorum
789 1705 1042 1783 consensu-item
1152 1701 1156 1711 '

123 1791 223 1850 multis
247 1789 380 1855 decretis
415 1788 678 1864 etdeoretalibus
705 1789 895 1859 diversorum
918 1786 1044 1849 Pontifi-

125 1893 203 1934 cum.
231 1870 439 1955 Respondes:
461 1870 499 1932 D.
522 1872 558 1934 D.
588 1870 699 1933 Ecoius
722 1870 820 1933 voluit
845 1872 910 1932 iure
937 1868 1042 1947 divino

123 1955 271 2036 probare,
308 1962 339 2016 et
360 1974 434 2017 mox
469 1955 516 2016 sui
537 1952 649 2017 oblitus
670 1954 779 2015 incidit
811 1954 842 2014 iu
864 1953 1043 2015 autoritates

124 2038 256 2114 Petrum,
280 2057 356 2119 quas
377 2058 434 2119 pro
457 2040 575 2100 maiore
597 2042 685 2134 parte
706 2039 765 2098 iam
781 2037 988 2114 tractavimus,
1012 2042 1044 2096 et

126 2121 256 2184 vidimus
279 2140 334 2182 eos
355 2124 386 2182 in
401 2118 528 2183 diversis
549 2121 627 2183 locus
649 2119 771 2182 diversa
788 2119 953 2200 aliquando
976 2139 1043 2178 sen-

125 2207 214 2282 sisse,
254 2211 286 2265 et
316 2205 534 2285 multoplures
568 2211 599 2264 et
625 2204 747 2284 saepius
770 2222 826 2284 pro
850 2222 917 2282 me,
951 2222 1040 2282 quam

124 2308 176 2368 pro
202 2288 239 2348 D.
263 2288 302 2348 D.

206 2369 351 2432 Secundo
375 2369 532 2430 videamus
556 2376 659 2430 tamen
681 2389 737 2450 per
759 2368 907 2429 ordinem.

204 2455 308 2514 Prima
320 2453 467 2514 Beruardi
479 2455 617 2533 superius
639 2453 711 2512 satis
726 2459 774 2512 est
785 2451 945 2526 dissoluta,
959 2449 1042 2528 quod

125 2537 269 2598 videlicet
291 2556 354 2597 non
375 2537 505 2617 probat,
542 2536 597 2596 sed
620 2533 729 2595 suadet
751 2533 980 2609 tantummodo,
1004 2553 1042 2595 eo

125 2619 206 2699 quod
229 2616 343 2680 nitatur
364 2622 395 2679 in
418 2619 519 2680 alieno
542 2639 634 2680 seusu
652 2617 836 2697 Scripturas,
859 2624 892 2676 ut
912 2619 1044 2696 ipsemet

125 2704 159 2764 D.
183 2698 337 2764 concessit
360 2702 486 2763 Doctor.
510 2700 654 2763 Similiter
676 2709 706 2761 et
728 2701 873 2781 Cypriani
895 2700 1042 2761 autoritas

125 2785 161 2847 de
183 2786 410 2867 principalitate
432 2793 463 2846 et
485 2785 523 2845 de
546 2792 615 2846 ortu
629 2784 829 2845 sacerdotalis
851 2784 975 2844 unitatis
997 2802 1043 2843 sa·

128 2870 163 2929 tis
186 2871 254 2928 visa
277 2877 330 2928 est.

205 2953 309 3012 Tertio
346 2951 489 3031 probavit
510 2971 564 3031 per
585 2951 639 3011 illa
661 2948 772 3010 verba:
800 2948 846 3008 Tu
869 2968 902 3008 cs
924 2948 1041 3025 Petrus,

126 3041 155 3095 et
178 3053 271 3114 super
291 3034 371 3093 hano
392 3041 597 3114 petram-etc,
620 3053 698 3112 quae
714 3033 904 3112 Augustinus
926 3031 970 3089 sic
992 3051 1042 3090 ex-

124 3118 279 3198 posuerit:
303 3117 400 3197 Super
429 3117 509 3176 hanc
531 3125 665 3197 petram,
700 3115 730 3175 id
754 3122 815 3197 est,
838 3115 980 3183 Petrum,
1013 3121 1044 3173 et

125 3199 204 3260 hanc
222 3219 285 3260 non
299 3202 519 3267 retractaverit,
544 3198 750 3280 Respondeo:
774 3196 854 3272 Quid
867 3197 905 3257 ad
918 3197 988 3256 uie?
1012 3194 1043 3256 si

126 3284 189 3343 vult
211 3301 349 3363 pugnare
365 3288 472 3343 ooutra
494 3302 553 3361 me,
577 3283 720 3344 conciliet
732 3283 800 3362 ipss
819 3282 947 3361 primum
964 3278 1044 3341 dicta

126 3368 288 3427 contraria.
324 3362 449 3427 Certum
478 3372 525 3425 est
559 3367 659 3441 enim,
687 3365 890 3444 Augustinum
921 3362 1043 3441 saepius

127 3451 308 3528 exposuisse
330 3456 448 3529 petram
472 3450 635 3526 Christum,
657 3455 688 3508 et
712 3448 851 3508 fortassis
873 3449 925 3506 vix
947 3444 1043 3505 semel

126 3533 258 3606 Petrum,
280 3533 352 3592 ideo
377 3533 445 3612 plus
466 3551 522 3614 pro
546 3552 605 3610 me,
628 3550 718 3610 quam
742 3537 848 3591 contra
871 3549 919 3590 me
940 3528 1022 3588 facit.

208 3615 327 3690 Quodsi
349 3617 440 3675 etiam
467 3616 656 3696 Augustinus
679 3621 711 3674 et
732 3633 841 3674 omnes
863 3611 967 3673 Patres
991 3612 1044 3671 Pe·

128 3708 204 3758 trum
239 3698 459 3759 intellexeruut
486 3716 543 3778 per
577 3704 717 3779 petram,
744 3698 886 3757 resistam
918 3696 962 3755 eis
985 3713 1045 3774 ego

126 3800 203 3842 uuus
231 3782 398 3844 autoritate
417 3781 580 3863 apostoli,¹
602 3780 633 3840 id
655 3786 728 3863 est,
754 3780 859 3840 divino
880 3779 962 3859 iure,
994 3778 1046 3860 qul
