2346 4208
120 246 185 317 M)
344 251 498 319 Disputatio
517 250 626 317 Lipsiae
642 248 734 302 habita
754 264 778 301 a
798 242 861 301 xlx

207 437 278 498 Non
300 442 350 502 est
371 454 445 516 ergo
468 454 616 514 neoesee,
650 440 684 496 ut
711 434 781 496 dem
792 433 898 496 'aliam
921 434 975 497 soli

124 540 205 598 nem,
228 520 286 580 nisi
308 521 346 582 D.
370 519 407 583 D.
431 520 574 600 egregius
596 515 725 599 primum
746 516 975 600 probaveritfl

123 612 186 665 tres
208 604 292 682 loqui
315 604 355 664 de
377 603 480 664 servili
502 604 624 679 timore,
646 604 774 664 exoluea
792 606 903 685 gratie,
923 606 975 665 aul

125 689 245 749 ritatem
268 707 331 748 non
354 686 469 747 habere
490 689 647 766 negotium
670 689 701 747 in
724 687 916 771 expellendo
937 686 975 749 tn

124 771 235 833 servili.
259 770 372 850 Quare,
394 790 473 849 quae
490 778 718 850 consequenter
737 772 860 833 induxit
878 760 921 833 de
941 788 975 833 el

123 855 212 916 sione
232 855 363 932 timoris,
396 853 434 914 de
456 854 545 914 initio
563 855 743 936 sapientiae,
765 862 796 915 et
816 854 974 935 quomodo

124 938 222 1019 pellat
254 939 365 999 oeritae
394 938 537 998 timorem
568 957 713 999 suooeseu
740 958 797 1018 per
817 938 975 1021 augmenti

125 1041 195 1082 uem
220 1022 358 1101 gratiae,
390 1021 706 1100 eir-praecedentibus
729 1023 803 1083 satie
824 1022 975 1105 intelligas

120 1126 131 1143 ··
206 1103 354 1184 Superest
375 1104 588 1165 robustissima
606 1106 754 1170 autoritas
764 1105 873 1167 Mattb.
882 1108 935 1187 10,
954 1124 975 1187 q

124 1206 216 1247 unam
240 1186 380 1247 suffioere
392 1190 495 1267 putat:
516 1187 622 1249 Nolite
643 1189 751 1249 timere
772 1207 838 1266 eos,
861 1190 914 1268 qni
935 1206 975 1251 oo

40 1334 43 1339 ,
126 1270 271 1331 oooiduut
300 1276 358 1332 eto,
387 1271 441 1331 sed
465 1272 571 1332 timete
599 1291 669 1332 eum
691 1278 775 1350 eto,
796 1270 877 1333 ideo‘
891 1290 958 1335 non

126 1354 268 1414 servilem
291 1354 432 1415 timonem
462 1353 691 1433 damnabilem,
726 1354 765 1415 ad
792 1373 885 1434 quem
908 1354 975 1419 onst

126 1455 186 1497 nos
208 1437 326 1497 invitat.
350 1436 538 1517 Respondeo
560 1439 702 1517 primum.
726 1438 758 1498 si
778 1438 841 1498 boo
861 1438 975 1501 vultl]

127 1519 354 1581 oontradioetur
374 1519 648 1600 praecedentibus,
673 1520 725 1583 ubi
746 1523 841 1581 timor
862 1522 975 1583 servilii

126 1602 281 1664 sufficione
304 1603 429 1681 dieitur,
461 1603 533 1665 ideo
556 1610 656 1682 aeque
677 1603 842 1665 absurdum
865 1610 915 1666 eet
934 1602 975 1665 dis

126 1685 279 1747 Christum
302 1706 359 1748 nos
382 1686 525 1748 dooutsse
546 1686 805 1748 insufficientiam.
841 1687 922 1750 Dioo
943 1693 975 1751 t·

126 1789 204 1849 ego,
234 1788 297 1830 non
326 1789 396 1831 eese
416 1769 458 1830 ibi
479 1770 621 1830 servilem
643 1771 783 1832 timorem
805 1770 950 1850 Domini,

125 1861 157 1913 et
178 1851 280 1913 filialis
302 1853 394 1914 timor
415 1854 503 1914 timet
524 1851 683 1914 offendere
704 1854 822 1931 Deum,
850 1859 883 1914 et
911 1872 928 1915 e

126 1934 165 1996 ab
177 1954 224 1996 eo,
248 1936 350 2016 Atque
372 1937 492 1997 etiamsi
514 1936 554 1998 de
576 1955 661 1996 mero
685 1937 788 1997 servili
810 1937 932 1998 timore¹
955 1954 975 1999 o

126 2025 226 2098 retur,
259 2018 397 2080 nondum
420 2020 601 2100 intelligitur
622 2019 750 2081 exolnsa
770 2020 885 2100 gratia,
918 2019 975 2083 imt

95 2137 100 2145 ·
127 2102 222 2178 elusa,
247 2120 315 2161 oum
338 2105 418 2163 teate
440 2103 595 2182 Apostolo
614 2108 646 2162 et
667 2103 841 2184 Augustino
873 2103 975 2165 omnis

127 2192 159 2245 et
181 2184 321 2245 doctrina
342 2187 381 2246 sit
402 2185 491 2246 litera
510 2187 670 2265 requirens
692 2185 846 2266 Spiritum.

209 2267 375 2328 consensit
396 2270 487 2329 etiam
500 2268 710 2331 scholasticos
732 2288 805 2330 rere
827 2268 975 2330 diceret-t

47 2366 53 2375 ·
126 2350 280 2426 tritiouem
305 2370 367 2411 non
391 2352 495 2412 valere
517 2357 606 2412 extra
616 2354 786 2428 caritatem,
809 2351 866 2412 aed
888 2369 975 2412 non·

125 2433 240 2494 tutavit.
285 2433 353 2495 Stat
375 2454 449 2515 ergo
472 2454 578 2496 eorum
600 2436 738 2514 ipsorum
768 2435 919 2496 autoritas
940 2450 975 2497 oo

126 2535 197 2578 eos:
229 2517 288 2578 uisi
311 2517 451 2578 confutet
473 2519 690 2579 contritionem
712 2519 743 2579 in
765 2519 894 2579 caritate
916 2536 975 2579 esst

127 2599 210 2680 quod
233 2619 252 2660 a
275 2601 401 2661 caritate
422 2602 531 2682 iuoipit
550 2600 624 2661 fleri.
899 2640 904 2651 =

208 2682 286 2743 illud
314 2684 478 2765 Augustini
503 2683 584 2745 bene
613 2683 730 2763 placet:
764 2681 848 2762 qnod
876 2683 971 2745 timor

126 2765 403 2844 medicamentum,
436 2768 547 2827 caritas
580 2771 628 2827 est
650 2767 783 2844 sanitas,
816 2767 910 2827 timor
931 2764 975 2827 soi

125 2852 155 2910 in
179 2851 308 2910 oaritate
329 2850 526 2930 imperfecta,
549 2857 579 2911 et
601 2849 712 2909 oaritas
734 2847 881 2929 pertenta.

209 2933 371 2994 Rationem
394 2932 479 2993 illam
503 2952 542 2993 ex
557 2933 710 3012 Dionysio
733 2936 898 3011 sumptam,
921 2928 975 2993 dei

127 3015 229 3077 medio
252 3023 282 3076 et
303 3035 436 3094 summo,
465 3014 539 3076 dioit
559 3035 610 3076 me
631 3015 806 3093 transiisse,
829 3019 861 3075 et
888 3030 975 3075 non·

126 3101 239 3177 ruisse,
277 3098 359 3178 quod
382 3099 422 3158 sit
443 3098 576 3159 medium
599 3100 679 3159 inter
699 3105 860 3178 peceatum
883 3097 975 3157 imum

126 3183 283 3242 oaritatem
304 3183 501 3262 superiorem.
525 3183 637 3242 Fateor
655 3199 704 3240 me
725 3181 857 3242 libenter
877 3178 975 3241 musi

128 3265 234 3344 utqui
259 3263 415 3325 eraderem
438 3265 497 3345 ipsi
519 3265 556 3325 D.
579 3265 617 3327 D.
652 3264 727 3324 satis
760 3281 830 3324 esse
851 3278 975 3343 perspet

125 3347 389 3426 honorationem,
413 3348 488 3408 nihil
512 3367 580 3409 eeee
601 3346 640 3407 ad
654 3346 857 3428 propositum.
879 3344 975 3427 Dion)

128 3431 208 3491 enim
231 3430 365 3509 loquitur
388 3430 427 3492 de
449 3431 606 3492 ordinibus
622 3427 759 3508 infinitis,
783 3427 891 3490 mediis
913 3434 975 3489 ets

128 3514 194 3574 mis.
238 3513 279 3572 At
308 3533 366 3594 ego
389 3533 514 3594 prorsus
544 3513 660 3573 nullum
683 3504 783 3574 habeo
812 3510 975 3573 mediumi

127 3601 286 3676 pennatum
315 3604 346 3656 et
366 3599 508 3678 gratiam.
552 3596 638 3657 Siout
658 3614 716 3655 neo
738 3595 895 3672 Christus,
944 3612 975 3655 ut

127 3678 224 3740 dicit:
247 3676 305 3753 Qui
328 3699 389 3739 non
413 3687 461 3741 est
483 3699 614 3758 meeum,
638 3683 746 3740 eontra
767 3693 817 3740 me
840 3683 898 3739 est
961 3682 975 3739 t

126 3782 206 3824 rum:
237 3761 300 3824 Aut
320 3762 410 3823 faoite
434 3763 577 3826 arborem
599 3761 729 3842 bonam,
759 3766 814 3823 aut
839 3760 933 3825 lenite
960 3776 975 3823 a
