2346 4208
170 263 237 335 410
456 269 490 326 11.
510 267 616 329 &nelo
631 269 668 327 D.
687 272 722 326 Ι,
740 270 821 327 bath.

255 451 347 529 Quod
367 455 460 536 igitur
486 458 532 518 sio
553 459 666 533 sentis,
699 459 725 518 si
757 478 776 518 a
803 458 939 537 peccatis
964 454 1092 518 recedas

172 543 204 598 et
222 537 370 615 foederis,
405 538 488 618 quod
518 542 550 600 in
577 540 730 620 baptismo
760 560 827 601 oum
862 540 929 602 Deo
955 540 1092 618 iunxisti,

171 620 214 682 sis
236 640 370 698 memor,
401 629 464 682 tum
494 625 621 684 remissa
650 623 702 685 tibi
725 643 795 684 esse
819 629 963 703 peccata,
996 624 1028 684 in
1050 641 1091 684 co

93 718 98 733 ·
171 703 294 784 quidem
326 723 388 766 non
425 706 538 768 falleris
576 715 607 767 et
632 715 716 767 recte
745 708 850 768 sentis.
893 705 1010 766 Verum
1030 705 1092 768 hoe

170 785 251 866 mdo,
272 807 322 864 ne,
344 807 412 847 cnm
435 788 515 849 adeo
537 789 731 870 impudenter
751 790 865 851 fiducia
882 790 1000 869 gratiae
1021 807 1091 869 pec·

171 887 235 948 ees,
258 869 394 930 divinum
418 871 562 933 iudicium
589 874 620 932 in
642 875 711 953 ipso
733 880 881 953 peceato,
913 873 1090 952 priusquam

170 958 204 1015 tu
224 953 345 1029 redeas,
366 961 397 1015 te
420 954 544 1033 obruat,
576 975 616 1016 ns
648 957 710 1031 tsic
730 957 926 1036 permittente
947 953 1036 1036 Deo)
1058 955 1090 1014 in

169 1041 269 1099 tanne
292 1038 478 1099 tentationes
501 1040 682 1113 coniiciaris,
704 1046 738 1099 nt
758 1059 798 1099 ne
820 1041 845 1100 si
867 1038 945 1103 uelis
966 1037 1090 1117 quidem

169 1118 295 1185 endere
315 1127 368 1180 aut
389 1119 531 1201 baptismi
552 1123 727 1182 meminisse
748 1124 859 1202 possis,
882 1127 915 1181 et
931 1121 1091 1182 eonscien-

149 1200 213 1278 ,ἧι
231 1203 313 1264 victa
332 1201 410 1264 fides
432 1204 620 1269 succumbat.

251 1286 331 1346 Nam
359 1306 427 1348 eum
450 1308 544 1368 aegre
565 1287 609 1348 illi
631 1295 806 1367 serventur,
844 1288 896 1365 qui
927 1305 991 1348 uon
1019 1305 1089 1367 pec

169 1374 256 1444 cant,
278 1376 332 1430 aut
352 1372 404 1449 qui
426 1370 602 1431 infirmitate
623 1377 770 1450 peccant,
805 1369 878 1449 quid
900 1368 939 1429 de
965 1434 971 1441 ,
1011 1369 1090 1431 tutu·

168 1471 235 1511 rum
257 1459 321 1529 est,
357 1454 407 1532 qui
437 1453 516 1515 adeo
538 1453 733 1534 impudenter
753 1454 882 1534 gratiam
905 1458 958 1513 ten
1022 1452 1091 1513 'ao

169 1536 380 1597 wotemsisti?
422 1537 455 1596 ln
480 1538 591 1599 timore
618 1538 710 1618 igitur
736 1537 793 1596 Dei
815 1535 1024 1609 ambulemus,
1057 1543 1091 1594 ut
1134 1565 1140 1578 ·

166 1619 322 1681 metanti
350 1617 412 1679 tide
438 1619 527 1681 illum
554 1621 673 1701 gratiae
696 1620 871 1680 thesaurum
892 1618 1091 1695 retineamus,

168 1705 201 1762 es
228 1720 285 1780 pro
320 1701 374 1761 illa
394 1703 606 1765 misericordie
633 1703 707 1763 laeti
734 1701 947 1781 praedicemus
968 1720 1007 1762 ac
1027 1700 1090 1761 lau·

168 1780 275 1846 damus
298 1784 398 1845 Denm
417 1785 448 1845 in
471 1786 720 1930 esculapidmen.

614 1887 672 1929 ms.

186 2029 456 2105 stQuomodo
493 2030 653 2177 Chrtistp'i
684 2032 916 2113 passio-eit
956 2029 1069 2092 medi·
1164 2032 1170 2043 '

580 2136 625 2177 an
660 2136 689 2178 e.

247 2278 360 2356 Primo,
383 2280 523 2361 plerique
537 2282 696 2343 hominum
718 2282 763 2341 sie
778 2279 890 2340 Christi
907 2279 1087 2359 passionem

164 2359 363 2441 meditantur,
386 2371 419 2423 ut
439 2367 575 2444 graviter
595 2366 767 2426 irascantur
787 2362 918 2439 ludaeis,
940 2370 972 2421 et
993 2360 1088 2422 ludae

164 2451 326 2525 peccatum
347 2447 450 2507 multis
486 2448 586 2509 modis
619 2451 833 2523 exsecrentur,
867 2464 906 2505 ao
927 2451 1089 2524 praeterea

163 2526 240 2591 nibil
260 2528 384 2591 faciant.
427 2530 478 2590 Sic
511 2531 591 2591 enim
623 2531 668 2591 illi
695 2535 766 2591 sunt
794 2528 876 2589 soliti
905 2535 937 2588 et
956 2527 1087 2589 aliorum

165 2628 288 2690 qaoque
304 2612 463 2674 hominum
485 2615 677 2676 calamitates
691 2613 864 2692 deplorare,
886 2618 919 2672 et
940 2629 1088 2671 accusare

163 2692 256 2772 illos,
289 2697 340 2774 qui
367 2715 430 2757 non
453 2698 569 2758 meritis
591 2697 757 2758 attulerunt
778 2695 929 2755 iniuriam.
973 2693 1087 2754 Verum

164 2776 226 2839 bec
246 2780 359 2838 rectius
382 2779 549 2855 diceretur,
580 2779 675 2842 Iudae
705 2797 743 2840 ac
771 2777 953 2838 ludaeorum
975 2777 1088 2855 impro-

163 2859 290 2923 bitatem
315 2880 407 2940 qnam
430 2861 542 2925 Christi
564 2865 741 2945 passionem
764 2859 914 2921 meditari.

249 2943 409 3023 Secundo,
440 2946 634 3027 collegerunt
660 2944 784 3025 qnidam
806 2943 893 3003 varia
913 2941 1088 3016 commoda,

165 3043 246 3105 qaae
280 3046 320 3087 ex
346 3027 533 3108 diligentiori
563 3029 764 3091 meditatione
793 3027 946 3106 passionis
976 3024 1088 3087 Christi

163 3111 358 3189 proveniant.
402 3112 481 3173 Hinc
507 3113 584 3175 illud
606 3112 724 3173 Alberti
752 3109 846 3189 vulgo
868 3109 1012 3169 iactator:
1035 3107 1088 3170 Sa

164 3192 225 3253 tias
245 3211 316 3254 esse
338 3194 449 3257 Christi
471 3199 649 3278 passionem
679 3193 776 3254 semel
798 3199 829 3253 et
851 3190 951 3252 obiter
970 3192 1001 3251 in
1025 3191 1089 3251 vita

164 3274 315 3354 meditari,
337 3297 429 3358 quam
451 3282 478 3340 si
499 3299 555 3360 per
575 3286 673 3340 totum
696 3296 810 3337 annum
829 3274 958 3354 singulis
981 3273 1089 3334 diebus

164 3358 293 3434 ieiunas,
315 3369 369 3421 aut
389 3368 494 3423 totum.
511 3363 703 3423 Psalmorum
726 3358 835 3420 librum
859 3357 988 3418 evolvas
1001 3365 1068 3418 eta

249 3441 305 3502 Est
325 3452 428 3504 autem
459 3446 519 3506 hae
549 3452 581 3506 et
602 3443 751 3506 similibus
773 3441 842 3502 aliis
865 3441 1025 3501 sententiis
1047 3439 1089 3500 el·

166 3524 294 3603 iactum,
329 3535 361 3587 ut
383 3545 440 3588 ceu
461 3530 546 3590 caeci
569 3528 711 3590 homines
733 3543 839 3585 verum
861 3541 949 3583 usum
970 3525 1088 3603 passio·

165 3607 214 3668 nis
237 3606 349 3670 Christi
372 3629 527 3691 nunqnam
550 3614 612 3672 sint
633 3609 777 3670 assecuti.
819 3606 929 3685 Neque
950 3606 1033 3666 enim
1056 3606 1088 3665 in

164 3709 204 3753 es
224 3691 390 3771 quidquam
411 3696 615 3775 quaerebant,
650 3711 743 3773 quam
772 3690 924 3771 privatum
946 3707 1088 3750 eommo-

166 3771 248 3834 dum.
291 3773 554 3840 circumferebant
575 3778 656 3840 enim
679 3793 783 3836 secum
805 3771 1035 3853 imagunculae,
1056 3773 1090 3838 li·
