2346 4208
194 263 236 331 82
409 265 497 336 Epist.
517 269 623 335 septam
642 270 744 334 prust.
764 265 887 317 suorum

625 450 693 516 VII.

459 587 581 652 lrabeaii
603 587 638 651 ad
657 583 801 651 butlerun
817 583 857 664 ¹²).

274 755 429 816 lohannes
452 753 620 814 Frobenius
643 753 773 812 Mertino
795 750 928 811 Luthero
953 749 983 811 8,
1007 751 1051 821 1).,

279 870 370 930 Dono
393 870 479 932 dedit
511 871 583 930 mibi
605 870 724 930 Blosius
747 868 923 929 Salmonius
946 867 1121 949 Bibliopola

196 953 353 1032 Lipsensis
386 956 417 1015 in
450 955 598 1034 proximis
627 951 771 1013 nundinis
805 950 1120 1013 Franeksordansious

196 1034 320 1096 libellos
343 1039 446 1098 varios
468 1058 487 1097 e
508 1043 539 1097 te
562 1035 766 1112 elucubratos,
790 1053 868 1114 quos
891 1035 1029 1095 omnium
1050 1034 1119 1096 doe

187 1127 299 1189 ,torum
322 1119 436 1180 iudicio
458 1120 606 1200 probatos
640 1121 720 1200 typis
752 1118 828 1178 meis
863 1118 966 1177 statim
999 1117 1120 1197 exoadi,

198 1209 364 1262 sexeentos
387 1205 417 1264 in
431 1203 565 1264 Galliam
589 1203 725 1263 misimus
739 1208 771 1262 et
790 1202 821 1260 in
835 1200 1028 1281 Hiepeniem,
1049 1220 1120 1262 ven·

198 1284 312 1343 duntur
322 1285 454 1365 Parisiis,
476 1287 619 1367 leguntur
642 1287 733 1346 etiam
756 1283 974 1364 asorboniois,
998 1291 1031 1345 et
1051 1302 1120 1366 pre

198 1367 326 1446 bantur,
355 1369 612 1448 quemadmodum
642 1371 732 1428 emisi
762 1368 858 1428 nostri
887 1386 945 1427 nos
973 1368 1120 1429 oertiores

197 1449 408 1513 reddiderunt:
442 1453 585 1513 dixerunt
614 1452 678 1512 illie
711 1451 882 1511 doetissimi
914 1451 1060 1530 quidam,
1089 1470 1120 1512 ee

197 1535 258 1593 iem
282 1535 398 1614 pridem
422 1537 513 1597 talem
539 1535 709 1596 libertatem
724 1533 917 1595 desiderasse
939 1535 969 1593 in
992 1534 1051 1616 his,
1071 1535 1120 1620 qai

199 1635 303 1677 seems
326 1619 429 1679 literas
451 1626 592 1680 traetant.

283 1701 396 1762 Oalvus
418 1723 542 1782 quoque
564 1701 735 1782 bibliopola
755 1700 937 1780 Papienais,
957 1701 1005 1760 vir
1026 1699 1121 1761 erudi·

199 1784 333 1844 tissimus
356 1793 387 1846 et
404 1788 497 1846 musis
521 1804 622 1864 saeer,
659 1785 771 1846 bonam
806 1782 979 1844 libellorum
1002 1791 1120 1864 purtem

197 1868 229 1927 in
243 1868 360 1927 ltaliam
384 1868 568 1949 deportavit,
591 1886 648 1948 per
670 1886 778 1926 omnes
790 1868 931 1927 eivitates
949 1884 1119 1946 sparsurus.

200 1950 308 2029 Neque
329 1953 410 2012 euim
434 1959 495 2012 tam
518 1959 673 2031 spectetur
694 1950 827 2028 luorum,
850 1967 941 2029 quam
964 1951 1052 2030 eupit
1071 1968 1121 2012 ra·

199 2036 337 2094 nascenti
358 2037 467 2115 pietati
488 2036 645 2115 suppetias
666 2035 762 2108 ferre,
790 2040 822 2092 et
843 2041 996 2112 quatenus
1018 2039 1121 2116 potest

199 2115 359 2193 prodesse.
404 2118 432 2177 ls
454 2121 594 2198 promisit
615 2118 653 2178 ab
676 2117 819 2176 omnibus
831 2117 957 2177 eruditis
979 2119 1013 2177 in
1034 2117 1121 2178 ltalia

199 2202 270 2259 viris
295 2202 516 2281 epigrammata
527 2221 561 2262 se
572 2203 734 2261 missurum
751 2201 782 2259 in
806 2201 848 2258 tui
863 2198 985 2260 laudem
999 2202 1120 2282 seriptis,

200 2301 298 2362 usque
319 2285 398 2344 adeo
422 2284 475 2346 tibi
489 2285 572 2344 favet
584 2285 756 2363 Christique
770 2284 907 2363 negotio,
930 2283 1016 2364 quod
1038 2291 1122 2344 tante

200 2369 376 2427 oonetantia
399 2375 459 2426 tam
483 2368 611 2428 viriliter
632 2375 757 2446 tamque
777 2365 904 2427 dextere
927 2369 1018 2449 geris.

283 2450 440 2511 Miraberis
475 2452 579 2512 forsan
617 2450 656 2511 de
684 2456 791 2510 nostra
823 2455 944 2510 tuorum
973 2450 1119 2511 Aetolum

200 2531 346 2612 editione,
371 2534 454 2614 quod
477 2533 622 2595 videlieet
643 2536 752 2613 partim
776 2533 1057 2614 Vuittembergensi
1078 2554 1121 2594 re·

200 2615 361 2697 spondeat,
384 2619 494 2698 partim
517 2637 598 2697 non,
632 2618 685 2678 sed
722 2635 845 2676 oausam
875 2619 963 2678 audi:
998 2620 1122 2679 miserat

199 2699 289 2759 nobis
312 2720 351 2761 ex
375 2700 757 2782 AugustaVindelioorum
779 2701 897 2761 amiens
920 2701 1046 2782 quidam
1070 2720 1120 2762 no·

200 2790 261 2842 ster
290 2784 537 2865 Responsionem
572 2793 654 2845 tuam
687 2783 842 2846 Cardinali
875 2783 997 2864 datam3
1031 2787 1120 2845 eliam

199 2867 260 2924 iam
281 2868 486 2947 imprimenda
508 2876 587 2947 erat,
617 2887 686 2928 enm
708 2864 822 2929 Oalvus
852 2887 892 2926 ex
914 2867 1122 2950 Norimberge

198 2949 322 3010 rediens
353 2953 475 3011 nnieum
506 2959 622 3012 tantum
652 2950 948 3031 Vuittembergensis
978 2951 1121 3014 editionis

197 3035 432 3111 quaternionem
456 3054 560 3095 seeum
577 3036 686 3115 attulit,
708 3037 838 3114 primum
853 3034 1008 3114 videlieet,
1031 3053 1121 3116 quem

199 3134 257 3175 nos
286 3119 387 3177 statim
419 3120 529 3179 imitati
559 3120 707 3199 reliquam
735 3116 820 3177 illem
853 3125 971 3202 partem
1001 3139 1042 3179 ex
1064 3119 1122 3179 Au·

197 3207 289 3278 gusta
322 3201 412 3261 nobis
442 3204 568 3262 missam
599 3207 754 3281 uteunque
777 3203 991 3263 annexuimus.
1035 3203 1123 3263 Nune

199 3301 273 3343 vero
309 3283 409 3363 elno,
445 3285 597 3346 benefioio
638 3284 934 3365 Vuittembergensis
979 3287 1122 3347 editionis

200 3367 360 3447 exemplar
382 3370 476 3447 naeti,
500 3369 582 3449 quod
605 3377 729 3430 nostiae
752 3367 854 3447 deest,
877 3387 967 3448 quam
992 3373 1122 3450 primum

199 3448 311 3531 licebit,
334 3450 465 3512 addituri
487 3473 601 3513 sumus.
645 3453 745 3512 Audio
770 3454 854 3512 enim
886 3471 903 3512 e
931 3452 1034 3514 doetis
1056 3472 1123 3534 pre·

200 3530 281 3675 bqri,
327 3553 418 3613 quam
452 3536 490 3595 de
526 3537 724 3597 Deoretorum
765 3536 914 3596 violentia
946 3538 1123 3600 coronidem

200 3617 350 3678 aieoisti.

271 3800 300 3864 ⁸)
320 3799 390 3870 Opp,
410 3801 490 3856 Lnth.
509 3801 552 3854 ed.
573 3800 677 3855 Waleb.
698 3801 728 3853 Τ.
750 3801 802 3858 XV
820 3819 847 3872 p.
868 3801 949 3858 1631.
1010 3812 1013 3817 '
