2346 4208
129 268 193 338 254
362 266 454 327 Resol.
474 275 502 326 L.
521 288 606 343 super
626 271 813 343 Propositiou.
897 336 905 351 ι

130 459 307 538 iniquitatis,
332 460 382 538 qui
405 468 491 519 tanta
511 459 594 519 bona
615 458 772 519 feserunt?
793 459 851 519 nisi
874 459 945 537 quin
959 456 1029 518 tout

131 544 211 601 male
234 543 280 601 usi
314 549 401 620 sunt,
438 544 558 603 etiamsi
581 540 641 603 hoo
673 541 754 602 male
778 543 868 618 usi¹)
891 541 957 601 eliis
975 556 1029 620 pro-

129 623 258 688 fuerunt.

213 708 368 802 Septimo,
398 710 423 767 si
445 709 571 768 iustus
564 727 594 767 in
618 707 718 786 gratia
738 724 800 765 non
823 712 929 803 potest
949 705 1032 765 aas

130 789 260 867 bonum,
291 792 364 868 quin
387 791 478 851 simul
501 797 627 870 peccet,
653 795 777 884 ⁴quanto
801 790 901 869 magis
921 789 1033 849 iniustus

129 892 191 933 non
214 873 288 932 fauit
305 873 441 933 bonum?
462 873 509 932 Aa
530 892 586 952 per
598 864 661 932 hoo
673 870 837 949 oonoiudo,
860 878 915 932 aut
936 872 1032 932 bouuu

128 963 181 1015 aut
202 957 314 1015 malum
338 975 408 1016 esse
437 963 538 1016 aetum
572 955 704 1015 hominis
727 973 957 1035 quemcunque,
987 968 1033 1013 uae

128 1037 193 1097 dari
215 1046 316 1098 aetum
341 1039 474 1098 medium
504 1045 535 1098 et
555 1045 704 1099 neut.rum
750 1037 951 1099 Anteuedeue
977 1052 1032 1116 pro·

128 1121 213 1180 babit
201 1128 249 1180 tur
269 1120 429 1182 evidenter
452 1122 654 1181 aonoiusione
677 1127 836 1199 sequente.

211 1203 313 1277 Quare
334 1204 373 1263 ad
396 1224 459 1264 rem
491 1204 722 1298 propositionis
733 1202 911 1281 redeundo,
948 1202 1074 1263 omnis

128 1286 317 1346 Christianus
340 1294 417 1364 quot
405 1287 479 1346 tidie
501 1288 650 1367 poenitet,
673 1287 745 1364 quia
767 1286 906 1364 quotidie
927 1292 1074 1371 penest
1069 1280 1074 1327 ³·

127 1388 189 1429 non
212 1369 336 1450 quidem
353 1370 559 1449 perpetrando
574 1371 710 1446 ommino,
733 1370 787 1428 sed
810 1388 874 1430 uon
888 1367 1074 1449 perdition-¹

126 1451 167 1511 do
190 1451 335 1511 mandata
358 1454 424 1514 Dei.
468 1453 508 1512 Et
530 1452 569 1512 ad
593 1454 653 1512 hoo
674 1451 866 1530 probandum
890 1451 1031 1511 sufflant
1070 1486 1074 1491 -

126 1534 417 1597 autoritasdohan.
409 1556 440 1595 m
458 1535 658 1595 oonolusione
675 1535 786 1614 posita,
810 1535 893 1614 quod
916 1532 1031 1594 tumre

126 1637 177 1678 ros
192 1618 333 1697 palmites
349 1618 529 1696 quotidie²t
545 1626 655 1698 purgat
675 1618 819 1677 eoelestis
841 1618 988 1698 agnionis.
1005 1614 1031 1675 di

126 1700 361 1780 suntpurgandi,
370 1701 473 1776 sunt³J
484 1703 643 1777 immundi,
651 1701 677 1759 si
688 1699 791 1778 eund)
803 1702 921 1760 immun
945 1702 951 1716 '
975 1704 1032 1759 sunt

125 1792 315 1862 pensatores,
330 1787 356 1842 si
365 1792 556 1864 pensatores,
571 1785 732 1864 poenitent
720 1785 762 1843 ia
770 1783 921 1862 indigent
972 1798 1030 1842 unm

125 1866 163 1925 ad
180 1885 235 1927 eos
256 1869 389 1946 pertinet
410 1866 536 1927 verbum
552 1866 680 1926 christi:
704 1866 929 1926 Poenitentiam
951 1866 1029 1947 agite

209 1950 364 2026 Seoundo,
384 1950 459 2011 illud
475 1948 612 2010 eiusdem
637 1955 663 2012 1.
676 1949 789 2010 doben.
814 1948 904 2029 Ι14);
927 1949 959 2011 si
978 1948 1031 2009 dix·
1064 1938 1074 1963 '³

86 2100 91 2107 ,
126 2034 254 2110 erimus,
283 2036 368 2176 quiat
387 2041 546 2129 peceatum
579 2028 642 2093 ndh
674 2032 837 2110 habemus,
872 2052 931 2093 nos
960 2034 1031 2114 ipio·
1072 2032 1074 2111 J

126 2115 368 2193 seducimus,et
390 2119 501 2176 veritas
522 2118 554 2175 in
582 2115 672 2175 nobis
695 2134 756 2174 non
778 2122 834 2177 est.
878 2114 1031 2191 Quamu-
1072 2130 1074 2137 ·

125 2200 279 2258 toritatem
310 2200 344 2258 B.
367 2199 556 2279 Augustinus
592 2200 623 2257 in
646 2198 748 2258 multis
775 2198 852 2258 loeis
886 2199 1031 2261 addim
1070 2228 1074 2273 ς

124 2280 277 2360 ponderat
297 2283 327 2340 in
352 2282 462 2359 verbo,
484 2282 649 2359 habemus,
681 2284 851 2360 praesentis
885 2282 1047 2364 temporis·

124 2363 206 2442 qnod
230 2383 292 2423 non
316 2363 408 2443 dieit,
442 2364 617 2442 habuimus,
653 2362 707 2424 sed
736 2365 896 2426 habemus.
941 2365 1030 2441 Quare

124 2447 261 2525 quotidie
283 2466 457 2526 peeoamus,
481 2459 511 2508 et
529 2447 666 2526 quotidie
683 2455 843 2528 pennatum
865 2466 1030 2530 purgamus,

123 2531 167 2589 ita
188 2550 261 2609 ergo
285 2532 496 2610 poenitemus,
534 2532 593 2590 nisi
625 2532 847 2610 poenitentium
871 2531 957 2593 dions
977 2548 1028 2593 non

124 2631 193 2672 esse
216 2620 414 2693 peooatorum
436 2615 662 2695 purgationem,
685 2623 793 2673 eontra
814 2616 952 2675 omnium
973 2632 1030 2675 seu

123 2697 265 2775 tentiam,
293 2699 344 2775 qui
367 2698 582 2757 contritionem
604 2696 713 2776 eulpae
735 2696 914 2758 deletrioem
937 2695 1030 2779 posui

123 2781 237 2839 tentiae
265 2781 457 2859 potissimam
490 2788 608 2860 partem
637 2787 764 2859 ponunt.
815 2781 958 2863 Denique
980 2783 1031 2843 hot

124 2864 217 2923 verbo
239 2863 350 2926 dohan.
374 2864 464 2922 nixus
485 2864 520 2924 B.
538 2864 727 2943 Augustinus
749 2864 802 2925 lib.
825 2864 864 2923 de
877 2872 985 2927 natura
1003 2870 1030 2925 et

121 2948 230 3026 gratia,
252 2946 345 3006 audet
367 2946 484 3007 dioere:
508 2947 539 3006 si
563 2965 670 3005 omnes
684 2944 788 3007 Sanoti
810 2949 841 3006 in
864 2968 958 3009 uuum
969 2966 1030 3010 eon·

122 3032 240 3109 gregati
254 3038 481 3108 quaererentur,
496 3048 535 3089 au
553 3036 714 3109 peecatum
728 3029 887 3091 habereut.
881 3033 979 3130 quid
992 3048 1029 3091 ee

122 3121 192 3173 sent
216 3115 317 3192 (inqui
320 3113 480 3195 t)dioturi,
503 3132 609 3192 quam:
633 3113 664 3172 Si
678 3113 855 3193 dixerimus,
878 3120 952 3195 quin
971 3132 1030 3211 peq-

123 3204 223 3257 oatum
248 3216 309 3256 non
332 3197 494 3276 habemus,
516 3199 679 3276 nosipsos
702 3198 891 3279 seduoimus,
915 3208 947 3262 et
966 3196 1030 3261 veri

122 3283 199 3339 tas
190 3301 221 3339 rn
243 3281 332 3341 nobis
360 3300 422 3341 non
455 3288 510 3342 est
554 3283 595 3340 At
625 3282 741 3341 nullum
780 3291 942 3364 peoeatum
973 3283 1029 3343 sine

121 3367 312 3446 poenitentia
333 3366 454 3425 tollitur.

203 3450 306 3509 'l'ertio
328 3450 402 3509 illud
427 3449 505 3512 Psel.
529 3447 624 3532 32⁵):
654 3451 712 3510 Pro
742 3450 801 3510 hae
824 3450 930 3513 orabit
948 3447 1026 3510 adte

122 3535 221 3593 omnis
243 3533 372 3593 Sanetus
395 3534 426 3591 in
450 3538 589 3612 tempore
613 3541 798 3613 opportuno.
843 3534 926 3595 Eoos
941 3528 1026 3595 omnis

34 3742 47 3767 e
158 3725 188 3783 tt
211 3724 239 3774 ln
261 3723 321 3776 edd
341 3725 424 3791 orign
446 3722 652 3776 hoomalousu.
671 3724 785 3789 mlum.
795 3726 888 3780 deest:
909 3720 1024 3795 qnotidie

113 3795 153 3859 ’3)
166 3796 233 3850 lbrd
241 3795 331 3849 deest·
344 3800 416 3847 sunt
435 3794 539 3855 dilbid
547 3792 661 3850 :donem
673 3800 773 3865 primo.
784 3797 905 3865 5)lbid.:
917 3796 981 3849 Posi.
991 3790 1023 3845 ³¹
