2346 4208
163 256 227 323 376
423 258 515 313 Ituci,
534 259 562 312 1..
583 274 666 327 saper
683 259 877 327 Propositiona

165 446 272 525 gantia
296 446 407 505 ceteris
428 444 673 525 indignationem
696 448 953 521 commovissent,
984 445 1089 504 etita

165 548 230 588 rum
254 529 384 588 oriretur
411 529 570 588 contentio
593 527 632 587 de
655 530 844 608 maioritate,
866 529 951 589 lasus
974 547 1093 588 convo.

102 623 107 632 '
166 631 240 673 cans
262 631 317 671 eos
340 611 417 671 dixit
438 613 498 673 eis:
522 611 622 685 Scitis,
645 613 717 690 quia
738 614 769 685 ii,
792 614 842 691 qui
862 612 1003 672 videntur
1015 630 1089 691 gen·

166 694 246 756 tibus
268 696 444 774 principari,
467 694 663 755 dominantur
684 697 738 772 eia,
761 703 793 755 et
807 697 960 775 principes
982 714 1087 754 eorum

166 778 280 839 habent
305 784 490 858 potestatem
514 797 631 840 eorum.
677 778 761 838 Non.
778 787 880 839 autem
910 780 953 838 ita
980 790 1028 838 est
1057 778 1087 837 in

167 860 272 937 vobis,
301 859 355 920 sed
379 864 554 940 quicunque
577 861 709 921 voluerit
729 862 792 922 heri
818 864 930 940 maior,
959 864 1018 921 erit
1039 880 1089 920 ve-

166 951 229 1005 ster
250 945 407 1016 minister,
440 953 471 1003 et
506 946 680 1022 quicunque
708 947 840 1005 voluerit
865 948 896 1004 in
921 944 1009 1005 vobis
1032 946 1089 1023 pri-

167 1045 234 1087 mus
261 1047 350 1103 esse,
384 1029 440 1086 erit
468 1028 602 1086 omnium
633 1047 739 1087 servus
763 1031 889 1104 (iterum
912 1026 1089 1106 exemplum

167 1108 214 1170 aui
235 1109 351 1190 addit),
378 1130 449 1169 nam
475 1122 506 1169 et
528 1109 607 1170 fliius
629 1111 762 1171 hominis
785 1131 846 1171 non
870 1112 962 1188 venit,
982 1118 1016 1169 ut
1037 1112 1089 1169 mi·

168 1195 346 1254 nistraretur
369 1195 415 1269 ei,
438 1193 492 1253 sed
515 1201 549 1253 ut
571 1196 768 1267 ministraret,
793 1205 824 1254 et
845 1196 978 1254 animam
1002 1212 1087 1252 suam

167 1274 255 1336 daret
275 1276 518 1355 redemptionem
547 1295 605 1356 pro
633 1276 744 1338 multis,
786 1277 877 1352 [Quis
900 1285 1001 1337 autem
1026 1295 1089 1337 nou

167 1358 286 1430 videat,
318 1359 400 1438 quod
435 1359 496 1420 hoc
518 1361 717 1419 ministerium
741 1380 800 1421 nec
821 1359 1000 1440 pontificae,
1031 1378 1090 1419 nec

167 1460 273 1502 eorum
296 1442 472 1502 adulatores
494 1450 659 1521 quaerunt,
684 1443 737 1503 sed
761 1453 946 1523 potestatem
969 1442 1088 1504 solam?

167 1523 247 1600 Quia
270 1525 422 1586 Christum
445 1527 681 1585 ministratorem
704 1526 831 1586 arduum
856 1537 904 1586 est
925 1526 1063 1603 imitari]

251 1611 324 1669 item
346 1609 482 1669 eiusdem
506 1611 540 1671 9:
565 1608 605 1668 Et
627 1618 777 1669 venerunt
799 1609 1008 1689 Oapernaum,
1039 1609 1088 1686 qui

168 1711 235 1752 cum
265 1691 347 1752 domi
377 1700 497 1765 essent,
531 1692 741 1771 interrogabat
762 1713 831 1752 eos:
865 1691 944 1767 Quid
976 1694 1007 1752 iu
1041 1692 1089 1750 via

167 1775 366 1835 mcmhatis?
410 1773 515 1834 Atilii
540 1774 699 1850 tacebant,
733 1777 882 1854 siquidem
914 1778 942 1834 in
972 1777 1022 1834 via
1044 1776 1089 1832 in-

168 1866 213 1917 ter
234 1877 268 1917 se
290 1857 539 1937 disputaverant,
567 1860 635 1936 quis
665 1877 769 1918 eorum
794 1861 892 1919 maior
914 1868 1006 1920 esset.
1052 1858 1090 1917 Et

167 1940 306 2001 residens
328 1941 453 2002 vocavit
469 1939 642 2014 duodecim,
665 1950 696 2001 et
718 1944 761 2001 ait
781 1942 857 2000 illis:
881 1942 912 2002 Si
934 1942 1003 2020 quis
1025 1940 1090 2000 vult

167 2024 282 2102 primus
305 2042 391 2096 esse,
425 2025 483 2082 erit
512 2027 650 2084 omnium
680 2027 866 2084 novissimus
892 2035 924 2084 et
952 2026 1087 2084 omnium
1143 2092 1147 2105 Ι

169 2107 316 2167 minister.
359 2105 399 2165 Et
421 2109 575 2186 accipiens
604 2126 731 2186 puerum
755 2110 860 2167 statuit
881 2127 950 2167 eum
973 2109 1004 2166 iu
1027 2126 1088 2167 me·

171 2189 222 2249 dio
246 2208 368 2266 eorum,
400 2209 489 2267 quem
513 2208 581 2253 cum
605 2191 785 2270 complexus
808 2204 905 2264 esset,
940 2192 983 2250 ait
1013 2189 1088 2249 illis:

166 2271 310 2350 Quisquis
340 2292 430 2331 unum
461 2275 611 2353 receperit
639 2276 669 2331 in
694 2275 820 2333 nomine
849 2293 935 2335 meo.
973 2292 1022 2332 me
1043 2291 1087 2331 re·

165 2355 247 2434 cipit.
581 2357 583 2360 ’

248 2436 364 2496 Eadem
397 2437 551 2501 Laenati:
587 2441 712 2498 Intravit
740 2448 843 2499 autem
881 2441 1028 2519 cogitatio
1059 2440 1087 2496 in

167 2539 237 2593 eos,
261 2521 327 2597 quis
352 2539 456 2580 eorum
482 2523 579 2580 maior
601 2529 692 2581 essct.
736 2523 777 2581 At
798 2523 885 2581 lesus
907 2522 1015 2581 videns
1038 2540 1088 2580 cc·

167 2604 332 2683 gitotiones
365 2604 466 2664 cordis
493 2604 614 2663 illorum
648 2604 852 2684 apprehendit
879 2624 1023 2684 puerum,
1058 2613 1087 2662 et

168 2687 273 2746 statuit
294 2686 378 2746 illum
401 2706 490 2746 secus
514 2706 564 2764 se,
593 2698 624 2747 et
645 2690 688 2747 ait
710 2688 784 2749 illis:
819 2687 1000 2766 Quicunque
1024 2707 1088 2746 sus·

167 2772 285 2848 reperit
305 2789 431 2849 puerum
457 2772 547 2829 istum
573 2773 601 2829 in
626 2773 751 2831 nomine
774 2791 864 2845 meo,
898 2791 947 2831 me
969 2772 1087 2849 recipit,

167 2855 392 2931 etquicunque
421 2872 469 2912 me
501 2855 668 2932 receperit,
702 2856 811 2933 recipit
838 2874 925 2927 eum,
958 2855 1008 2932 qui
1038 2872 1088 2912 me

167 2935 257 2995 misit.
301 2935 377 2994 Nam
409 2938 460 3014 qui
491 2938 589 2996 minor
618 2945 666 2995 est
696 2939 774 2997 inter
802 2957 857 2998 vos
882 2957 1007 3013 omnes,
1039 2935 1088 2995 hic

168 3019 265 3079 maior
285 3027 341 3078 est.
385 3019 460 3078 ltem
484 3019 588 3080 Matth.
614 3022 666 3082 18:
700 3021 734 3079 In
766 3021 819 3080 illa
851 3021 928 3081 hora
949 3037 1088 3081 accesse-

143 3108 237 3160 =runt
257 3101 295 3160 ad
310 3102 407 3161 lesum
431 3101 581 3181 discipuli,
596 3103 750 3162 dicentes:
774 3103 859 3179 Quis,
873 3111 973 3182 putas,
992 3104 1089 3164 maior

167 3190 215 3243 est
234 3184 264 3243 io
288 3203 384 3264 reguo
408 3185 587 3245 coetorum?
631 3185 670 3244 Et
692 3186 850 3246 advocans
873 3186 957 3246 lesus
980 3205 1087 3265 parvu-

169 3267 246 3338 ium,
282 3270 387 3327 statuit
409 3288 477 3327 eum
500 3270 529 3327 in
555 3269 657 3328 medio
682 3287 803 3347 eorum,
833 3277 863 3329 et
885 3269 976 3329 dixit:
1014 3267 1087 3342 Qui-

167 3369 287 3429 cunque
321 3350 523 3411 humiliaverit
556 3372 609 3426 se,
642 3353 721 3412 sicut
752 3353 897 3432 parvulus
931 3353 1005 3427 iste,
1038 3350 1088 3410 hic

166 3434 265 3492 maior
286 3446 333 3492 eat
355 3435 384 3492 in
408 3453 505 3514 regno
529 3435 697 3496 coelorum.

248 3515 337 3576 Nunc
369 3516 458 3587 vide,
504 3520 624 3595 quantis
661 3517 776 3588 verbis,
813 3528 889 3597 quot
924 3516 1086 3596 exemplis,

166 3609 281 3675 quanta
304 3599 463 3680 diligentia
485 3600 621 3661 Christus
645 3603 838 3680 praevenerit
866 3610 897 3662 et
924 3598 1086 3678 prohibue-

165 3682 204 3741 rit
232 3681 428 3743 ambitionem
457 3682 557 3756 illam,
592 3702 682 3762 quam
707 3692 792 3745 tanto
825 3692 945 3745 tumore
971 3683 1088 3744 iactant

167 3763 301 3825 Decreta
317 3773 348 3826 at
369 3765 557 3842 Decretales,
581 3785 618 3825 ac
639 3767 683 3827 ita
703 3775 845 3848 repetunt
867 3771 899 3828 et
920 3764 1086 3844 inculcant,
