2346 4208
120 237 164 306 94
306 242 461 312 Disputatio
482 243 589 311 [ipsios
603 240 702 296 -habltc
720 257 746 298 s.
768 243 832 297 xix

135 434 139 441 “
205 425 329 488 induxit
363 427 461 488 etiam
499 427 696 488 autoritatem
726 427 893 510 Augustini
931 432 1045 490 contra

123 509 267 587 menen,
290 528 382 590 quarn
404 510 547 591 suspicor
569 529 639 570 esse
649 512 677 574 2.
700 509 751 571 lib.
766 511 935 573 doctrinae
952 511 1044 574 (llrri⁴

123 597 242 657 stianae
264 612 290 654 c.
303 593 343 670 8.,
366 592 449 672 quod
470 593 502 652 in
523 611 557 654 re
569 592 664 654 dubia
685 592 724 653 sd
746 595 960 657 certitudinem
970 592 1045 656 nic

123 676 227 739 valeat
248 677 396 737 autoritas
418 676 571 736 ecclesiae
593 676 781 756 catholicae,
804 696 885 758 quae
904 677 946 740 ab
960 672 1077 760 -ipsist

123 759 335 843 apostolorum
353 757 476 820 sedibus
487 759 716 821 succedentium
731 760 853 822 sibimet
873 768 905 823 et
926 762 1046 843 spisso·-

122 861 232 990 gotum
258 843 337 903 serie
361 849 393 902 et
413 843 520 922 populi
542 842 863 909 consensutirmotnr.
899 843 983 905 Nihil
1002 844 1045 906 dc

150 945 211 990 om.
233 925 376 988 Ecclesia
393 925 564 1005 loquimur,
586 925 643 986 sed
664 927 839 1006 universali,
860 934 893 989 et
914 944 972 1008 pro·
996 944 1046 991 ms

122 1011 196 1073 iecit
223 1016 332 1071 contra
362 1008 399 1070 D.
420 1009 483 1090 lt,
513 1010 585 1088 quis
607 1011 821 1071 successiones
854 1011 1045 1072 diversarum

123 1094 242 1155 sedium
271 1091 512 1174 apostolicarum
546 1091 669 1154 sibimet
695 1098 728 1153 et
760 1110 914 1155 consensu
935 1094 1045 1175 populi

122 1176 268 1239 describit
297 1176 502 1257 Augustinus,
542 1179 605 1236 ndn
641 1183 744 1236 autern
778 1177 1045 1245 confirmationem

122 1260 250 1322 aliarum
276 1259 395 1321 sedium
416 1277 473 1340 per
493 1270 587 1319 unam
609 1258 724 1320 sadonr.

398 1439 489 1503 Nunc
510 1439 550 1503 ad
570 1459 635 1501 rem
656 1441 766 1520 ipsein.

207 1596 254 1655 De
276 1594 442 1655 sutcritate
463 1594 567 1656 Matth.
592 1598 645 1658 16:
684 1595 730 1654 Tu
753 1615 786 1656 es
808 1596 926 1677 Petrus,
949 1603 983 1658 ct
1002 1596 1045 1659 cd

87 1685 90 1692 '
122 1680 265 1740 inductos
295 1685 419 1738 autores
451 1676 526 1743 dicit
546 1696 597 1740 nse
619 1697 682 1740 non
706 1678 924 1759 respondisse,
948 1681 1045 1760 guod

123 1762 283 1824 committo
308 1759 395 1822 vobis
416 1759 606 1822 auditoribus
624 1767 655 1823 et
678 1762 856 1842 lectoribus,
876 1781 921 1823 an-
939 1776 1045 1825 versio

123 1847 178 1910 sit.x
193 1845 398 1925 Augustinum
420 1845 451 1903 in
473 1849 595 1906 retract
617 1844 649 1927 ¹)
673 1845 906 1926 relinquentem·
919 1845 1045 1908 electio·

122 1947 194 1990 uem
216 1928 325 1989 lectori
347 1945 439 2006 super
460 1925 578 1987 duobus
600 1929 761 1990 sententiis
789 1928 926 1991 eiusdem
957 1936 1069 2015 suta,

123 2013 220 2073 ritstis
243 2010 390 2091 opposuit
410 2009 535 2084 dicens,
567 2028 601 2070 se
623 2009 730 2072 ambas
754 2012 899 2091 amplecti
920 2018 1045 2075 senten·

121 2098 196 2174 tias,
226 2092 309 2174 quod
341 2092 415 2153 mihi
446 2092 570 2173 placet,
603 2102 634 2155 et
668 2096 713 2156 sic
746 2095 821 2156 nihil
847 2102 957 2157 contra
977 2108 1044 2171 “ns

143 2179 243 2240 robat.
526 2205 528 2207 ·
820 2214 844 2233 ,-

121 2198 141 2259 p
203 2259 347 2322 Secunde
376 2260 525 2320 autoritas
553 2259 647 2320 divini
675 2260 749 2320 iuris
778 2278 797 2321 a
829 2262 1044 2325 dominatione

121 2363 177 2405 sua
198 2343 382 2404 inductaest
403 2342 496 2403 haec:
518 2343 615 2404 Pasce
637 2361 713 2404 oves
736 2362 830 2426 mess,
843 2344 956 2407 dolien.
978 2345 1068 2425 ult.‚‘

121 2435 154 2489 et
173 2426 296 2508 gaudeo
326 2425 452 2487 tondens
478 2432 551 2506 post
582 2433 643 2487 tres
665 2426 731 2487 dies
753 2427 921 2507 aliquando
943 2429 1042 2491 audiri

122 2529 214 2572 unam
227 2511 423 2571 autoritatem
436 2508 531 2570 divini
541 2510 626 2588 iuris,
648 2528 710 2592 quc
732 2508 907 2581 firmissime
929 2513 1045 2575 nitatur

121 2596 187 2655 eius
209 2592 371 2671 sententis,
392 2591 447 2653 sed
468 2591 627 2653 videamus
650 2599 682 2654 et
700 2595 810 2673 ipsam.

203 2678 337 2737 Primum
359 2678 419 2736 ista
439 2679 586 2736 autoritas
609 2676 729 2737 videtur
755 2677 885 2760 intelligi
914 2678 1043 2759 duplici·

122 2767 177 2832 ter,
199 2778 271 2838 uno,
294 2758 497 2840 perverbum
517 2759 658 2841 diligere,
680 2758 710 2818 id
722 2761 806 2838 qnod
824 2769 881 2841 est,
903 2762 960 2823 sibi
983 2763 1042 2844 ipsi

121 2843 225 2924 tidere,
246 2851 278 2904 et
299 2840 531 2923 quidvislicere,
553 2849 585 2904 et
605 2843 1042 2926 perversum·psscsre,icen

122 2927 206 3007 quod
226 2928 357 3008 primum
380 2945 450 2987 esse
473 2933 505 2987 et
524 2944 665 3008 regnare.
711 2926 752 2987 Et
772 2928 818 2989 sic
836 2929 896 2991 crit
915 2940 1042 2989 sensus:

121 3011 219 3089 Petra,
242 3012 267 3071 si
288 3010 391 3091 diligis
413 3028 472 3088 ms,
489 3009 521 3070 id
543 3017 600 3089 est,
625 3011 651 3070 si
672 3014 725 3071 tua
740 3013 913 3097 quaesieris⁸
923 3017 957 3073 et
978 3028 1042 3073 om·

121 3095 323 3173 ulcisceris,
352 3111 431 3174 quse
463 3092 673 3154 adulatoribus
695 3094 753 3154 tuis
776 3095 916 3175 plecent,
945 3112 1041 3176 pasce

122 3196 197 3239 oves
219 3197 315 3258 meas,
336 3177 368 3237 id
390 3185 447 3257 est,
469 3184 536 3238 estc
558 3178 672 3258 primus
695 3177 879 3239 etdominus
894 3179 1042 3242 omnium.

121 3261 212 3323 Hunc
233 3279 356 3322 sensum
379 3279 442 3322 non
464 3261 566 3323 habeo
589 3261 621 3321 in
643 3279 716 3322 meo
736 3258 854 3323 abdico.

205 3345 276 3406 Alio
299 3344 408 3405 modo:
442 3342 474 3405 Si
496 3343 598 3426 diligis
621 3364 684 3422 me,
708 3346 739 3405 id
762 3344 990 3427 eat‚-abuegas
1011 3351 1042 3405 ts

120 3429 230 3510 ipsum,
253 3430 278 3488 si
299 3430 391 3510 ponis
402 3429 536 3488 animam
558 3437 641 3489 tuam
662 3446 719 3509 pro
732 3448 790 3509 me,
813 3428 840 3489 si
861 3429 955 3489 etism
976 3444 1042 3490 on·

122 3514 191 3573 nem
214 3512 395 3594 dignitatem
418 3513 581 3592 respueris,
603 3519 635 3573 et
656 3511 730 3573 nihil
752 3513 872 3573 nisime
886 3511 1042 3589 dilexerim

175 3774 208 3844 1)
227 3771 259 3827 ln
276 3773 320 3830 cd.
338 3773 398 3827 Jcn.
417 3777 445 3826 ot
463 3787 506 3842 sp.
524 3771 650 3828 Lcesohu
673 3774 753 3825 tract.
