2346 4208
337 259 351 305 ἰ’
428 256 582 310 alleluiis
602 263 724 325 excepta.
996 238 1038 321 ιιι

122 447 166 501 ιιι
208 441 239 500 in
263 440 355 500 coelo
377 440 460 502 velle
483 439 665 503 deturbare?
696 440 774 502 Nam
797 442 821 502 si
844 441 936 503 etiam
959 440 1038 501 insa·

122 525 227 584 niant
238 543 348 584 omnes
383 523 559 586 adulatores
595 526 684 587 Rom.
713 524 885 597 Pontificio
924 542 1038 604 regere

123 626 182 667 non
206 613 348 685 possunt
370 608 532 668 ecclesiam
546 608 656 670 christi
678 609 771 669 tuisse
793 610 833 670 20
854 626 953 669 anuos
974 607 1038 666 tun·

123 689 248 765 datnm
272 682 450 750 coronatam
474 711 528 770 per
549 691 673 751 multam
699 691 781 752 orbis
803 699 948 751 terrarum
973 708 1039 769 por-

123 780 205 838 tem,
240 777 405 850 antequam
428 773 518 836 Rom.
542 775 674 835 ecclesis
702 774 789 835 lieret
811 792 849 834 ιιι
872 774 978 846 Petro,
1008 779 1040 832 ut

124 855 295 915 clarissime
317 862 404 935 patet
426 876 464 916 ex
488 858 621 937 epistola
641 857 681 917 sd
703 856 840 935 Galatas,
863 856 913 917 ubi
935 855 1040 917 scribit

124 938 233 998 Paulus
257 937 317 1016 ¹⁸),
344 958 377 999 se
404 947 477 1019 post
497 949 559 1000 tres
581 959 680 1002 annos
702 942 823 1001 venisse
844 940 883 1001 ιιι
907 940 1039 1017 Petrum,

122 1020 232 1081 deinde
252 1027 327 1101 post
347 1023 577 1100 quatuordecim
591 1042 699 1084 -annos
731 1025 840 1084 iterum
864 1022 1040 1085 ascendisse

123 1103 158 1164 ad
182 1105 319 1164 Petrum.
347 1103 405 1179 Qui
427 1107 453 1164 si
476 1107 689 1184 conferantur,
720 1107 913 1167 invenientur
945 1106 1041 1167 ferme

123 1187 228 1248 decem
245 1194 279 1246 et
290 1194 361 1248 octo
373 1189 445 1247 anni
466 1190 761 1268 postascensionem
772 1188 893 1264 Christi,
917 1188 1039 1268 quando

124 1270 230 1330 Petrus
253 1269 355 1330 adhuc
377 1278 442 1332 erat
462 1271 707 1352 Hierosolymis,
736 1280 769 1334 ut
790 1281 909 1333 taceam
930 1284 1047 1350 annos,-

123 1354 232 1431 qnibus
256 1353 338 1413 sedit
359 1355 559 1435 Antiochiae,
586 1363 619 1416 ut
642 1374 704 1416 non
726 1358 826 1436 possit
848 1355 923 1426 dici,
950 1348 1057 1415 Rom'

123 1437 288 1497 ecclesiam
321 1455 389 1497 esse
411 1439 541 1517 primam
569 1447 599 1499 et
621 1446 713 1518 caput
739 1440 805 1500 iure
827 1438 947 1499 divino..
971 1438 1039 1497 lam
1117 1468 1124 1481 ι

124 1519 196 1579 illud
223 1521 319 1599 magis
341 1535 445 1600 urget,
479 1521 560 1600 quod
590 1541 702 1602 graeca
730 1522 863 1583 ecclesis
884 1540 980 1598 usque
1002 1519 1041 1581 ad

122 1611 227 1662 nostra
261 1611 402 1682 tempore
430 1624 584 1684 nunquam
615 1605 736 1684 accepit
768 1606 934 1684 episcopos
967 1622 1040 1664 suos

125 1684 325 1745 confirmatos
356 1704 394 1744 ex
422 1686 516 1749 Rom·
536 1686 610 1747 ldeo
639 1689 664 1749 si
691 1687 798 1748 fuisset
827 1689 873 1747 ius
904 1687 1038 1747 divinum

123 1787 173 1846 per
197 1773 317 1827 tantum
347 1773 483 1848 tempus,
522 1789 630 1829 omnes
653 1770 789 1866 episcopi
824 1767 1041 1845 Alexandriae,

122 1850 410 1945 Constantinopolis
432 1852 550 1932 aliquot
571 1853 766 1925 sanctissimi
790 1859 822 1912 ut
835 1851 965 1930 Gregor.
977 1851 1039 1911 Na·

122 1953 186 1993 nnn
212 1942 245 1993 et
267 1935 361 1993 ceteri
383 1954 474 2013 quam
498 1935 618 2014 plurimi
642 1943 746 1997 essent
767 1933 912 2011 damnati,
935 1934 1039 1994 haere·

123 2017 169 2076 tici
194 2025 225 2076 et
246 2016 421 2096 Bohemici‚
452 2036 512 2097 qua
539 2017 731 2097 blasphemia
753 2017 827 2082 nihil
856 2023 960 2095 potest
947 2015 1039 2077 tde

123 2098 294 2159 testabilius
318 2098 387 2160 dici.

1058 2187 1072 2223 ι

345 2250 393 2311 Ad
416 2259 597 2331 argumenta
619 2253 817 2339 solutionpm.

203 2367 336 2441 Quando
359 2370 500 2448 egregius
523 2369 559 2428 D.
582 2369 618 2429 D.
641 2368 729 2429 dicit:
766 2368 944 2446 Aequalitas
967 2387 1040 2446 apo·

124 2451 251 2510 stolatus
274 2471 336 2511 non
360 2452 550 2529 praeiudicat
570 2454 722 2531 primatui,
746 2461 776 2511 ιι
788 2452 912 2510 ιιιιιιιιιι
925 2451 954 2509 S.
966 2470 1040 2511 mar.
1126 2492 1128 2497 ·

123 2533 305 2593 Ananletum
329 2533 427 2593 distin.
453 2539 501 2597 21.
532 2536 584 2595 (la.
608 2537 637 2593 in
663 2536 751 2595 Novo
777 2543 856 2608 test,
879 2532 948 2592 dico
971 2533 1039 2591 bre-

124 2619 207 2688 viter
231 2617 292 2676 hoe
315 2625 361 2675 ιιι
383 2637 474 2675 unum
498 2617 537 2676 de
560 2618 761 2695 frigidissimis
784 2618 889 2676 decret
889 2619 934 2684 ιι
958 2615 1038 2692 quod

124 2701 283 2778 impugno,
307 2719 364 2758 nec
387 2699 465 2758 ullus
489 2700 561 2759 mihi
583 2700 788 2779 persuadebit
768 2701 871 2759 hoc
883 2699 1038 2758 decretum

124 2801 191 2842 ιιιι
215 2783 303 2840 huius
332 2783 428 2841 sancti
451 2790 528 2867 pon
517 2781 659 2842 ificrs
629 2791 758 2842 mar
759 2803 831 2862 yrrs
857 2782 904 2840 Ad
934 2800 1042 2840 secun·

123 2865 213 2923 dum:
242 2865 312 2924 Non
344 2866 432 2944 posui
456 2867 515 2924 vim
538 2867 567 2924 in
592 2866 785 2925 ordinatione
814 2865 1039 2943 apostolorum

123 2948 159 3006 ιιι
183 2948 295 3024 quoin
312 2942 507 3026 opponendo
531 2948 708 3008 videbimus.

204 3031 320 3102 Tertio,
343 3031 424 3108 quod
438 3031 622 3110 Cyprianum
646 3030 766 3090 induxit
755 3030 972 3108 tnequipsran
978 3036 1037 3086 tem

121 3112 282 3191 apostolos
306 3120 367 3172 tem
390 3115 420 3172 in
444 3114 562 3173 honore
590 3133 679 3191 quarn
704 3116 733 3172 in
758 3118 930 3191 potestate,
971 3130 1037 3169 cnm

122 3215 179 3275 ego
207 3195 353 3253 dixissem
377 3196 411 3256 B.
436 3197 556 3255 Petrum
579 3197 697 3256 honore
719 3197 813 3254 fuisse
834 3197 978 3272 priorem,
1008 3193 1040 3251 li-

122 3277 300 3337 bentissime
323 3278 470 3351 admitto,
494 3287 526 3337 et
547 3281 570 3337 si
596 3299 674 3357 opus
697 3287 758 3353 est,
788 3277 916 3337 libenter
939 3295 1039 3334 errare

124 3360 205 3430 volo,
229 3359 322 3420 modo
348 3361 382 3421 l).
401 3361 436 3420 D.
461 3361 601 3421 obtineat
622 3363 682 3421 hoo
705 3381 760 3440 pro
783 3361 922 3430 veritate,
946 3366 976 3416 ιι
998 3357 1041 3415 di-

122 3453 170 3502 ost
192 3451 313 3522 postes,
337 3444 387 3504 ubi
412 3453 519 3522 postea
531 3455 654 3503 maneat
677 3445 873 3523 principatus.
899 3442 973 3500 Dico
998 3450 1041 3498 ts·

122 3546 201 3601 men,
225 3527 307 3603 quod
330 3528 467 3605 aequalis
491 3535 538 3587 est
559 3527 660 3587 honor
672 3526 882 3607 apostolorum
898 3523 935 3583 sd
952 3523 1041 3599 alios,

157 3769 187 3838 'l
209 3767 297 3823 cuis
319 3770 345 3822 ι.
