2346 4208
193 279 237 347 20
410 282 458 338 Aa
476 262 683 355 Aagooemtem
703 283 887 338 Emamanum

195 479 365 533 castrorum
397 474 480 534 acies
509 472 659 536 ordinata.
701 472 743 532 Et
768 492 844 533 sano
870 472 1011 533 videmus
1036 472 1113 532 hunc

194 557 284 616 ritum
309 556 534 618 haereticorum
555 556 777 617 vincendorum
804 556 1032 637 praevaluisse,
1056 555 1114 616 hcc

194 646 251 717 est,
268 642 432 700 veritatem
445 660 546 720 paene
562 642 745 700 exstinctam
765 658 844 719 esse,
856 640 928 700 dum
941 640 1115 720 suspicione

194 723 338 803 placendi
373 724 536 784 haereticis
563 723 717 803 prohibita
738 729 790 783 est
804 741 944 804 pugnare
965 731 998 783 et
1017 723 1116 783 trium·

191 806 301 885 phare.

277 889 372 969 Igitur
399 889 478 949 duos
505 908 607 949 novos
630 888 719 949 locos
740 896 772 949 tu
796 895 827 949 et
847 889 993 969 theologi·
1008 889 1114 948 tuiin·

193 981 355 1051 venerunt,
379 991 457 1050 quos
480 991 539 1032 nec
560 972 753 1051 Aristoteles,
776 991 836 1032 uec
856 973 976 1049 Cicero,
989 971 1114 1050 topica

187 1074 258 1117 -rum
281 1056 418 1136 insignes
441 1063 579 1132 autores,
601 1056 739 1116 invenire
761 1063 942 1135 potuerunt,
964 1055 1016 1134 qui
1038 1053 1113 1114 tales

193 1146 265 1198 aunt
285 1157 323 1198 ao
344 1139 431 1216 tanti,
453 1146 486 1199 ut
507 1140 575 1198 vice
597 1140 732 1199 omnium
755 1139 886 1198 aliorum
908 1139 1021 1198 sintin
1043 1152 1114 1216 quo

187 1223 239 1281 via
258 1220 384 1281 dicendi
407 1239 537 1301 genere,
565 1221 597 1281 bi
619 1229 690 1282 snut
710 1222 856 1302 placitum
879 1229 910 1281 et
931 1218 1114 1300 displicitum

191 1304 430 1366 baereticorum.
473 1305 527 1365 His
557 1305 637 1364 enim
660 1305 729 1365 freti
751 1305 860 1365 Emser
882 1313 914 1364 et
934 1304 1045 1364 Eccius
1067 1321 1114 1363 me

191 1387 381 1448 haereticum
405 1397 551 1469 arguunt,
578 1407 634 1468 pro
656 1388 827 1449 incredibili
846 1389 1022 1448 rhetoricae
1041 1404 1114 1446 suae

188 1471 311 1550 peritia.
355 1470 421 1531 Nec
442 1478 489 1531 est
510 1471 560 1531 hic
581 1489 710 1532 necesse
733 1472 915 1551 explorare,
941 1491 981 1531 au
1010 1469 1114 1533 haere

192 1554 255 1614 tica
283 1555 360 1633 sint,
391 1573 471 1634 quae
501 1555 633 1634 placent.
679 1555 733 1617 Sat
761 1561 809 1615 est
836 1556 1001 1635 suspicari,
1032 1552 1112 1632 quod

192 1636 345 1719 placeant,
363 1643 426 1698 tum
448 1657 522 1698 mox
542 1638 651 1718 vulgus
670 1637 848 1698 irritandum
873 1644 929 1700 est.
973 1636 1025 1698 Sic
1042 1637 1114 1696 victi

191 1726 263 1780 sunt
280 1719 437 1799 haeretici,
461 1721 593 1781 ecclesia
615 1721 751 1800 defensa,
774 1729 804 1782 et
826 1723 939 1781 veritas
960 1719 1033 1781 fidei
1055 1738 1113 1780 ser

193 1810 274 1883 vata,
296 1810 330 1863 ut
351 1805 515 1884 impleatur
535 1802 610 1863 illud
632 1805 731 1865 isaiae
751 1810 783 1867 l:
806 1805 896 1865 Dabo
911 1823 1025 1884 pueros
1035 1804 1113 1884 prin·

191 1888 278 1966 cipes
304 1905 428 1966 eorum,
451 1896 482 1947 et
504 1885 671 1948 effeminati
693 1886 931 1949 dominabuntur
952 1900 1088 1948 eorum·

273 1970 369 2029 Vides
392 1989 481 2051 ergo,
512 1972 554 2030 mi
576 1970 700 2050 Emser,
729 1971 808 2032 haec
829 1978 968 2031 monstra
988 1977 1019 2031 te
1041 1969 1113 2029 didi·

189 2054 270 2113 cisse
297 2052 336 2114 ab
358 2053 469 2131 Eccio,
499 2072 569 2112 nam
593 2062 624 2114 et
645 2055 710 2132 hic,
723 2078 726 2085 ⁴
739 2063 773 2114 ut
794 2061 842 2114 est
862 2055 962 2114 inanis
983 2053 1113 2114 scientia

189 2137 425 2216 scripturarum,
457 2137 539 2196 aliud
567 2136 690 2217 Lipsiae
719 2144 930 2233 argumentum
960 2137 1112 2198 robuatius

189 2239 250 2279 non
274 2219 380 2278 habuit
368 2227 395 2297 t,
420 2238 510 2298 quam
534 2220 641 2280 horum
664 2221 844 2300 locorums
836 2241 866 2280 rn
888 2239 949 2335 quo
971 2239 1036 2280 non
1058 2221 1109 2280 im·

188 2303 297 2361 mento
265 2302 408 2363 tvohis
431 2304 557 2383 placuit.

272 2384 333 2445 Sed
354 2387 426 2463 quia
448 2386 628 2467 Aegoceros
653 2405 702 2464 ee,
730 2387 820 2447 facile
841 2385 970 2446 hoct
921 2393 988 2446 rete
1009 2405 1108 2446 meum

188 2467 314 2546 eludes,
343 2469 504 2548 dicesque:
538 2469 610 2530 Non
641 2433 754 2530 darbno
777 2477 830 2530 tua
851 2469 1013 2550 dogmata,
1042 2487 1109 2546 nee,

188 2550 280 2631 quod>
294 2552 439 2631 placeant
459 2553 614 2629 Bohemis,
637 2553 790 2632 indignor,
813 2552 867 2612 sed
881 2551 964 2632 quod
981 2571 1109 2613 erronea

189 2634 335 2716 dogmata
357 2637 497 2717 placent,
524 2655 653 2715 quorum
678 2641 707 2697 te
728 2644 867 2697 autorem
889 2635 967 2697 falso
990 2642 1108 2716 putant.

265 2719 418 2797 Primum,
448 2719 569 2780 adeone
599 2718 638 2779 de
661 2722 797 2780 omnium
821 2720 995 2780 mortalium
1018 2736 1109 2782 aenea

187 2801 367 2882 desperasti,
391 2810 424 2862 ut
438 2803 497 2862 hac
511 2802 628 2863 insulsa
646 2810 677 2862 et
697 2805 803 2883 inepta
825 2810 878 2864 tua
899 2803 1020 2865 vafritie
1042 2821 1109 2884 spe·

186 2886 261 2945 raris
284 2904 392 2946 omnes
414 2885 501 2946 illudi
522 2904 632 2965 posse,
664 2894 696 2945 ut
717 2887 772 2947 tibi
795 2885 935 2962 credant,
969 2888 1031 2948 alia
1053 2886 1108 2946 Bo·

185 2968 283 3028 hemis
307 2966 455 3049 dogmata
475 2988 545 3029 mea
568 2969 732 3049 placuisse,
756 2989 847 3049 quam
871 2973 1003 3049 quaein
1026 2969 1108 3031 libris

186 3052 262 3111 mois
289 3051 450 3131 legerunt?
483 3050 584 3126 ‘Quod
615 3055 639 3112 si
667 3072 737 3114 mea
764 3053 911 3134 dogmata
930 3053 1108 3133 probarunt,

185 3142 217 3194 et
239 3143 270 3195 tu
295 3137 356 3195 iam
379 3136 458 3196 falso
485 3155 540 3196 eos
562 3136 711 3216 probasse
734 3139 840 3216 garris,
864 3139 936 3215 quia
957 3137 1107 3199 Bohemc-

186 3237 251 3279 rum
283 3219 485 3298 patrocinium
514 3221 671 3299 recusavi,
704 3219 775 3299 quid
803 3221 884 3279 aliud
914 3221 985 3280 hinc
1012 3221 1108 3300 sequi·

188 3308 245 3380 tur,
267 3303 325 3361 nisi
339 3301 388 3361 vel
401 3309 432 3363 te
443 3303 638 3382 impudenter
649 3304 781 3383 mentiri,
805 3303 855 3364 vel
876 3322 925 3364 me
945 3321 1109 3365 revocasse

185 3403 255 3445 mea
277 3385 445 3465 dogmata?

267 3468 405 3547 Deinde,
435 3468 572 3547 nunquid
601 3487 660 3548 ego
684 3470 769 3531 idolo
794 3477 848 3531 tuo
870 3471 964 3530 Eccio
987 3470 1108 3551 Lipsiae

184 3551 228 3610 sic
243 3551 315 3629 dixi,
338 3515 466 3612 sicdttu
489 3551 596 3613 scribis
618 3553 762 3632 perfricta
785 3555 896 3632 fronte,
919 3552 1002 3633 quod
1025 3553 1108 3633 quid

77 3712 80 3717 b
183 3634 256 3712 quid
278 3599 317 3695 de’
339 3654 388 3695 me
412 3635 541 3696 Bohemi
563 3637 728 3715 sentirent,
760 3657 809 3698 me
839 3657 900 3698 non
925 3637 1108 3718 acceptare?

183 3715 293 3778 Nonne
324 3720 415 3779 toties
443 3721 564 3800 repetit
556 3740 581 3778 rs
544 3719 710 3779 tverbis
740 3720 820 3800 dixi,
852 3741 900 3781 me
922 3720 1056 3781 schisma
1078 3727 1108 3781 et

182 3819 304 3864 errores
320 3800 526 3864 Bohemcrum
541 3822 604 3864 non
618 3802 701 3864 velle
716 3823 776 3866 nec
796 3824 891 3886 posse
913 3805 1000 3883 tueri,
1023 3802 1105 3885 quod

1148 4024 1162 4063 N
