<?xml version="1.0" encoding="UTF-8"?>
<!DOCTYPE html PUBLIC "-//W3C//DTD XHTML 1.0 Transitional//EN"
    "http://www.w3.org/TR/xhtml1/DTD/xhtml1-transitional.dtd">
<html xmlns="http://www.w3.org/1999/xhtml" xml:lang="en" lang="en">
 <head>
  <title>
</title>
<meta http-equiv="Content-Type" content="text/html;charset=utf-8" />
  <meta name='ocr-system' content='tesseract 3.04.00' />
  <meta name='ocr-capabilities' content='ocr_page ocr_carea ocr_par ocr_line ocrx_word'/>
</head>
<body>
  <div class='ocr_page' id='page_1' title='image "./dmartinilutheri04luthgoog_0395.png"; bbox 0 0 2346 4208; ppageno 0'>
   <div class='ocr_carea' id='block_1_1' title="bbox 174 227 990 336">
    <p class='ocr_par' dir='ltr' id='par_1_1' title="bbox 174 227 990 336">
     <span class='ocr_line' id='line_1_1' title="bbox 174 227 990 336; baseline 0.002 -19"><span class='ocrx_word' id='word_1_1' title='bbox 174 260 238 327; x_wconf 82' lang='lat'>384</span> <span class='ocrx_word' id='word_1_2' title='bbox 294 227 296 233; x_wconf 28' lang='grc' dir='ltr'>Ι</span> <span class='ocrx_word' id='word_1_3' title='bbox 327 265 423 321; x_wconf 83' lang='lat' dir='ltr'>Rosol.</span> <span class='ocrx_word' id='word_1_4' title='bbox 442 266 469 320; x_wconf 82' lang='lat' dir='ltr'>Ir.</span> <span class='ocrx_word' id='word_1_5' title='bbox 489 282 550 336; x_wconf 81' lang='lat' dir='ltr'>sup.</span> <span class='ocrx_word' id='word_1_6' title='bbox 570 268 652 335; x_wconf 86' lang='lat' dir='ltr'>Prop.</span> <span class='ocrx_word' id='word_1_7' title='bbox 672 267 744 322; x_wconf 80' lang='lat' dir='ltr'>Xlil.</span> <span class='ocrx_word' id='word_1_8' title='bbox 764 267 873 336; x_wconf 80' lang='lat' dir='ltr'>tle-pot.</span> <span class='ocrx_word' id='word_1_9' title='bbox 892 269 990 336; x_wconf 73' lang='lat' dir='ltr'>Papae.</span> 
     </span>
    </p>
   </div>
   <div class='ocr_carea' id='block_1_2' title="bbox 174 451 1099 1364">
    <p class='ocr_par' dir='ltr' id='par_1_2' title="bbox 174 451 1099 1364">
     <span class='ocr_line' id='line_1_2' title="bbox 176 451 1099 531; baseline 0.003 -20"><span class='ocrx_word' id='word_1_10' title='bbox 176 451 273 512; x_wconf 84' lang='lat' dir='ltr'>ole&#39;sin</span> <span class='ocrx_word' id='word_1_11' title='bbox 295 459 439 531; x_wconf 77' lang='lat' dir='ltr'>sonetur,</span> <span class='ocrx_word' id='word_1_12' title='bbox 473 451 554 530; x_wconf 88' lang='lat' dir='ltr'>quod</span> <span class='ocrx_word' id='word_1_13' title='bbox 578 473 633 511; x_wconf 85' lang='lat' dir='ltr'>rex</span> <span class='ocrx_word' id='word_1_14' title='bbox 662 459 768 513; x_wconf 79' lang='lat' dir='ltr'>nostes·</span> <span class='ocrx_word' id='word_1_15' title='bbox 797 473 858 513; x_wconf 90' lang='lat' dir='ltr'>oon</span> <span class='ocrx_word' id='word_1_16' title='bbox 887 453 1021 529; x_wconf 75' lang='lat' dir='ltr'>videtur,</span> <span class='ocrx_word' id='word_1_17' title='bbox 1044 454 1099 514; x_wconf 87' lang='lat' dir='ltr'>sed</span> 
     </span>
     <span class='ocr_line' id='line_1_3' title="bbox 176 534 1098 617; baseline 0.003 -24"><span class='ocrx_word' id='word_1_18' title='bbox 176 534 323 610; x_wconf 78' lang='lat' dir='ltr'>ereditur,</span> <span class='ocrx_word' id='word_1_19' title='bbox 354 537 433 595; x_wconf 90' lang='lat' dir='ltr'>siout</span> <span class='ocrx_word' id='word_1_20' title='bbox 456 539 483 597; x_wconf 83' lang='lat'>1.</span> <span class='ocrx_word' id='word_1_21' title='bbox 516 534 652 596; x_wconf 83' lang='lat' dir='ltr'>Corinth.</span> <span class='ocrx_word' id='word_1_22' title='bbox 678 540 722 599; x_wconf 75' lang='lat'>15.</span> <span class='ocrx_word' id='word_1_23' title='bbox 749 535 837 596; x_wconf 87' lang='lat' dir='ltr'>dioit:</span> <span class='ocrx_word' id='word_1_24' title='bbox 863 537 993 617; x_wconf 78' lang='lat' dir='ltr'>Oportet</span> <span class='ocrx_word' id='word_1_25' title='bbox 1014 538 1098 597; x_wconf 87' lang='lat' dir='ltr'>iilum</span> 
     </span>
     <span class='ocr_line' id='line_1_4' title="bbox 176 618 1097 700; baseline 0.002 -22"><span class='ocrx_word' id='word_1_26' title='bbox 176 637 321 698; x_wconf 75' lang='lat' dir='ltr'>regnare,</span> <span class='ocrx_word' id='word_1_27' title='bbox 356 618 457 678; x_wconf 85' lang='lat' dir='ltr'>donee</span> <span class='ocrx_word' id='word_1_28' title='bbox 478 627 575 698; x_wconf 82' lang='lat' dir='ltr'>ponet</span> <span class='ocrx_word' id='word_1_29' title='bbox 597 620 739 678; x_wconf 83' lang='lat' dir='ltr'>inimieos</span> <span class='ocrx_word' id='word_1_30' title='bbox 761 638 834 679; x_wconf 90' lang='lat' dir='ltr'>suos</span> <span class='ocrx_word' id='word_1_31' title='bbox 856 620 1025 681; x_wconf 73' lang='lat' dir='ltr'>scabellum</span> <span class='ocrx_word' id='word_1_32' title='bbox 1047 640 1097 700; x_wconf 86' lang='lat' dir='ltr'>pe-</span> 
     </span>
     <span class='ocr_line' id='line_1_5' title="bbox 175 700 1097 782; baseline 0.002 -20"><span class='ocrx_word' id='word_1_33' title='bbox 175 700 247 762; x_wconf 90' lang='lat' dir='ltr'>dum</span> <span class='ocrx_word' id='word_1_34' title='bbox 271 720 411 776; x_wconf 78' lang='lat' dir='ltr'>suornm,</span> <span class='ocrx_word' id='word_1_35' title='bbox 443 712 474 761; x_wconf 89' lang='lat' dir='ltr'>et</span> <span class='ocrx_word' id='word_1_36' title='bbox 497 713 569 761; x_wconf 87' lang='lat' dir='ltr'>tuno</span> <span class='ocrx_word' id='word_1_37' title='bbox 592 701 692 761; x_wconf 87' lang='lat' dir='ltr'>trodet</span> <span class='ocrx_word' id='word_1_38' title='bbox 713 722 841 782; x_wconf 83' lang='lat' dir='ltr'>regnum</span> <span class='ocrx_word' id='word_1_39' title='bbox 863 704 930 764; x_wconf 82' lang='lat' dir='ltr'>Deo</span> <span class='ocrx_word' id='word_1_40' title='bbox 953 712 985 763; x_wconf 87' lang='lat' dir='ltr'>et</span> <span class='ocrx_word' id='word_1_41' title='bbox 1006 703 1097 764; x_wconf 75' lang='lat' dir='ltr'>Patri.</span> 
     </span>
     <span class='ocr_line' id='line_1_6' title="bbox 178 784 1098 865; baseline -0.002 -17"><span class='ocrx_word' id='word_1_42' title='bbox 178 789 219 849; x_wconf 79' lang='lat' dir='ltr'>st</span> <span class='ocrx_word' id='word_1_43' title='bbox 241 784 270 843; x_wconf 88' lang='lat' dir='ltr'>hi</span> <span class='ocrx_word' id='word_1_44' title='bbox 293 805 421 865; x_wconf 83' lang='lat' dir='ltr'>regnum</span> <span class='ocrx_word' id='word_1_45' title='bbox 453 804 551 845; x_wconf 84' lang='lat' dir='ltr'>rerum</span> <span class='ocrx_word' id='word_1_46' title='bbox 575 787 781 864; x_wconf 81' lang='lat' dir='ltr'>praesentium</span> <span class='ocrx_word' id='word_1_47' title='bbox 804 785 933 860; x_wconf 77' lang='lat' dir='ltr'>faciunt,</span> <span class='ocrx_word' id='word_1_48' title='bbox 962 786 1034 845; x_wconf 90' lang='lat' dir='ltr'>dum</span> <span class='ocrx_word' id='word_1_49' title='bbox 1056 789 1098 847; x_wconf 78' lang='lat' dir='ltr'>vi·</span> 
     </span>
     <span class='ocr_line' id='line_1_7' title="bbox 176 867 1098 949; baseline 0.003 -22"><span class='ocrx_word' id='word_1_50' title='bbox 176 868 264 928; x_wconf 83' lang='lat' dir='ltr'>sibile</span> <span class='ocrx_word' id='word_1_51' title='bbox 286 878 379 947; x_wconf 82' lang='lat' dir='ltr'>eaput</span> <span class='ocrx_word' id='word_1_52' title='bbox 400 869 529 947; x_wconf 85' lang='lat' dir='ltr'>erigunt.</span> <span class='ocrx_word' id='word_1_53' title='bbox 573 867 650 928; x_wconf 86' lang='lat' dir='ltr'>Nom</span> <span class='ocrx_word' id='word_1_54' title='bbox 681 875 712 928; x_wconf 87' lang='lat' dir='ltr'>et</span> <span class='ocrx_word' id='word_1_55' title='bbox 743 879 859 930; x_wconf 85' lang='lat' dir='ltr'>mortuo</span> <span class='ocrx_word' id='word_1_56' title='bbox 882 869 1028 949; x_wconf 80' lang='lat' dir='ltr'>pontifics</span> <span class='ocrx_word' id='word_1_57' title='bbox 1051 889 1098 930; x_wconf 87' lang='lat' dir='ltr'>eo-</span> 
     </span>
     <span class='ocr_line' id='line_1_8' title="bbox 175 949 1098 1032; baseline 0.003 -22"><span class='ocrx_word' id='word_1_58' title='bbox 175 949 273 1011; x_wconf 84' lang='lat' dir='ltr'>olesio</span> <span class='ocrx_word' id='word_1_59' title='bbox 295 969 357 1011; x_wconf 91' lang='lat' dir='ltr'>oon</span> <span class='ocrx_word' id='word_1_60' title='bbox 381 952 515 1010; x_wconf 88' lang='lat' dir='ltr'>estsine</span> <span class='ocrx_word' id='word_1_61' title='bbox 540 951 657 1030; x_wconf 71' lang='lat' dir='ltr'>eapite,</span> <span class='ocrx_word' id='word_1_62' title='bbox 687 971 741 1010; x_wconf 89' lang='lat' dir='ltr'>our</span> <span class='ocrx_word' id='word_1_63' title='bbox 762 971 836 1032; x_wconf 86' lang='lat' dir='ltr'>ergo</span> <span class='ocrx_word' id='word_1_64' title='bbox 859 954 928 1013; x_wconf 87' lang='lat' dir='ltr'>vivo</span> <span class='ocrx_word' id='word_1_65' title='bbox 951 952 1098 1031; x_wconf 74' lang='lat' dir='ltr'>pontifice</span> 
     </span>
     <span class='ocr_line' id='line_1_9' title="bbox 176 1034 1097 1113; baseline 0.001 -18"><span class='ocrx_word' id='word_1_66' title='bbox 176 1034 313 1095; x_wconf 80' lang='lat' dir='ltr'>Christus</span> <span class='ocrx_word' id='word_1_67' title='bbox 348 1053 408 1094; x_wconf 93' lang='lat' dir='ltr'>non</span> <span class='ocrx_word' id='word_1_68' title='bbox 441 1053 497 1113; x_wconf 88' lang='lat' dir='ltr'>pro</span> <span class='ocrx_word' id='word_1_69' title='bbox 527 1037 628 1113; x_wconf 84' lang='lat' dir='ltr'>sopite</span> <span class='ocrx_word' id='word_1_70' title='bbox 654 1036 739 1095; x_wconf 87' lang='lat' dir='ltr'>solos</span> <span class='ocrx_word' id='word_1_71' title='bbox 761 1035 910 1095; x_wconf 80' lang='lat' dir='ltr'>hebetur?</span> <span class='ocrx_word' id='word_1_72' title='bbox 954 1039 1002 1096; x_wconf 90' lang='lat' dir='ltr'>An</span> <span class='ocrx_word' id='word_1_73' title='bbox 1025 1038 1097 1096; x_wconf 86' lang='lat' dir='ltr'>vivo</span> 
     </span>
     <span class='ocr_line' id='line_1_10' title="bbox 175 1116 1097 1198; baseline -0.002 -19"><span class='ocrx_word' id='word_1_74' title='bbox 175 1117 361 1198; x_wconf 74' lang='lat' dir='ltr'>pontifiee¹t</span> <span class='ocrx_word' id='word_1_75' title='bbox 388 1116 478 1194; x_wconf 79' lang='lat' dir='ltr'>sedit,</span> <span class='ocrx_word' id='word_1_76' title='bbox 502 1125 533 1177; x_wconf 88' lang='lat' dir='ltr'>et</span> <span class='ocrx_word' id='word_1_77' title='bbox 555 1125 676 1177; x_wconf 88' lang='lat' dir='ltr'>mortuo</span> <span class='ocrx_word' id='word_1_78' title='bbox 700 1117 846 1195; x_wconf 78' lang='lat' dir='ltr'>succedit,</span> <span class='ocrx_word' id='word_1_79' title='bbox 868 1119 951 1178; x_wconf 82' lang='lat' dir='ltr'>velut</span> <span class='ocrx_word' id='word_1_80' title='bbox 973 1119 1097 1198; x_wconf 81' lang='lat' dir='ltr'>quidam</span> 
     </span>
     <span class='ocr_line' id='line_1_11' title="bbox 174 1200 1099 1282; baseline 0.001 -22"><span class='ocrx_word' id='word_1_81' title='bbox 174 1200 311 1260; x_wconf 74' lang='lat' dir='ltr'>sitemus</span> <span class='ocrx_word' id='word_1_82' title='bbox 335 1200 490 1280; x_wconf 81' lang='lat' dir='ltr'>pontifex,</span> <span class='ocrx_word' id='word_1_83' title='bbox 525 1203 550 1259; x_wconf 90' lang='lat' dir='ltr'>si</span> <span class='ocrx_word' id='word_1_84' title='bbox 573 1211 718 1260; x_wconf 83' lang='lat' dir='ltr'>autemst</span> <span class='ocrx_word' id='word_1_85' title='bbox 742 1202 814 1261; x_wconf 93' lang='lat' dir='ltr'>vivo</span> <span class='ocrx_word' id='word_1_86' title='bbox 838 1201 984 1281; x_wconf 79' lang='lat' dir='ltr'>pontifice</span> <span class='ocrx_word' id='word_1_87' title='bbox 1007 1212 1099 1282; x_wconf 84' lang='lat' dir='ltr'>ooput</span> 
     </span>
     <span class='ocr_line' id='line_1_12' title="bbox 175 1283 1004 1364; baseline 0.001 -21"><span class='ocrx_word' id='word_1_88' title='bbox 175 1292 232 1362; x_wconf 84' lang='lat' dir='ltr'>est,</span> <span class='ocrx_word' id='word_1_89' title='bbox 255 1283 381 1363; x_wconf 88' lang='lat' dir='ltr'>utquid</span> <span class='ocrx_word' id='word_1_90' title='bbox 404 1283 465 1343; x_wconf 90' lang='lat' dir='ltr'>duo</span> <span class='ocrx_word' id='word_1_91' title='bbox 487 1285 590 1364; x_wconf 79' lang='lat' dir='ltr'>sopito</span> <span class='ocrx_word' id='word_1_92' title='bbox 611 1285 643 1342; x_wconf 88' lang='lat' dir='ltr'>in</span> <span class='ocrx_word' id='word_1_93' title='bbox 665 1284 799 1343; x_wconf 86' lang='lat' dir='ltr'>eoolesio</span> <span class='ocrx_word' id='word_1_94' title='bbox 820 1286 1004 1345; x_wconf 75' lang='lat' dir='ltr'>statuimus?</span> 
     </span>
    </p>
   </div>
   <div class='ocr_carea' id='block_1_3' title="bbox 474 1449 798 1510">
    <p class='ocr_par' dir='ltr' id='par_1_3' title="bbox 474 1449 798 1510">
     <span class='ocr_line' id='line_1_13' title="bbox 474 1449 798 1510; baseline 0.003 -1"><span class='ocrx_word' id='word_1_95' title='bbox 474 1449 798 1510; x_wconf 74' lang='lat' dir='ltr'>Concludo</span> 
     </span>
    </p>
   </div>
   <div class='ocr_carea' id='block_1_4' title="bbox 174 1615 1100 2444">
    <p class='ocr_par' dir='ltr' id='par_1_4' title="bbox 174 1615 1100 2278">
     <span class='ocr_line' id='line_1_14' title="bbox 260 1615 1099 1677; baseline 0 -1"><span class='ocrx_word' id='word_1_96' title='bbox 260 1615 367 1676; x_wconf 87' lang='lat' dir='ltr'>Omnis</span> <span class='ocrx_word' id='word_1_97' title='bbox 390 1615 535 1676; x_wconf 75' lang='lat' dir='ltr'><strong>sacerdos</strong></span> <span class='ocrx_word' id='word_1_98' title='bbox 569 1618 600 1675; x_wconf 92' lang='lat' dir='ltr'>in</span> <span class='ocrx_word' id='word_1_99' title='bbox 624 1616 754 1675; x_wconf 75' lang='lat' dir='ltr'>ortioqu</span> <span class='ocrx_word' id='word_1_100' title='bbox 778 1618 883 1676; x_wconf 88' lang='lat' dir='ltr'>mortis</span> <span class='ocrx_word' id='word_1_101' title='bbox 912 1623 943 1676; x_wconf 90' lang='lat' dir='ltr'>et</span> <span class='ocrx_word' id='word_1_102' title='bbox 965 1619 1099 1677; x_wconf 78' lang='lat' dir='ltr'>necessi·</span> 
     </span>
     <span class='ocr_line' id='line_1_15' title="bbox 175 1693 1098 1781; baseline 0.001 -22"><span class='ocrx_word' id='word_1_103' title='bbox 175 1699 247 1759; x_wconf 76' lang='lat' dir='ltr'>totis</span> <span class='ocrx_word' id='word_1_104' title='bbox 271 1706 318 1759; x_wconf 87' lang='lat' dir='ltr'>est</span> <span class='ocrx_word' id='word_1_105' title='bbox 332 1696 520 1781; x_wconf 76' lang='lat' dir='ltr'>episeopus,</span> <span class='ocrx_word' id='word_1_106' title='bbox 551 1707 599 1758; x_wconf 88' lang='lat' dir='ltr'>est</span> <span class='ocrx_word' id='word_1_107' title='bbox 620 1699 719 1777; x_wconf 78' lang='lat' dir='ltr'>Papa,</span> <span class='ocrx_word' id='word_1_108' title='bbox 748 1698 865 1759; x_wconf 83' lang='lat' dir='ltr'>habens</span> <span class='ocrx_word' id='word_1_109' title='bbox 886 1693 1098 1780; x_wconf 76' lang='lat' dir='ltr'>plenissimum</span> 
     </span>
     <span class='ocr_line' id='line_1_16' title="bbox 175 1780 1100 1862; baseline 0.001 -20"><span class='ocrx_word' id='word_1_110' title='bbox 175 1782 397 1862; x_wconf 81' lang='lat' dir='ltr'>plenitudinem</span> <span class='ocrx_word' id='word_1_111' title='bbox 419 1783 580 1862; x_wconf 80' lang='lat' dir='ltr'>potestatis</span> <span class='ocrx_word' id='word_1_112' title='bbox 603 1801 695 1860; x_wconf 86' lang='lat' dir='ltr'>super</span> <span class='ocrx_word' id='word_1_113' title='bbox 717 1780 937 1861; x_wconf 70' lang='lat' dir='ltr'>confitentem,</span> <span class='ocrx_word' id='word_1_114' title='bbox 960 1791 993 1843; x_wconf 91' lang='lat' dir='ltr'>ut</span> <span class='ocrx_word' id='word_1_115' title='bbox 1016 1793 1100 1843; x_wconf 85' lang='lat' dir='ltr'>tenet</span> 
     </span>
     <span class='ocr_line' id='line_1_17' title="bbox 175 1864 1098 1947; baseline 0.001 -22"><span class='ocrx_word' id='word_1_116' title='bbox 175 1867 332 1926; x_wconf 81' lang='lat' dir='ltr'>sententia</span> <span class='ocrx_word' id='word_1_117' title='bbox 354 1867 525 1925; x_wconf 85' lang='lat' dir='ltr'>eommunis</span> <span class='ocrx_word' id='word_1_118' title='bbox 548 1868 640 1925; x_wconf 89' lang='lat' dir='ltr'>totius</span> <span class='ocrx_word' id='word_1_119' title='bbox 663 1864 830 1940; x_wconf 76' lang='lat' dir='ltr'>eeclesiae,</span> <span class='ocrx_word' id='word_1_120' title='bbox 860 1873 890 1926; x_wconf 86' lang='lat' dir='ltr'>et</span> <span class='ocrx_word' id='word_1_121' title='bbox 919 1886 959 1925; x_wconf 87' lang='lat' dir='ltr'>ex</span> <span class='ocrx_word' id='word_1_122' title='bbox 982 1867 1014 1928; x_wconf 89' lang='lat' dir='ltr'>B.</span> <span class='ocrx_word' id='word_1_123' title='bbox 1041 1866 1098 1947; x_wconf 77' lang='lat' dir='ltr'>ey-</span> 
     </span>
     <span class='ocr_line' id='line_1_18' title="bbox 175 1948 1100 2029; baseline 0.001 -21"><span class='ocrx_word' id='word_1_124' title='bbox 175 1951 273 2028; x_wconf 79' lang='lat' dir='ltr'>prioui</span> <span class='ocrx_word' id='word_1_125' title='bbox 308 1948 448 2028; x_wconf 83' lang='lat' dir='ltr'>epistolis</span> <span class='ocrx_word' id='word_1_126' title='bbox 485 1948 644 2008; x_wconf 86' lang='lat' dir='ltr'>evidenter</span> <span class='ocrx_word' id='word_1_127' title='bbox 673 1949 871 2009; x_wconf 85' lang='lat' dir='ltr'>eonvinoitur.</span> <span class='ocrx_word' id='word_1_128' title='bbox 923 1949 1007 2029; x_wconf 79' lang='lat' dir='ltr'>Ergo</span> <span class='ocrx_word' id='word_1_129' title='bbox 1042 1969 1100 2010; x_wconf 89' lang='lat' dir='ltr'>neo</span> 
     </span>
     <span class='ocr_line' id='line_1_19' title="bbox 176 2031 1100 2112; baseline -0.001 -20"><span class='ocrx_word' id='word_1_130' title='bbox 176 2031 259 2112; x_wconf 80' lang='lat' dir='ltr'>Papo</span> <span class='ocrx_word' id='word_1_131' title='bbox 280 2039 328 2092; x_wconf 88' lang='lat' dir='ltr'>est</span> <span class='ocrx_word' id='word_1_132' title='bbox 349 2033 517 2111; x_wconf 66' lang='lat' dir='ltr'>episeopis,v</span> <span class='ocrx_word' id='word_1_133' title='bbox 536 2051 594 2091; x_wconf 88' lang='lat' dir='ltr'>neo</span> <span class='ocrx_word' id='word_1_134' title='bbox 610 2032 775 2112; x_wconf 83' lang='lat' dir='ltr'>episeopus</span> <span class='ocrx_word' id='word_1_135' title='bbox 797 2041 844 2092; x_wconf 86' lang='lat' dir='ltr'>est</span> <span class='ocrx_word' id='word_1_136' title='bbox 857 2034 997 2112; x_wconf 79' lang='lat' dir='ltr'>superior</span> <span class='ocrx_word' id='word_1_137' title='bbox 1016 2052 1100 2112; x_wconf 87' lang='lat' dir='ltr'>pres-</span> 
     </span>
     <span class='ocr_line' id='line_1_20' title="bbox 176 2114 1098 2195; baseline 0 -21"><span class='ocrx_word' id='word_1_138' title='bbox 176 2115 289 2195; x_wconf 87' lang='lat' dir='ltr'>byteris</span> <span class='ocrx_word' id='word_1_139' title='bbox 318 2117 383 2173; x_wconf 92' lang='lat' dir='ltr'>iure</span> <span class='ocrx_word' id='word_1_140' title='bbox 412 2114 532 2192; x_wconf 80' lang='lat' dir='ltr'>divine,</span> <span class='ocrx_word' id='word_1_141' title='bbox 569 2122 654 2175; x_wconf 88' lang='lat' dir='ltr'>tenet</span> <span class='ocrx_word' id='word_1_142' title='bbox 682 2117 920 2194; x_wconf 68' lang='lat' dir='ltr'>consequentia,</span> <span class='ocrx_word' id='word_1_143' title='bbox 952 2116 1024 2194; x_wconf 83' lang='lat' dir='ltr'>quio</span> <span class='ocrx_word' id='word_1_144' title='bbox 1051 2117 1098 2176; x_wconf 88' lang='lat' dir='ltr'>ius</span> 
     </span>
     <span class='ocr_line' id='line_1_21' title="bbox 174 2197 1098 2278; baseline 0.003 -21"><span class='ocrx_word' id='word_1_145' title='bbox 174 2197 311 2257; x_wconf 89' lang='lat' dir='ltr'>divinum</span> <span class='ocrx_word' id='word_1_146' title='bbox 333 2207 380 2258; x_wconf 88' lang='lat' dir='ltr'>est</span> <span class='ocrx_word' id='word_1_147' title='bbox 397 2198 586 2259; x_wconf 73' lang='lat' dir='ltr'>immutabile</span> <span class='ocrx_word' id='word_1_148' title='bbox 609 2200 719 2258; x_wconf 83' lang='lat' dir='ltr'>tamin</span> <span class='ocrx_word' id='word_1_149' title='bbox 733 2199 806 2277; x_wconf 77' lang='lat' dir='ltr'>vito,</span> <span class='ocrx_word' id='word_1_150' title='bbox 831 2218 921 2278; x_wconf 82' lang='lat' dir='ltr'>quam</span> <span class='ocrx_word' id='word_1_151' title='bbox 945 2201 974 2258; x_wconf 90' lang='lat' dir='ltr'>in</span> <span class='ocrx_word' id='word_1_152' title='bbox 991 2208 1098 2261; x_wconf 84' lang='lat' dir='ltr'>morte.</span> 
     </span>
    </p>

    <p class='ocr_par' dir='ltr' id='par_1_5' title="bbox 288 2281 993 2444">
     <span class='ocr_line' id='line_1_22' title="bbox 573 2281 701 2341; baseline 0 0"><span class='ocrx_word' id='word_1_153' title='bbox 573 2281 701 2341; x_wconf 52' lang='lat' dir='ltr'>sinist.</span> 
     </span>
     <span class='ocr_line' id='line_1_23' title="bbox 288 2295 993 2444; baseline 0.004 -21"><span class='ocrx_word' id='word_1_154' title='bbox 288 2364 318 2423; x_wconf 81' lang='lat' dir='ltr'>si</span> <span class='ocrx_word' id='word_1_155' title='bbox 343 2364 413 2443; x_wconf 87' lang='lat' dir='ltr'>quid</span> <span class='ocrx_word' id='word_1_156' title='bbox 437 2367 564 2444; x_wconf 80' lang='lat' dir='ltr'>requiris</span> <span class='ocrx_word' id='word_1_157' title='bbox 587 2295 728 2444; x_wconf 60' lang='lat' dir='ltr'>amplids</span> <span class='ocrx_word' id='word_1_158' title='bbox 751 2364 820 2424; x_wconf 80' lang='lat' dir='ltr'>stibi</span> <span class='ocrx_word' id='word_1_159' title='bbox 844 2367 993 2426; x_wconf 89' lang='lat' dir='ltr'>invenies.</span> 
     </span>
    </p>
   </div>
   <div class='ocr_carea' id='block_1_5' title="bbox 232 2529 1035 2610">
    <p class='ocr_par' dir='ltr' id='par_1_6' title="bbox 232 2529 1035 2610">
     <span class='ocr_line' id='line_1_24' title="bbox 232 2529 1035 2610; baseline 0.01 -22"><span class='ocrx_word' id='word_1_160' title='bbox 232 2529 271 2590; x_wconf 77' lang='lat' dir='ltr'>m</span> <span class='ocrx_word' id='word_1_161' title='bbox 294 2531 323 2588; x_wconf 88' lang='lat' dir='ltr'>in</span> <span class='ocrx_word' id='word_1_162' title='bbox 347 2538 427 2590; x_wconf 86' lang='lat' dir='ltr'>terra</span> <span class='ocrx_word' id='word_1_163' title='bbox 450 2550 512 2610; x_wconf 81' lang='lat' dir='ltr'>pax</span> <span class='ocrx_word' id='word_1_164' title='bbox 535 2530 709 2590; x_wconf 88' lang='lat' dir='ltr'>hominibus</span> <span class='ocrx_word' id='word_1_165' title='bbox 733 2532 835 2593; x_wconf 80' lang='lat' dir='ltr'>bonae</span> <span class='ocrx_word' id='word_1_166' title='bbox 858 2530 1035 2596; x_wconf 81' lang='lat' dir='ltr'>voluntatis.</span> 
     </span>
    </p>
   </div>
   <div class='ocr_carea' id='block_1_6' title="bbox 174 2701 1099 2841">
    <p class='ocr_par' dir='ltr' id='par_1_7' title="bbox 174 2701 1099 2841">
     <span class='ocr_line' id='line_1_25' title="bbox 211 2701 1099 2769; baseline 0.006 -18"><span class='ocrx_word' id='word_1_167' title='bbox 211 2703 244 2764; x_wconf 84' lang='grc'>1)</span> <span class='ocrx_word' id='word_1_168' title='bbox 261 2703 288 2752; x_wconf 84' lang='lat' dir='ltr'>tn</span> <span class='ocrx_word' id='word_1_169' title='bbox 310 2701 351 2755; x_wconf 85' lang='lat' dir='ltr'>ed.</span> <span class='ocrx_word' id='word_1_170' title='bbox 373 2704 478 2769; x_wconf 82' lang='lat' dir='ltr'>priore:</span> <span class='ocrx_word' id='word_1_171' title='bbox 500 2704 631 2769; x_wconf 81' lang='lat' dir='ltr'>pontitioi.</span> <span class='ocrx_word' id='word_1_172' title='bbox 652 2701 685 2761; x_wconf 68' lang='lat'>2)</span> <span class='ocrx_word' id='word_1_173' title='bbox 700 2702 800 2753; x_wconf 81' lang='lat' dir='ltr'>ibidem</span> <span class='ocrx_word' id='word_1_174' title='bbox 820 2705 848 2753; x_wconf 92' lang='lat' dir='ltr'>in</span> <span class='ocrx_word' id='word_1_175' title='bbox 870 2704 922 2754; x_wconf 83' lang='lat' dir='ltr'>tine</span> <span class='ocrx_word' id='word_1_176' title='bbox 937 2711 1044 2756; x_wconf 77' lang='lat' dir='ltr'>tontum</span> <span class='ocrx_word' id='word_1_177' title='bbox 1064 2709 1099 2756; x_wconf 81' lang='lat' dir='ltr'>le·</span> 
     </span>
     <span class='ocr_line' id='line_1_26' title="bbox 174 2773 544 2841; baseline 0.005 -17"><span class='ocrx_word' id='word_1_178' title='bbox 174 2775 262 2841; x_wconf 78' lang='lat' dir='ltr'>gitur:</span> <span class='ocrx_word' id='word_1_179' title='bbox 286 2773 344 2825; x_wconf 91' lang='lat' dir='ltr'>Soli</span> <span class='ocrx_word' id='word_1_180' title='bbox 364 2774 424 2828; x_wconf 90' lang='lat' dir='ltr'>Deo</span> <span class='ocrx_word' id='word_1_181' title='bbox 444 2774 544 2840; x_wconf 81' lang='lat' dir='ltr'>glorio.</span> 
     </span>
    </p>
   </div>
   <div class='ocr_carea' id='block_1_7' title="bbox 0 0 1178 4208">
    <p class='ocr_par' dir='ltr' id='par_1_8' title="bbox 0 0 1178 4208">
     <span class='ocr_line' id='line_1_27' title="bbox 0 0 1178 4208; baseline 0 0"><span class='ocrx_word' id='word_1_182' title='bbox 0 0 1178 4208; x_wconf 95' lang='lat' dir='ltr'> </span> 
     </span>
    </p>
   </div>
  </div>
 </body>
</html>
