2346 4208
121 273 185 340 134
353 274 466 330 Tassat.
486 277 594 330 Consol.
615 274 650 329 Ι).
670 276 704 329 ll.
724 277 835 331 butberl

123 471 198 539 tare,
221 480 279 522 ceu
301 460 469 522 membrum
493 480 560 521 cum
584 462 700 540 capite,
722 462 754 523 in
777 480 839 540 quo
862 481 974 523 omnes
996 480 1048 523 no-

123 553 207 606 strae
223 546 375 622 fortunae,
397 546 498 604 omnis
518 545 714 604 incolumitas
737 550 770 605 et
790 545 922 605 felicitas
947 544 978 623 ¹)
1003 551 1049 606 est

123 630 234 709 posita.
279 629 485 708 Agnoscimus
517 630 598 687 enim
627 635 709 687 tuam
733 628 769 691 D.
801 647 871 688 esse
900 636 1047 708 tanquam

122 712 261 772 Naaman
284 711 458 790 quendam,
495 731 551 790 per
582 729 672 790 quem
695 712 778 770 Deus
801 711 933 772 salutem
957 711 1049 772 bodie

122 795 175 855 dat
197 794 396 872 Germaniae,
427 795 505 853 sicut
535 795 607 853 olim
639 814 694 874 per
722 794 807 853 illum
831 794 941 875 Syriae
971 794 1049 855 salu·

122 885 184 939 tem
207 877 300 939 dedit.
345 875 446 952 Quare
469 877 560 937 etiam
584 884 681 938 totum
700 879 861 957 imperium
874 879 1047 938 Romanum

123 964 156 1021 in
176 968 259 1021 tuam
282 962 319 1023 D.
342 980 433 1020 unam
456 962 581 1021 coniicit
602 960 721 1039 oculos,
744 980 811 1020 eam
832 968 1000 1021 veneratur
1019 967 1050 1020 et

122 1045 251 1123 suspicit
271 1046 416 1122 tanquam
439 1051 556 1123 patrem
579 1046 714 1123 patriae,
751 1052 896 1123 tanquam
928 1045 1049 1124 insigne

123 1129 218 1188 totius
239 1126 376 1206 Imperii,
410 1128 575 1207 praecipue
609 1146 683 1186 vero
698 1127 731 1201 2)
762 1127 971 1188 Germanicae
1000 1145 1050 1186 na·

125 1211 216 1271 tionis
241 1217 453 1270 ornamentum
477 1219 508 1269 et
529 1210 724 1291 praesidium.

204 1292 312 1371 Neque
341 1302 442 1352 autem
466 1291 570 1376 hoe³)
601 1294 701 1353 solum
732 1300 803 1353 tuae
825 1292 863 1355 D.
888 1292 1048 1371 debemus,

124 1383 157 1437 ιιι
177 1383 209 1436 ct
229 1377 426 1436 consolemur
452 1395 519 1435 eam
549 1396 604 1456 pro
635 1376 764 1453 viribus,
797 1381 828 1436 et
857 1376 1050 1436 familiariter

124 1467 317 1539 praesentem
341 1479 445 1520 casum
467 1460 610 1532 feramus,
632 1460 688 1520 sed
712 1460 806 1520 multo
820 1460 933 1538 magis,
956 1466 992 1518 nt
1012 1458 1049 1518 ad

121 1542 221 1604 Deum
243 1562 298 1622 pro
322 1542 498 1603 valetudine
526 1552 557 1603 et
586 1543 685 1603 salute
717 1549 770 1602 tua
795 1542 1048 1621 interpellemus:

121 1625 152 1686 id
176 1625 257 1704 quod
281 1645 400 1685 summa
424 1626 582 1705 diligentia
606 1634 636 1685 et
658 1625 759 1686 studio
783 1646 801 1684 a
824 1631 895 1684 tuae
921 1626 955 1684 D.
982 1626 1048 1686 sub·

123 1709 193 1768 ditis
215 1708 281 1768 tisri
303 1728 403 1788 spero.
448 1710 550 1788 Atque
572 1728 631 1789 ego
664 1709 803 1788 quidem,
831 1727 923 1786 quem
957 1710 1049 1768 multa

123 1795 194 1852 tuae
215 1793 251 1852 D.
274 1792 416 1872 insignia*
434 1791 584 1852 beneficia
616 1811 655 1851 ac
684 1793 792 1860 merita
821 1811 895 1871 prae
924 1792 1049 1871 reliquis

124 1872 296 1935 debitorem
319 1876 551 1952 constituerunt,
574 1893 711 1955 agnosco
730 1875 790 1935 hoc
812 1895 831 1934 a
852 1894 903 1935 me
925 1876 1049 1954 requiri,

123 1965 157 2018 ut
177 1957 324 2038 singulari
352 1959 456 2038 aliquo
485 1958 589 2019 officio
623 1958 837 2037 gratitudinem
872 1976 976 2018 meam
1001 1958 1048 2019 de

124 2041 249 2103 clarem.

207 2123 287 2198 Quia
323 2121 441 2200 vero‘l)
479 2125 509 2182 in
540 2124 599 2183 hac
632 2124 748 2202 ingenii
788 2130 819 2182 et
856 2123 1047 2184 fortunarum

125 2208 273 2267 tenuitate
296 2207 370 2266 nihil
401 2208 520 2285 insigne
549 2214 706 2286 praestare
734 2224 875 2285 possum,
911 2226 1049 2268 commo·

124 2289 194 2349 dum
219 2290 378 2350 admonuit
399 2310 447 2350 me
468 2291 505 2351 D.
525 2289 676 2368 Georgius
692 2288 877 2368 Spalatinus‚
902 2292 956 2368 qui
982 2299 1049 2352 tuae

125 2373 161 2435 D.
185 2392 204 2432 a
232 2374 326 2432 sacris
356 2381 417 2449 est,
452 2380 484 2432 ut
512 2373 756 2432 consolationem
788 2372 925 2451 aliquam
962 2376 1048 2454 spiri·

124 2455 237 2515 tualem
266 2457 473 2533 instituerem,
503 2475 633 2535 eamque
662 2455 700 2514 ad
723 2456 759 2516 D.
783 2462 865 2515 tuam
897 2459 1048 2517 transmit-

123 2548 228 2618 terem,
251 2539 316 2599 lore
339 2541 421 2598 enim
443 2539 473 2598 id
498 2539 632 2600 cilicium
663 2545 733 2598 tuae
751 2539 786 2597 D.
811 2557 963 2617 perquam
987 2561 1049 2622 gra·

124 2630 196 2683 tum.
242 2623 308 2703 Ego
338 2623 429 2703 igitur
455 2623 539 2682 nolui
564 2621 692 2682 moleste
723 2622 813 2680 amici
842 2624 979 2684 consilio
1009 2643 1048 2684 re·

123 2724 275 2785 pugnare.
312 2712 342 2765 et
377 2707 521 2784 congessi
555 2706 632 2765 haec
665 2704 898 2784 quatuordecim
940 2709 1049 2787 capita,

124 2796 266 2867 tanquam
289 2790 320 2848 in
348 2788 452 2849 tabula
484 2787 619 2870 digesta,
651 2790 756 2867 eisque
778 2788 1049 2852 Tesseradeoados

124 2891 236 2931 nomen
260 2872 340 2941 dedi.
363 2878 396 2931 ut
418 2879 521 2931 essent
544 2873 613 2931 loco
637 2870 868 2949 quatuordecim
887 2871 1049 2952 Divorum,

123 2974 200 3033 quos
223 2956 398 3034 superstitio
421 2962 526 3014 nostra
549 2957 684 3015 omnium
698 2955 847 3014 malorum
865 2954 1049 3035 depulsores

123 3038 196 3097 fecit
217 3044 249 3097 et
270 3038 449 3117 appellavit.

204 3120 261 3180 Est
282 3128 384 3180 autem
407 3121 483 3180 haec
506 3138 567 3179 non
597 3127 759 3200 argentea,
793 3120 848 3179 sed
879 3123 1047 3200 spiritualis

122 3203 244 3278 tabula,
276 3223 337 3282 qua
367 3222 429 3263 non
453 3203 636 3282 templorum
657 3206 789 3283 parietes
813 3205 966 3283 ornandi,
1001 3205 1048 3268 sed

123 3305 210 3346 mens
232 3288 283 3366 pia
306 3287 452 3366 erigenda
474 3306 511 3346 ac
535 3286 745 3346 confirmanda
774 3295 828 3347 est.
880 3289 929 3348 Ac
961 3308 1047 3372 spero

122 3389 190 3429 eam
222 3371 253 3428 in
288 3372 442 3447 praesenti
479 3378 549 3429 tuae
579 3371 614 3430 D.
650 3371 773 3430 fortuna
810 3372 949 3432 maxime
990 3376 1048 3436 fore

122 3452 237 3513 utilem.
286 3452 387 3514 Habet
415 3460 517 3513 autem
546 3453 622 3513 duas
650 3461 771 3533 partes,
800 3473 929 3532 quarum
970 3460 1048 3541 prior

133 3591 552 3599 -—-.-..-————-----—-

194 3658 221 3710 lt
242 3657 273 3710 In
304 3657 345 3710 ed.
375 3659 434 3711 ten.
469 3659 603 3711 additum:
636 3664 738 3712 nostra.
776 3660 807 3726 2)
830 3658 919 3713 ibid:
951 3670 1046 3720 autem

121 3727 153 3794 3)
174 3728 243 3782 lbid.
267 3728 365 3783 deest:
387 3731 449 3783 boc.
485 3731 518 3796 4)
539 3730 624 3784 ibid:
643 3737 746 3784 autem.
