<?xml version="1.0" encoding="UTF-8"?>
<!DOCTYPE html PUBLIC "-//W3C//DTD XHTML 1.0 Transitional//EN"
    "http://www.w3.org/TR/xhtml1/DTD/xhtml1-transitional.dtd">
<html xmlns="http://www.w3.org/1999/xhtml" xml:lang="en" lang="en">
 <head>
  <title>
</title>
<meta http-equiv="Content-Type" content="text/html;charset=utf-8" />
  <meta name='ocr-system' content='tesseract 3.04.00' />
  <meta name='ocr-capabilities' content='ocr_page ocr_carea ocr_par ocr_line ocrx_word'/>
</head>
<body>
  <div class='ocr_page' id='page_1' title='image "./dmartinilutheri04luthgoog_0043.png"; bbox 0 0 2346 4208; ppageno 0'>
   <div class='ocr_carea' id='block_1_1' title="bbox 129 221 881 309">
    <p class='ocr_par' dir='ltr' id='par_1_1' title="bbox 129 221 881 309">
     <span class='ocr_line' id='line_1_1' title="bbox 129 221 881 309; baseline -0.003 -29"><span class='ocrx_word' id='word_1_1' title='bbox 129 221 171 287; x_wconf 79' lang='lat'>32</span> <span class='ocrx_word' id='word_1_2' title='bbox 316 225 601 309; x_wconf 75' lang='lat' dir='ltr'>Disputatio-Lipsiae</span> <span class='ocrx_word' id='word_1_3' title='bbox 621 225 715 294; x_wconf 72' lang='lat' dir='ltr'>habita</span> <span class='ocrx_word' id='word_1_4' title='bbox 733 240 758 291; x_wconf 65' lang='lat' dir='ltr'>a.</span> <span class='ocrx_word' id='word_1_5' title='bbox 777 224 841 279; x_wconf 82' lang='lat' dir='ltr'>XIX</span> <span class='ocrx_word' id='word_1_6' title='bbox 879 298 881 303; x_wconf 19' lang='grc' dir='ltr'>Ι</span> 
     </span>
    </p>
   </div>
   <div class='ocr_carea' id='block_1_2' title="bbox 54 412 1082 2821">
    <p class='ocr_par' dir='ltr' id='par_1_2' title="bbox 54 412 1082 2821">
     <span class='ocr_line' id='line_1_2' title="bbox 123 412 1082 497; baseline 0.003 -24"><span class='ocrx_word' id='word_1_7' title='bbox 123 413 345 492; x_wconf 62' lang='lat' dir='ltr'>nis,„eiusdeur</span> <span class='ocrx_word' id='word_1_8' title='bbox 369 415 467 474; x_wconf 88' lang='lat' dir='ltr'>meriti</span> <span class='ocrx_word' id='word_1_9' title='bbox 499 421 531 475; x_wconf 91' lang='lat' dir='ltr'>et</span> <span class='ocrx_word' id='word_1_10' title='bbox 552 412 687 475; x_wconf 89' lang='lat' dir='ltr'>eiusdem</span> <span class='ocrx_word' id='word_1_11' title='bbox 710 412 875 477; x_wconf 84' lang='lat' dir='ltr'>sacerdotii</span> <span class='ocrx_word' id='word_1_12' title='bbox 896 422 953 476; x_wconf 86' lang='lat' dir='ltr'>est.</span> <span class='ocrx_word' id='word_1_13' title='bbox 992 413 1082 497; x_wconf 45' lang='lat' dir='ltr'>qu</span> 
     </span>
     <span class='ocr_line' id='line_1_3' title="bbox 54 493 1050 578; baseline 0 -21"><span class='ocrx_word' id='word_1_14' title='bbox 54 505 62 520; x_wconf 86' lang='grc'><em>·</em></span> <span class='ocrx_word' id='word_1_15' title='bbox 128 499 223 558; x_wconf 88' lang='lat' dir='ltr'>tentia</span> <span class='ocrx_word' id='word_1_16' title='bbox 250 496 422 558; x_wconf 84' lang='lat' dir='ltr'>divitiarum</span> <span class='ocrx_word' id='word_1_17' title='bbox 452 505 483 557; x_wconf 92' lang='lat' dir='ltr'>et</span> <span class='ocrx_word' id='word_1_18' title='bbox 510 497 664 558; x_wconf 80' lang='lat' dir='ltr'><strong>humilitas</strong></span> <span class='ocrx_word' id='word_1_19' title='bbox 697 499 885 578; x_wconf 71' lang='lat' dir='ltr'>paupertatis</span> <span class='ocrx_word' id='word_1_20' title='bbox 919 496 976 565; x_wconf 82' lang='lat' dir='ltr'>rel¹</span> <span class='ocrx_word' id='word_1_21' title='bbox 998 493 1050 560; x_wconf 72' lang='lat' dir='ltr'>.su·&#39;</span> 
     </span>
     <span class='ocr_line' id='line_1_4' title="bbox 128 579 1049 644; baseline 0.001 -4"><span class='ocrx_word' id='word_1_22' title='bbox 128 580 296 642; x_wconf 86' lang='lat' dir='ltr'>blimiorem</span> <span class='ocrx_word' id='word_1_23' title='bbox 339 580 388 640; x_wconf 88' lang='lat' dir='ltr'>vel</span> <span class='ocrx_word' id='word_1_24' title='bbox 423 580 596 641; x_wconf 82' lang='lat' dir='ltr'>inferiorem</span> <span class='ocrx_word' id='word_1_25' title='bbox 635 581 715 641; x_wconf 88' lang='lat' dir='ltr'>facit.</span> <span class='ocrx_word' id='word_1_26' title='bbox 763 579 906 642; x_wconf 82' lang='lat' dir='ltr'>Ceterum</span> <span class='ocrx_word' id='word_1_27' title='bbox 938 584 1049 644; x_wconf 77' lang='lat' dir='ltr'>omues</span> 
     </span>
     <span class='ocr_line' id='line_1_5' title="bbox 127 662 1049 742; baseline 0.001 -20"><span class='ocrx_word' id='word_1_28' title='bbox 127 663 340 742; x_wconf 88' lang='lat' dir='ltr'>apostolorum</span> <span class='ocrx_word' id='word_1_29' title='bbox 361 681 557 725; x_wconf 88' lang='lat' dir='ltr'>successores</span> <span class='ocrx_word' id='word_1_30' title='bbox 588 670 666 724; x_wconf 90' lang='lat' dir='ltr'>sunt.</span> <span class='ocrx_word' id='word_1_31' title='bbox 710 663 867 725; x_wconf 85' lang='lat' dir='ltr'>Recitatur</span> <span class='ocrx_word' id='word_1_32' title='bbox 887 663 965 725; x_wconf 89' lang='lat' dir='ltr'>haec</span> <span class='ocrx_word' id='word_1_33' title='bbox 987 662 1049 742; x_wconf 83' lang='lat' dir='ltr'>spi·</span> 
     </span>
     <span class='ocr_line' id='line_1_6' title="bbox 104 745 1047 827; baseline 0.005 -23"><span class='ocrx_word' id='word_1_34' title='bbox 104 761 107 767; x_wconf 89' lang='lat'>·</span> <span class='ocrx_word' id='word_1_35' title='bbox 127 746 208 807; x_wconf 90' lang='lat' dir='ltr'>stola</span> <span class='ocrx_word' id='word_1_36' title='bbox 229 747 259 806; x_wconf 92' lang='lat' dir='ltr'>in</span> <span class='ocrx_word' id='word_1_37' title='bbox 282 746 421 809; x_wconf 73' lang='lat' dir='ltr'>Decretis</span> <span class='ocrx_word' id='word_1_38' title='bbox 443 766 505 807; x_wconf 89' lang='lat' dir='ltr'>non</span> <span class='ocrx_word' id='word_1_39' title='bbox 525 746 641 827; x_wconf 72' lang='lat' dir='ltr'>frigidis</span> <span class='ocrx_word' id='word_1_40' title='bbox 664 745 733 809; x_wconf 88' lang='lat' dir='ltr'>dist.</span> <span class='ocrx_word' id='word_1_41' title='bbox 756 748 806 815; x_wconf 83' lang='lat'>93,</span> <span class='ocrx_word' id='word_1_42' title='bbox 819 765 887 827; x_wconf 86' lang='lat' dir='ltr'>cap.</span> <span class='ocrx_word' id='word_1_43' title='bbox 909 745 1047 827; x_wconf 79' lang='lat' dir='ltr'>legimus.</span> 
     </span>
     <span class='ocr_line' id='line_1_7' title="bbox 126 828 1081 910; baseline 0.001 -22"><span class='ocrx_word' id='word_1_44' title='bbox 126 828 211 889; x_wconf 88' lang='lat' dir='ltr'>Idem</span> <span class='ocrx_word' id='word_1_45' title='bbox 245 848 341 909; x_wconf 85' lang='lat' dir='ltr'>super¹</span> <span class='ocrx_word' id='word_1_46' title='bbox 369 831 531 910; x_wconf 85' lang='lat' dir='ltr'>epistolam</span> <span class='ocrx_word' id='word_1_47' title='bbox 566 829 604 890; x_wconf 90' lang='lat' dir='ltr'>ad</span> <span class='ocrx_word' id='word_1_48' title='bbox 632 829 750 889; x_wconf 82' lang='lat' dir='ltr'>Titum:</span> <span class='ocrx_word' id='word_1_49' title='bbox 785 829 868 891; x_wconf 92' lang='lat' dir='ltr'>ldem</span> <span class='ocrx_word' id='word_1_50' title='bbox 898 835 946 890; x_wconf 89' lang='lat' dir='ltr'>est</span> <span class='ocrx_word' id='word_1_51' title='bbox 972 847 1081 910; x_wconf 60' lang='lat' dir='ltr'>ergox</span> 
     </span>
     <span class='ocr_line' id='line_1_8' title="bbox 126 910 1049 993; baseline 0.004 -22"><span class='ocrx_word' id='word_1_52' title='bbox 126 910 301 992; x_wconf 76' lang='lat' dir='ltr'><strong>presbyter,</strong></span> <span class='ocrx_word' id='word_1_53' title='bbox 330 915 380 993; x_wconf 88' lang='lat' dir='ltr'>qui</span> <span class='ocrx_word' id='word_1_54' title='bbox 409 914 589 993; x_wconf 79' lang='lat' dir='ltr'>episcopus,</span> <span class='ocrx_word' id='word_1_55' title='bbox 620 920 652 972; x_wconf 90' lang='lat' dir='ltr'>et</span> <span class='ocrx_word' id='word_1_56' title='bbox 680 921 844 992; x_wconf 79' lang='lat' dir='ltr'><strong>antequam</strong></span> <span class='ocrx_word' id='word_1_57' title='bbox 867 910 984 973; x_wconf 88' lang='lat' dir='ltr'>diaboli</span> <span class='ocrx_word' id='word_1_58' title='bbox 1004 913 1049 975; x_wconf 66' lang='lat' dir='ltr'>ine</span> 
     </span>
     <span class='ocr_line' id='line_1_9' title="bbox 128 992 1048 1075; baseline 0.001 -22"><span class='ocrx_word' id='word_1_59' title='bbox 128 997 240 1054; x_wconf 89' lang='lat' dir='ltr'>stinctu</span> <span class='ocrx_word' id='word_1_60' title='bbox 269 995 369 1055; x_wconf 89' lang='lat' dir='ltr'>studia</span> <span class='ocrx_word' id='word_1_61' title='bbox 400 997 431 1055; x_wconf 91' lang='lat' dir='ltr'>in</span> <span class='ocrx_word' id='word_1_62' title='bbox 452 996 601 1075; x_wconf 83' lang='lat' dir='ltr'>religione</span> <span class='ocrx_word' id='word_1_63' title='bbox 629 993 755 1074; x_wconf 85' lang='lat' dir='ltr'>fierent,</span> <span class='ocrx_word' id='word_1_64' title='bbox 785 1002 816 1056; x_wconf 90' lang='lat' dir='ltr'>et</span> <span class='ocrx_word' id='word_1_65' title='bbox 845 994 996 1055; x_wconf 75' lang='lat' dir='ltr'>diceretur</span> <span class='ocrx_word' id='word_1_66' title='bbox 1017 992 1048 1055; x_wconf 88' lang='lat' dir='ltr'>iu</span> 
     </span>
     <span class='ocr_line' id='line_1_10' title="bbox 127 1077 1048 1159; baseline -0.001 -21"><span class='ocrx_word' id='word_1_67' title='bbox 127 1078 264 1157; x_wconf 90' lang='lat' dir='ltr'>populis:</span> <span class='ocrx_word' id='word_1_68' title='bbox 294 1078 361 1159; x_wconf 75' lang='lat' dir='ltr'>Ego</span> <span class='ocrx_word' id='word_1_69' title='bbox 391 1097 459 1140; x_wconf 91' lang='lat' dir='ltr'>sum</span> <span class='ocrx_word' id='word_1_70' title='bbox 481 1078 584 1156; x_wconf 81' lang='lat' dir='ltr'>Pauli,</span> <span class='ocrx_word' id='word_1_71' title='bbox 617 1097 676 1158; x_wconf 85' lang='lat' dir='ltr'>ego</span> <span class='ocrx_word' id='word_1_72' title='bbox 706 1097 773 1138; x_wconf 90' lang='lat' dir='ltr'>sum</span> <span class='ocrx_word' id='word_1_73' title='bbox 796 1077 942 1157; x_wconf 79' lang='lat' dir='ltr'>Oephae‚-</span> <span class='ocrx_word' id='word_1_74' title='bbox 966 1096 1048 1138; x_wconf 90' lang='lat' dir='ltr'>com·</span> 
     </span>
     <span class='ocr_line' id='line_1_11' title="bbox 102 1159 1050 1242; baseline 0.001 -22"><span class='ocrx_word' id='word_1_75' title='bbox 102 1223 105 1230; x_wconf 72' lang='grc'><strong>,</strong></span> <span class='ocrx_word' id='word_1_76' title='bbox 127 1162 210 1220; x_wconf 92' lang='lat' dir='ltr'>muni</span> <span class='ocrx_word' id='word_1_77' title='bbox 232 1160 479 1241; x_wconf 85' lang='lat' dir='ltr'>presbyterorum</span> <span class='ocrx_word' id='word_1_78' title='bbox 504 1161 635 1222; x_wconf 88' lang='lat' dir='ltr'>consilio</span> <span class='ocrx_word' id='word_1_79' title='bbox 664 1162 816 1223; x_wconf 87' lang='lat' dir='ltr'>ecclesiae</span> <span class='ocrx_word' id='word_1_80' title='bbox 838 1159 1050 1242; x_wconf 73' lang='lat' dir='ltr'>gubernaban-</span> 
     </span>
     <span class='ocr_line' id='line_1_12' title="bbox 127 1243 1049 1324; baseline 0 -21"><span class='ocrx_word' id='word_1_81' title='bbox 127 1250 184 1309; x_wconf 81' lang='lat' dir='ltr'>tur.</span> <span class='ocrx_word' id='word_1_82' title='bbox 228 1244 394 1324; x_wconf 84' lang='lat' dir='ltr'>Postquam</span> <span class='ocrx_word' id='word_1_83' title='bbox 420 1263 493 1305; x_wconf 85' lang='lat' dir='ltr'>vcro</span> <span class='ocrx_word' id='word_1_84' title='bbox 517 1245 724 1322; x_wconf 83' lang='lat' dir='ltr'>unusquisque</span> <span class='ocrx_word' id='word_1_85' title='bbox 747 1263 819 1321; x_wconf 80' lang='lat' dir='ltr'>eos,</span> <span class='ocrx_word' id='word_1_86' title='bbox 851 1263 929 1323; x_wconf 88' lang='lat' dir='ltr'>quos</span> <span class='ocrx_word' id='word_1_87' title='bbox 953 1243 1049 1324; x_wconf 84' lang='lat' dir='ltr'>bapti-</span> 
     </span>
     <span class='ocr_line' id='line_1_13' title="bbox 104 1326 1048 1407; baseline 0.001 -21"><span class='ocrx_word' id='word_1_88' title='bbox 104 1327 225 1405; x_wconf 72' lang='lat' dir='ltr'>nabat,</span> <span class='ocrx_word' id='word_1_89' title='bbox 250 1347 323 1387; x_wconf 90' lang='lat' dir='ltr'>suos</span> <span class='ocrx_word' id='word_1_90' title='bbox 352 1347 421 1389; x_wconf 88' lang='lat' dir='ltr'>esse</span> <span class='ocrx_word' id='word_1_91' title='bbox 444 1326 589 1407; x_wconf 72' lang='lat' dir='ltr'>putebat,</span> <span class='ocrx_word' id='word_1_92' title='bbox 621 1328 652 1386; x_wconf 92' lang='lat' dir='ltr'>iu</span> <span class='ocrx_word' id='word_1_93' title='bbox 686 1335 753 1387; x_wconf 90' lang='lat' dir='ltr'>toto</span> <span class='ocrx_word' id='word_1_94' title='bbox 787 1327 863 1388; x_wconf 89' lang='lat' dir='ltr'>orbe</span> <span class='ocrx_word' id='word_1_95' title='bbox 891 1326 1048 1398; x_wconf 84' lang='lat' dir='ltr'>decretum</span> 
     </span>
     <span class='ocr_line' id='line_1_14' title="bbox 127 1410 1047 1490; baseline 0.004 -21"><span class='ocrx_word' id='word_1_96' title='bbox 127 1417 188 1488; x_wconf 78' lang='lat' dir='ltr'>est,</span> <span class='ocrx_word' id='word_1_97' title='bbox 212 1418 244 1470; x_wconf 85' lang='lat' dir='ltr'>ut</span> <span class='ocrx_word' id='word_1_98' title='bbox 267 1430 343 1471; x_wconf 91' lang='lat' dir='ltr'>unus</span> <span class='ocrx_word' id='word_1_99' title='bbox 366 1410 405 1471; x_wconf 90' lang='lat' dir='ltr'>de</span> <span class='ocrx_word' id='word_1_100' title='bbox 426 1410 613 1490; x_wconf 84' lang='lat' dir='ltr'>presbyteris</span> <span class='ocrx_word' id='word_1_101' title='bbox 636 1410 752 1471; x_wconf 81' lang='lat' dir='ltr'>electus</span> <span class='ocrx_word' id='word_1_102' title='bbox 775 1411 1047 1490; x_wconf 82' lang='lat' dir='ltr'>superponeretur.</span> 
     </span>
     <span class='ocr_line' id='line_1_15' title="bbox 126 1491 1047 1573; baseline 0 -21"><span class='ocrx_word' id='word_1_103' title='bbox 126 1492 166 1553; x_wconf 81' lang='lat' dir='ltr'>Et</span> <span class='ocrx_word' id='word_1_104' title='bbox 185 1493 317 1573; x_wconf 83' lang='lat' dir='ltr'>indpctis</span> <span class='ocrx_word' id='word_1_105' title='bbox 332 1492 544 1555; x_wconf 72' lang='lat' dir='ltr'>autoritatibus</span> <span class='ocrx_word' id='word_1_106' title='bbox 558 1492 731 1573; x_wconf 81' lang='lat' dir='ltr'>Scripturas</span> <span class='ocrx_word' id='word_1_107' title='bbox 756 1493 830 1555; x_wconf 89' lang='lat' dir='ltr'>dicit</span> <span class='ocrx_word' id='word_1_108' title='bbox 848 1495 879 1553; x_wconf 90' lang='lat' dir='ltr'>in</span> <span class='ocrx_word' id='word_1_109' title='bbox 901 1492 978 1554; x_wconf 85' lang='lat' dir='ltr'>lius:</span> <span class='ocrx_word' id='word_1_110' title='bbox 1002 1491 1047 1555; x_wconf 85' lang='lat' dir='ltr'>Si-</span> 
     </span>
     <span class='ocr_line' id='line_1_16' title="bbox 126 1575 1046 1658; baseline 0.001 -22"><span class='ocrx_word' id='word_1_111' title='bbox 126 1583 178 1636; x_wconf 91' lang='lat' dir='ltr'>cut</span> <span class='ocrx_word' id='word_1_112' title='bbox 199 1595 273 1658; x_wconf 86' lang='lat' dir='ltr'>ergo</span> <span class='ocrx_word' id='word_1_113' title='bbox 297 1577 467 1656; x_wconf 85' lang='lat' dir='ltr'>presbyteri</span> <span class='ocrx_word' id='word_1_114' title='bbox 498 1576 597 1636; x_wconf 86' lang='lat' dir='ltr'>sciunt</span> <span class='ocrx_word' id='word_1_115' title='bbox 625 1595 660 1635; x_wconf 92' lang='lat' dir='ltr'>se</span> <span class='ocrx_word' id='word_1_116' title='bbox 681 1595 721 1636; x_wconf 84' lang='lat' dir='ltr'>ex</span> <span class='ocrx_word' id='word_1_117' title='bbox 744 1575 895 1638; x_wconf 87' lang='lat' dir='ltr'>ecclesiae</span> <span class='ocrx_word' id='word_1_118' title='bbox 917 1595 1046 1637; x_wconf 86' lang='lat' dir='ltr'>consue·</span> 
     </span>
     <span class='ocr_line' id='line_1_17' title="bbox 126 1658 1055 1739; baseline 0 -20"><span class='ocrx_word' id='word_1_119' title='bbox 126 1660 231 1719; x_wconf 88' lang='lat' dir='ltr'>tudine</span> <span class='ocrx_word' id='word_1_120' title='bbox 253 1661 296 1738; x_wconf 79' lang='lat' dir='ltr'>ei,</span> <span class='ocrx_word' id='word_1_121' title='bbox 332 1661 383 1738; x_wconf 92' lang='lat' dir='ltr'>qui</span> <span class='ocrx_word' id='word_1_122' title='bbox 411 1659 467 1719; x_wconf 88' lang='lat' dir='ltr'>sibi</span> <span class='ocrx_word' id='word_1_123' title='bbox 498 1661 692 1739; x_wconf 88' lang='lat' dir='ltr'>praepositus</span> <span class='ocrx_word' id='word_1_124' title='bbox 714 1660 814 1738; x_wconf 76' lang='lat' dir='ltr'>luerit,</span> <span class='ocrx_word' id='word_1_125' title='bbox 835 1679 906 1720; x_wconf 91' lang='lat' dir='ltr'>esse</span> <span class='ocrx_word' id='word_1_126' title='bbox 928 1658 1055 1734; x_wconf 53' lang='lat' dir='ltr'>subies„</span> 
     </span>
     <span class='ocr_line' id='line_1_18' title="bbox 126 1741 1047 1823; baseline 0 -21"><span class='ocrx_word' id='word_1_127' title='bbox 126 1753 206 1818; x_wconf 72' lang='lat' dir='ltr'>tos‚,</span> <span class='ocrx_word' id='word_1_128' title='bbox 224 1745 268 1802; x_wconf 81' lang='lat' dir='ltr'>ite</span> <span class='ocrx_word' id='word_1_129' title='bbox 290 1743 429 1822; x_wconf 74' lang='lat' dir='ltr'>episcopi</span> <span class='ocrx_word' id='word_1_130' title='bbox 460 1743 602 1803; x_wconf 87' lang='lat' dir='ltr'>noverint</span> <span class='ocrx_word' id='word_1_131' title='bbox 635 1762 672 1817; x_wconf 85' lang='lat' dir='ltr'>se¹</span> <span class='ocrx_word' id='word_1_132' title='bbox 697 1743 794 1823; x_wconf 83' lang='lat' dir='ltr'>magis</span> <span class='ocrx_word' id='word_1_133' title='bbox 821 1741 1047 1816; x_wconf 78' lang='lat' dir='ltr'>cousuetudine</span> 
     </span>
     <span class='ocr_line' id='line_1_19' title="bbox 126 1824 1046 1907; baseline 0.003 -23"><span class='ocrx_word' id='word_1_134' title='bbox 126 1845 216 1904; x_wconf 90' lang='lat' dir='ltr'>quam</span> <span class='ocrx_word' id='word_1_135' title='bbox 246 1825 457 1907; x_wconf 89' lang='lat' dir='ltr'>dispositionis</span> <span class='ocrx_word' id='word_1_136' title='bbox 494 1825 673 1886; x_wconf 86' lang='lat' dir='ltr'>dominicae</span> <span class='ocrx_word' id='word_1_137' title='bbox 697 1829 825 1887; x_wconf 89' lang='lat' dir='ltr'>veritate</span> <span class='ocrx_word' id='word_1_138' title='bbox 859 1824 1046 1905; x_wconf 74' lang='lat' dir='ltr'>presbyteris</span> 
     </span>
     <span class='ocr_line' id='line_1_20' title="bbox 126 1908 1048 1987; baseline 0.001 -19"><span class='ocrx_word' id='word_1_139' title='bbox 126 1927 195 1969; x_wconf 88' lang='lat' dir='ltr'>esse</span> <span class='ocrx_word' id='word_1_140' title='bbox 217 1910 358 1984; x_wconf 81' lang='lat' dir='ltr'>maiores.</span> <span class='ocrx_word' id='word_1_141' title='bbox 403 1908 475 1969; x_wconf 90' lang='lat' dir='ltr'>ldeo</span> <span class='ocrx_word' id='word_1_142' title='bbox 499 1908 581 1987; x_wconf 90' lang='lat' dir='ltr'>quod</span> <span class='ocrx_word' id='word_1_143' title='bbox 602 1909 640 1969; x_wconf 91' lang='lat' dir='ltr'>D.</span> <span class='ocrx_word' id='word_1_144' title='bbox 663 1908 699 1969; x_wconf 87' lang='lat' dir='ltr'>D.</span> <span class='ocrx_word' id='word_1_145' title='bbox 731 1908 864 1987; x_wconf 79' lang='lat' dir='ltr'>addidit,</span> <span class='ocrx_word' id='word_1_146' title='bbox 898 1908 1048 1970; x_wconf 83' lang='lat' dir='ltr'>alliero·</span> 
     </span>
     <span class='ocr_line' id='line_1_21' title="bbox 125 1990 1045 2072; baseline 0.004 -22"><span class='ocrx_word' id='word_1_147' title='bbox 125 2011 219 2072; x_wconf 87' lang='lat' dir='ltr'>nymo</span> <span class='ocrx_word' id='word_1_148' title='bbox 241 1992 429 2054; x_wconf 85' lang='lat' dir='ltr'>intellectum</span> <span class='ocrx_word' id='word_1_149' title='bbox 445 2011 528 2052; x_wconf 80' lang='lat' dir='ltr'>esse</span> <span class='ocrx_word' id='word_1_150' title='bbox 560 2011 710 2053; x_wconf 92' lang='lat' dir='ltr'>summum</span> <span class='ocrx_word' id='word_1_151' title='bbox 733 1990 914 2063; x_wconf 87' lang='lat' dir='ltr'>Pontificem</span> <span class='ocrx_word' id='word_1_152' title='bbox 944 1992 1045 2067; x_wconf 79' lang='lat' dir='ltr'>Rom,</span> 
     </span>
     <span class='ocr_line' id='line_1_22' title="bbox 125 2073 1047 2155; baseline 0.001 -21"><span class='ocrx_word' id='word_1_153' title='bbox 125 2075 195 2135; x_wconf 93' lang='lat' dir='ltr'>dum</span> <span class='ocrx_word' id='word_1_154' title='bbox 225 2074 314 2139; x_wconf 89' lang='lat' dir='ltr'>dicit:</span> <span class='ocrx_word' id='word_1_155' title='bbox 338 2075 413 2136; x_wconf 81' lang='lat' dir='ltr'>Ourn</span> <span class='ocrx_word' id='word_1_156' title='bbox 442 2093 621 2135; x_wconf 85' lang='lat' dir='ltr'>successore</span> <span class='ocrx_word' id='word_1_157' title='bbox 650 2076 822 2155; x_wconf 63' lang='lat' dir='ltr'>piscatoris„</span> <span class='ocrx_word' id='word_1_158' title='bbox 844 2082 876 2136; x_wconf 91' lang='lat' dir='ltr'>et</span> <span class='ocrx_word' id='word_1_159' title='bbox 904 2073 1047 2155; x_wconf 91' lang='lat' dir='ltr'>discipuli</span> 
     </span>
     <span class='ocr_line' id='line_1_23' title="bbox 125 2156 1048 2238; baseline 0.002 -20"><span class='ocrx_word' id='word_1_160' title='bbox 125 2158 234 2219; x_wconf 78' lang='lat' dir='ltr'>Christi</span> <span class='ocrx_word' id='word_1_161' title='bbox 256 2157 377 2237; x_wconf 89' lang='lat' dir='ltr'>loquor,</span> <span class='ocrx_word' id='word_1_162' title='bbox 400 2163 431 2219; x_wconf 92' lang='lat' dir='ltr'>et</span> <span class='ocrx_word' id='word_1_163' title='bbox 447 2156 626 2219; x_wconf 89' lang='lat' dir='ltr'>beatitudini</span> <span class='ocrx_word' id='word_1_164' title='bbox 649 2160 729 2238; x_wconf 86' lang='lat' dir='ltr'>tuae,</span> <span class='ocrx_word' id='word_1_165' title='bbox 750 2157 780 2219; x_wconf 92' lang='lat' dir='ltr'>id</span> <span class='ocrx_word' id='word_1_166' title='bbox 803 2165 860 2237; x_wconf 88' lang='lat' dir='ltr'>est,</span> <span class='ocrx_word' id='word_1_167' title='bbox 883 2157 1048 2221; x_wconf 83' lang='lat' dir='ltr'>cathediae</span> 
     </span>
     <span class='ocr_line' id='line_1_24' title="bbox 124 2241 1046 2322; baseline 0.001 -22"><span class='ocrx_word' id='word_1_168' title='bbox 124 2241 204 2302; x_wconf 85' lang='lat' dir='ltr'>Petri</span> <span class='ocrx_word' id='word_1_169' title='bbox 226 2243 405 2318; x_wconf 88' lang='lat' dir='ltr'>consocius,</span> <span class='ocrx_word' id='word_1_170' title='bbox 438 2260 531 2320; x_wconf 90' lang='lat' dir='ltr'>super</span> <span class='ocrx_word' id='word_1_171' title='bbox 561 2241 646 2301; x_wconf 89' lang='lat' dir='ltr'>illam</span> <span class='ocrx_word' id='word_1_172' title='bbox 679 2248 798 2322; x_wconf 88' lang='lat' dir='ltr'>petram</span> <span class='ocrx_word' id='word_1_173' title='bbox 819 2241 976 2303; x_wconf 85' lang='lat' dir='ltr'>fundatam</span> <span class='ocrx_word' id='word_1_174' title='bbox 999 2259 1046 2301; x_wconf 79' lang='lat' dir='ltr'>ec</span> 
     </span>
     <span class='ocr_line' id='line_1_25' title="bbox 125 2324 1048 2404; baseline 0 -20"><span class='ocrx_word' id='word_1_175' title='bbox 125 2325 250 2385; x_wconf 83' lang='lat' dir='ltr'>olseium</span> <span class='ocrx_word' id='word_1_176' title='bbox 274 2325 354 2400; x_wconf 77' lang='lat' dir='ltr'>scio,</span> <span class='ocrx_word' id='word_1_177' title='bbox 383 2324 457 2384; x_wconf 89' lang='lat' dir='ltr'>nihil</span> <span class='ocrx_word' id='word_1_178' title='bbox 478 2325 567 2403; x_wconf 78' lang='lat' dir='ltr'>fenit3</span> <span class='ocrx_word' id='word_1_179' title='bbox 600 2325 846 2404; x_wconf 77' lang='lat' dir='ltr'>consequitur,</span> <span class='ocrx_word' id='word_1_180' title='bbox 882 2325 1048 2403; x_wconf 81' lang='lat' dir='ltr'>consocior</span> 
     </span>
     <span class='ocr_line' id='line_1_26' title="bbox 125 2407 1080 2488; baseline 0.001 -22"><span class='ocrx_word' id='word_1_181' title='bbox 125 2408 195 2467; x_wconf 89' lang='lat' dir='ltr'>huic</span> <span class='ocrx_word' id='word_1_182' title='bbox 216 2408 383 2486; x_wconf 88' lang='lat' dir='ltr'>ecclesiae,</span> <span class='ocrx_word' id='word_1_183' title='bbox 406 2426 480 2488; x_wconf 89' lang='lat' dir='ltr'>ergo</span> <span class='ocrx_word' id='word_1_184' title='bbox 503 2408 582 2468; x_wconf 89' lang='lat' dir='ltr'>haec</span> <span class='ocrx_word' id='word_1_185' title='bbox 602 2414 651 2469; x_wconf 89' lang='lat' dir='ltr'>est</span> <span class='ocrx_word' id='word_1_186' title='bbox 672 2408 740 2469; x_wconf 89' lang='lat' dir='ltr'>sola</span> <span class='ocrx_word' id='word_1_187' title='bbox 762 2408 870 2488; x_wconf 86' lang='lat' dir='ltr'>prima.</span> <span class='ocrx_word' id='word_1_188' title='bbox 913 2407 980 2469; x_wconf 85' lang='lat' dir='ltr'>Nec</span> <span class='ocrx_word' id='word_1_189' title='bbox 1001 2425 1046 2467; x_wconf 86' lang='lat' dir='ltr'>se·</span> <span class='ocrx_word' id='word_1_190' title='bbox 1074 2454 1080 2461; x_wconf 67' lang='lat'>,</span> 
     </span>
     <span class='ocr_line' id='line_1_27' title="bbox 125 2486 1046 2572; baseline 0 -21"><span class='ocrx_word' id='word_1_191' title='bbox 125 2492 233 2570; x_wconf 80' lang='lat' dir='ltr'>quitur,</span> <span class='ocrx_word' id='word_1_192' title='bbox 256 2499 304 2553; x_wconf 86' lang='lat' dir='ltr'>est</span> <span class='ocrx_word' id='word_1_193' title='bbox 324 2490 452 2551; x_wconf 86' lang='lat' dir='ltr'>fundata</span> <span class='ocrx_word' id='word_1_194' title='bbox 473 2498 705 2571; x_wconf 87' lang='lat' dir='ltr'>snprapetram,</span> <span class='ocrx_word' id='word_1_195' title='bbox 727 2509 803 2572; x_wconf 84' lang='lat' dir='ltr'>ergo</span> <span class='ocrx_word' id='word_1_196' title='bbox 824 2486 893 2552; x_wconf 87' lang='lat' dir='ltr'>sola</span> <span class='ocrx_word' id='word_1_197' title='bbox 914 2497 961 2553; x_wconf 90' lang='lat' dir='ltr'>est</span> <span class='ocrx_word' id='word_1_198' title='bbox 982 2491 1046 2551; x_wconf 86' lang='lat' dir='ltr'>lun·</span> 
     </span>
     <span class='ocr_line' id='line_1_28' title="bbox 125 2573 939 2639; baseline 0.005 -4"><span class='ocrx_word' id='word_1_199' title='bbox 125 2573 206 2636; x_wconf 78' lang='lat' dir='ltr'>data.</span> <span class='ocrx_word' id='word_1_200' title='bbox 928 2622 939 2639; x_wconf 89' lang='lat'><strong>.</strong></span> 
     </span>
     <span class='ocr_line' id='line_1_29' title="bbox 207 2654 1046 2733; baseline 0 -16"><span class='ocrx_word' id='word_1_201' title='bbox 207 2655 338 2717; x_wconf 84' lang='lat' dir='ltr'>Accedit</span> <span class='ocrx_word' id='word_1_202' title='bbox 376 2654 416 2715; x_wconf 88' lang='lat' dir='ltr'>ad</span> <span class='ocrx_word' id='word_1_203' title='bbox 453 2656 513 2717; x_wconf 92' lang='lat' dir='ltr'>hoc</span> <span class='ocrx_word' id='word_1_204' title='bbox 544 2657 699 2719; x_wconf 86' lang='lat' dir='ltr'>decretum</span> <span class='ocrx_word' id='word_1_205' title='bbox 736 2656 867 2719; x_wconf 79' lang='lat' dir='ltr'>Consilii</span> <span class='ocrx_word' id='word_1_206' title='bbox 899 2655 1046 2733; x_wconf 81' lang='lat' dir='ltr'>Africani,</span> 
     </span>
     <span class='ocr_line' id='line_1_30' title="bbox 124 2739 1046 2821; baseline 0 -21"><span class='ocrx_word' id='word_1_207' title='bbox 124 2739 193 2801; x_wconf 93' lang='lat' dir='ltr'>dist.</span> <span class='ocrx_word' id='word_1_208' title='bbox 226 2741 276 2803; x_wconf 88' lang='grc'>99.</span> <span class='ocrx_word' id='word_1_209' title='bbox 299 2758 366 2818; x_wconf 89' lang='lat' dir='ltr'>cap.</span> <span class='ocrx_word' id='word_1_210' title='bbox 397 2739 527 2800; x_wconf 84' lang='lat' dir='ltr'>Primae.</span> <span class='ocrx_word' id='word_1_211' title='bbox 570 2739 706 2818; x_wconf 87' lang='lat' dir='ltr'>Primae,</span> <span class='ocrx_word' id='word_1_212' title='bbox 741 2741 856 2821; x_wconf 78' lang='lat' dir='ltr'>inquit,</span> <span class='ocrx_word' id='word_1_213' title='bbox 879 2739 960 2800; x_wconf 89' lang='lat' dir='ltr'>sedis</span> <span class='ocrx_word' id='word_1_214' title='bbox 985 2739 1046 2819; x_wconf 70' lang='lat' dir='ltr'>spi7</span> 
     </span>
    </p>
   </div>
   <div class='ocr_carea' id='block_1_3' title="bbox 22 2822 1088 2904">
    <p class='ocr_par' dir='ltr' id='par_1_3' title="bbox 22 2822 1088 2904">
     <span class='ocr_line' id='line_1_31' title="bbox 22 2822 1088 2904; baseline 0.001 -22"><span class='ocrx_word' id='word_1_215' title='bbox 22 2861 27 2872; x_wconf 53' lang='grc' dir='ltr'><em>ι</em></span> <span class='ocrx_word' id='word_1_216' title='bbox 124 2843 236 2904; x_wconf 87' lang='lat' dir='ltr'>scopus</span> <span class='ocrx_word' id='word_1_217' title='bbox 255 2842 318 2883; x_wconf 92' lang='lat' dir='ltr'>non</span> <span class='ocrx_word' id='word_1_218' title='bbox 331 2822 501 2901; x_wconf 84' lang='lat' dir='ltr'>appelletur</span> <span class='ocrx_word' id='word_1_219' title='bbox 512 2825 656 2904; x_wconf 88' lang='lat' dir='ltr'>princeps</span> <span class='ocrx_word' id='word_1_220' title='bbox 671 2823 877 2902; x_wconf 87' lang='lat' dir='ltr'>sacerdotum,</span> <span class='ocrx_word' id='word_1_221' title='bbox 901 2829 954 2883; x_wconf 88' lang='lat' dir='ltr'>aut</span> <span class='ocrx_word' id='word_1_222' title='bbox 966 2842 1047 2885; x_wconf 88' lang='lat' dir='ltr'>aum·</span> <span class='ocrx_word' id='word_1_223' title='bbox 1081 2823 1088 2834; x_wconf 85' lang='lat'><em>&#39;</em></span> 
     </span>
    </p>
   </div>
   <div class='ocr_carea' id='block_1_4' title="bbox 107 2904 1103 3887">
    <p class='ocr_par' dir='ltr' id='par_1_4' title="bbox 107 2904 1103 3887">
     <span class='ocr_line' id='line_1_32' title="bbox 107 2904 1045 2987; baseline -0.002 -20"><span class='ocrx_word' id='word_1_224' title='bbox 107 2926 190 2977; x_wconf 64' lang='lat' dir='ltr'>,mus</span> <span class='ocrx_word' id='word_1_225' title='bbox 217 2904 380 2984; x_wconf 86' lang='lat' dir='ltr'>sacerdos,</span> <span class='ocrx_word' id='word_1_226' title='bbox 409 2914 461 2967; x_wconf 88' lang='lat' dir='ltr'>aut</span> <span class='ocrx_word' id='word_1_227' title='bbox 493 2906 607 2987; x_wconf 87' lang='lat' dir='ltr'>aliquid</span> <span class='ocrx_word' id='word_1_228' title='bbox 636 2906 828 2985; x_wconf 88' lang='lat' dir='ltr'>huiusmodi,</span> <span class='ocrx_word' id='word_1_229' title='bbox 851 2905 905 2967; x_wconf 92' lang='lat' dir='ltr'>sed</span> <span class='ocrx_word' id='word_1_230' title='bbox 928 2912 1045 2966; x_wconf 88' lang='lat' dir='ltr'>tantum</span> 
     </span>
     <span class='ocr_line' id='line_1_33' title="bbox 123 2987 1046 3070; baseline 0 -20"><span class='ocrx_word' id='word_1_231' title='bbox 123 2991 239 3069; x_wconf 89' lang='lat' dir='ltr'>primae</span> <span class='ocrx_word' id='word_1_232' title='bbox 269 2987 349 3049; x_wconf 89' lang='lat' dir='ltr'>sedis</span> <span class='ocrx_word' id='word_1_233' title='bbox 379 2991 552 3070; x_wconf 89' lang='lat' dir='ltr'>episcopus.</span> <span class='ocrx_word' id='word_1_234' title='bbox 595 2989 784 3051; x_wconf 90' lang='lat' dir='ltr'>Universalis</span> <span class='ocrx_word' id='word_1_235' title='bbox 812 2996 915 3051; x_wconf 90' lang='lat' dir='ltr'>autem</span> <span class='ocrx_word' id='word_1_236' title='bbox 943 2987 1046 3051; x_wconf 89' lang='lat' dir='ltr'>Ponti·</span> 
     </span>
     <span class='ocr_line' id='line_1_34' title="bbox 122 3071 1046 3154; baseline 0.001 -22"><span class='ocrx_word' id='word_1_237' title='bbox 122 3072 174 3134; x_wconf 82' lang='lat' dir='ltr'>fex</span> <span class='ocrx_word' id='word_1_238' title='bbox 195 3092 253 3132; x_wconf 91' lang='lat' dir='ltr'>nec</span> <span class='ocrx_word' id='word_1_239' title='bbox 275 3073 433 3133; x_wconf 86' lang='lat' dir='ltr'>Romanus</span> <span class='ocrx_word' id='word_1_240' title='bbox 456 3073 635 3154; x_wconf 82' lang='lat' dir='ltr'>appelletur.</span> <span class='ocrx_word' id='word_1_241' title='bbox 680 3072 784 3148; x_wconf 78' lang='lat' dir='ltr'>Quare</span> <span class='ocrx_word' id='word_1_242' title='bbox 807 3074 832 3132; x_wconf 90' lang='lat' dir='ltr'>si</span> <span class='ocrx_word' id='word_1_243' title='bbox 854 3072 959 3141; x_wconf 88' lang='lat' dir='ltr'>divino</span> <span class='ocrx_word' id='word_1_244' title='bbox 981 3071 1046 3133; x_wconf 90' lang='lat' dir='ltr'>inre</span> 
     </span>
     <span class='ocr_line' id='line_1_35' title="bbox 123 3155 1103 3233; baseline 0.004 -20"><span class='ocrx_word' id='word_1_245' title='bbox 123 3163 218 3216; x_wconf 84' lang='lat' dir='ltr'>staret</span> <span class='ocrx_word' id='word_1_246' title='bbox 240 3155 419 3216; x_wconf 79' lang='lat' dir='ltr'>monarchia</span> <span class='ocrx_word' id='word_1_247' title='bbox 445 3156 732 3233; x_wconf 72' lang='lat' dir='ltr'>Rom-Pontifieis,</span> <span class='ocrx_word' id='word_1_248' title='bbox 767 3156 845 3219; x_wconf 89' lang='lat' dir='ltr'>haec</span> <span class='ocrx_word' id='word_1_249' title='bbox 873 3155 978 3217; x_wconf 85' lang='lat' dir='ltr'>omnia</span> <span class='ocrx_word' id='word_1_250' title='bbox 1000 3173 1045 3217; x_wconf 83' lang='lat' dir='ltr'>es·</span> <span class='ocrx_word' id='word_1_251' title='bbox 1100 3199 1103 3203; x_wconf 86' lang='lat'><em>-</em></span> 
     </span>
     <span class='ocr_line' id='line_1_36' title="bbox 123 3239 1047 3318; baseline 0.003 -20"><span class='ocrx_word' id='word_1_252' title='bbox 123 3247 192 3300; x_wconf 89' lang='lat' dir='ltr'>sent</span> <span class='ocrx_word' id='word_1_253' title='bbox 219 3239 389 3317; x_wconf 84' lang='lat' dir='ltr'>haeretica,</span> <span class='ocrx_word' id='word_1_254' title='bbox 420 3239 502 3318; x_wconf 90' lang='lat' dir='ltr'>qnod</span> <span class='ocrx_word' id='word_1_255' title='bbox 540 3246 588 3300; x_wconf 90' lang='lat' dir='ltr'>est</span> <span class='ocrx_word' id='word_1_256' title='bbox 614 3240 809 3300; x_wconf 90' lang='lat' dir='ltr'>temerarium</span> <span class='ocrx_word' id='word_1_257' title='bbox 834 3257 988 3315; x_wconf 83' lang='lat' dir='ltr'>asserere,</span> <span class='ocrx_word' id='word_1_258' title='bbox 1015 3244 1047 3309; x_wconf 78' lang='lat' dir='ltr'>ct</span> 
     </span>
     <span class='ocr_line' id='line_1_37' title="bbox 122 3321 1045 3402; baseline 0.002 -21"><span class='ocrx_word' id='word_1_259' title='bbox 122 3324 153 3381; x_wconf 90' lang='lat' dir='ltr'>in</span> <span class='ocrx_word' id='word_1_260' title='bbox 185 3321 253 3397; x_wconf 54' lang='lat' dir='ltr'>fine,</span> <span class='ocrx_word' id='word_1_261' title='bbox 268 3322 428 3383; x_wconf 89' lang='lat' dir='ltr'>audiamus</span> <span class='ocrx_word' id='word_1_262' title='bbox 454 3324 555 3402; x_wconf 87' lang='lat' dir='ltr'>ipsum</span> <span class='ocrx_word' id='word_1_263' title='bbox 576 3322 760 3401; x_wconf 88' lang='lat' dir='ltr'>Dominum,</span> <span class='ocrx_word' id='word_1_264' title='bbox 792 3323 844 3402; x_wconf 91' lang='lat' dir='ltr'>qui</span> <span class='ocrx_word' id='word_1_265' title='bbox 871 3322 972 3382; x_wconf 90' lang='lat' dir='ltr'>Lucae</span> <span class='ocrx_word' id='word_1_266' title='bbox 994 3322 1045 3385; x_wconf 78' lang='lat'>22.</span> 
     </span>
     <span class='ocr_line' id='line_1_38' title="bbox 123 3404 1045 3485; baseline 0.001 -21"><span class='ocrx_word' id='word_1_267' title='bbox 123 3404 209 3466; x_wconf 87' lang='lat' dir='ltr'>dicit:</span> <span class='ocrx_word' id='word_1_268' title='bbox 232 3407 326 3465; x_wconf 89' lang='lat' dir='ltr'>Facta</span> <span class='ocrx_word' id='word_1_269' title='bbox 348 3412 395 3465; x_wconf 87' lang='lat' dir='ltr'>est</span> <span class='ocrx_word' id='word_1_270' title='bbox 416 3414 518 3466; x_wconf 90' lang='lat' dir='ltr'>autem</span> <span class='ocrx_word' id='word_1_271' title='bbox 542 3406 700 3466; x_wconf 86' lang='lat' dir='ltr'>contentio</span> <span class='ocrx_word' id='word_1_272' title='bbox 725 3404 954 3485; x_wconf 86' lang='lat' dir='ltr'>discipulorum,</span> <span class='ocrx_word' id='word_1_273' title='bbox 977 3404 1045 3483; x_wconf 86' lang='lat' dir='ltr'>quis</span> 
     </span>
     <span class='ocr_line' id='line_1_39' title="bbox 122 3486 1045 3566; baseline -0.003 -17"><span class='ocrx_word' id='word_1_274' title='bbox 122 3507 229 3549; x_wconf 88' lang='lat' dir='ltr'>eorum</span> <span class='ocrx_word' id='word_1_275' title='bbox 252 3488 405 3550; x_wconf 90' lang='lat' dir='ltr'>videretur</span> <span class='ocrx_word' id='word_1_276' title='bbox 427 3507 497 3549; x_wconf 90' lang='lat' dir='ltr'>esse</span> <span class='ocrx_word' id='word_1_277' title='bbox 520 3489 630 3566; x_wconf 82' lang='lat' dir='ltr'>major:</span> <span class='ocrx_word' id='word_1_278' title='bbox 670 3488 755 3548; x_wconf 89' lang='lat' dir='ltr'>Dixit</span> <span class='ocrx_word' id='word_1_279' title='bbox 776 3495 879 3551; x_wconf 86' lang='lat' dir='ltr'>autem</span> <span class='ocrx_word' id='word_1_280' title='bbox 902 3488 964 3547; x_wconf 87' lang='lat' dir='ltr'>eis:</span> <span class='ocrx_word' id='word_1_281' title='bbox 987 3486 1045 3546; x_wconf 88' lang='lat' dir='ltr'>Re-</span> 
     </span>
     <span class='ocr_line' id='line_1_40' title="bbox 120 3569 1046 3653; baseline -0.003 -21"><span class='ocrx_word' id='word_1_282' title='bbox 120 3592 175 3652; x_wconf 79' lang='lat' dir='ltr'>ges</span> <span class='ocrx_word' id='word_1_283' title='bbox 198 3574 334 3653; x_wconf 83' lang='lat' dir='ltr'>gentium</span> <span class='ocrx_word' id='word_1_284' title='bbox 358 3572 554 3632; x_wconf 90' lang='lat' dir='ltr'>dominantur</span> <span class='ocrx_word' id='word_1_285' title='bbox 578 3591 698 3650; x_wconf 87' lang='lat' dir='ltr'>earum,</span> <span class='ocrx_word' id='word_1_286' title='bbox 731 3578 764 3632; x_wconf 89' lang='lat' dir='ltr'>et</span> <span class='ocrx_word' id='word_1_287' title='bbox 784 3572 835 3650; x_wconf 90' lang='lat' dir='ltr'>qui</span> <span class='ocrx_word' id='word_1_288' title='bbox 857 3569 1046 3651; x_wconf 85' lang='lat' dir='ltr'>potestatem</span> 
     </span>
     <span class='ocr_line' id='line_1_41' title="bbox 121 3654 1045 3735; baseline -0.003 -19"><span class='ocrx_word' id='word_1_289' title='bbox 121 3655 236 3716; x_wconf 89' lang='lat' dir='ltr'>habent</span> <span class='ocrx_word' id='word_1_290' title='bbox 265 3675 358 3735; x_wconf 88' lang='lat' dir='ltr'>super</span> <span class='ocrx_word' id='word_1_291' title='bbox 387 3673 458 3731; x_wconf 85' lang='lat' dir='ltr'>eos,</span> <span class='ocrx_word' id='word_1_292' title='bbox 493 3654 623 3716; x_wconf 84' lang='lat' dir='ltr'>benefici</span> <span class='ocrx_word' id='word_1_293' title='bbox 652 3663 816 3734; x_wconf 83' lang='lat' dir='ltr'>uocantur,</span> <span class='ocrx_word' id='word_1_294' title='bbox 852 3674 908 3716; x_wconf 86' lang='lat' dir='ltr'>vos</span> <span class='ocrx_word' id='word_1_295' title='bbox 941 3660 1045 3715; x_wconf 88' lang='lat' dir='ltr'>aulem</span> 
     </span>
     <span class='ocr_line' id='line_1_42' title="bbox 121 3735 1047 3818; baseline -0.003 -17"><span class='ocrx_word' id='word_1_296' title='bbox 121 3758 184 3803; x_wconf 90' lang='lat' dir='ltr'>non</span> <span class='ocrx_word' id='word_1_297' title='bbox 206 3741 268 3818; x_wconf 84' lang='lat' dir='ltr'>sio,</span> <span class='ocrx_word' id='word_1_298' title='bbox 304 3738 359 3799; x_wconf 90' lang='lat' dir='ltr'>sed</span> <span class='ocrx_word' id='word_1_299' title='bbox 397 3741 449 3818; x_wconf 88' lang='lat' dir='ltr'>qui</span> <span class='ocrx_word' id='word_1_300' title='bbox 482 3741 580 3807; x_wconf 83' lang='lat' dir='ltr'>maior</span> <span class='ocrx_word' id='word_1_301' title='bbox 616 3746 664 3803; x_wconf 89' lang='lat' dir='ltr'>est</span> <span class='ocrx_word' id='word_1_302' title='bbox 691 3745 848 3816; x_wconf 74' lang='lat' dir='ltr'>restrum,</span> <span class='ocrx_word' id='word_1_303' title='bbox 881 3735 936 3799; x_wconf 87' lang='lat' dir='ltr'>flat</span> <span class='ocrx_word' id='word_1_304' title='bbox 967 3737 1047 3805; x_wconf 77' lang='lat' dir='ltr'>sicut</span> 
     </span>
     <span class='ocr_line' id='line_1_43' title="bbox 120 3844 230 3887; baseline 0 -1"><span class='ocrx_word' id='word_1_305' title='bbox 120 3844 230 3887; x_wconf 87' lang='lat' dir='ltr'>mmor.</span> 
     </span>
    </p>
   </div>
   <div class='ocr_carea' id='block_1_5' title="bbox 0 0 1178 4208">
    <p class='ocr_par' dir='ltr' id='par_1_5' title="bbox 0 0 1178 4208">
     <span class='ocr_line' id='line_1_44' title="bbox 0 0 1178 4208; baseline 0 1"><span class='ocrx_word' id='word_1_306' title='bbox 0 0 1178 4208; x_wconf 95' lang='lat' dir='ltr'> </span> 
     </span>
    </p>
   </div>
  </div>
 </body>
</html>
