2346 4208
318 284 380 337 suis
400 283 510 353 Llpsise
527 282 675 351 disputatis
702 300 726 335 a.
748 284 818 339 XIX.
966 280 1029 347 275

421 470 637 531 Conclusio
660 470 712 531 lV.

145 554 229 614 Deus
252 560 351 615 mutat
371 570 519 634 poenamv
533 561 690 614 aeternam
719 554 749 613 iu
773 555 987 634 temporalem,

125 636 246 699 scilicet
258 639 357 698 crucis
378 635 560 716 portandae,
583 638 669 696 cuius
681 654 818 697 canones
833 643 887 696 aut
908 650 1007 697 sacer·

124 718 489 798 dotasneostatuendae,
513 739 572 780 neo
582 719 768 780 auferendae
781 719 894 779 habent
915 720 1008 780 ullam

122 809 322 883 potestatem,
337 820 521 884 quamquam
531 803 560 862 id
571 802 609 863 ab
621 802 830 863 adulatoribus
848 804 950 863 noxiis
963 821 1008 862 se-

124 884 208 947 ducti
229 900 428 969 praesumere
448 892 588 966 possunt.

187 968 289 1029 Huius
311 970 532 1050 propositionis
544 968 659 1028 nullam
674 967 774 1028 adhue
786 969 1027 1029 confutationem

105 1050 218 1131 audivi,
241 1053 300 1112 nisi
322 1053 405 1132 quod
427 1054 458 1112 iu
483 1053 637 1112 contraria
653 1051 739 1111 Eccii
759 1052 963 1113 conclusione
985 1050 1027 1110 di-

107 1135 192 1215 citur,
214 1135 278 1196 hoc
300 1155 369 1196 esse
390 1153 567 1215 repugnans
580 1134 764 1214 scripturae,
788 1141 819 1195 et
840 1136 907 1193 usui
930 1135 1027 1194 eccle·

104 1218 185 1297 sice3
207 1237 326 1297 verum,
348 1238 386 1278 an
410 1218 501 1278 aliam
524 1218 576 1278 ille
599 1217 785 1297 scripturam
812 1224 842 1277 et
865 1217 1027 1277 eeclesiam

105 1298 236 1379 habeat,
262 1302 390 1382 ignoro,
422 1302 501 1361 forte
523 1301 685 1361 eeclesiam
703 1300 963 1381 malignantium,
998 1306 1029 1359 et

104 1384 171 1443 cius
191 1382 505 1465 abusumiutelligit,
540 1391 571 1444 et
592 1383 797 1463 Scripturani,
819 1382 919 1443 bullas
942 1390 973 1442 et
994 1382 1027 1441 li-

106 1472 187 1527 teras
210 1484 330 1529 eorum.

187 1548 269 1609 Mihi·
287 1548 408 1626 sufficit,
432 1546 515 1629 quod
528 1544 659 1610 eeclesia
682 1550 713 1608 iu
728 1550 775 1609 his
788 1547 832 1630 ¹),
855 1567 933 1628 quae
944 1548 1026 1608 Deus

105 1630 170 1693 vult
190 1632 327 1712 etfacit,
348 1650 474 1712 prorsus
497 1632 572 1691 nihil
594 1633 694 1711 possit
706 1641 828 1713 praeter
846 1632 1028 1707 orationem,

105 1712 324 1793 alavesbabet,
346 1714 455 1795 quibus
473 1715 566 1776 utitur
587 1717 618 1775 in
641 1717 746 1790 terris,
768 1733 826 1774 nec
839 1715 940 1791 video,
954 1733 1028 1793 quo-

107 1797 200 1859 modo
230 1798 329 1879 ligare
350 1804 403 1858 aut
425 1798 547 1858 solvere
568 1799 684 1878 possit,
707 1800 792 1857 cuius
815 1816 939 1877 prorsus
962 1796 1027 1856 nul-

106 1878 169 1941 lam
204 1887 312 1963 potest
343 1880 458 1943 habere
496 1882 661 1960 notitiam,
696 1900 763 1940 cum
798 1882 864 1941 usui
898 1880 1029 1940 clavium

107 1965 285 2025 necessaria
308 1972 462 2024 asseratur
483 1965 620 2024 scientia.
663 1964 710 2024 De
731 1963 902 2024 iisabunde
922 1964 954 2022 in
969 1963 1029 2023 Re·

108 2047 316 2109 solutionibus
329 2049 417 2126 meis,
429 2066 504 2127 quas
522 2047 572 2109 ubi
585 2048 758 2109 confutatas
776 2047 892 2123 vider0,
909 2045 1028 2109 cedam.

430 2131 646 2191 Conclusio
670 2131 707 2191 V.

147 2211 286 2288 Quilibet
307 2212 453 2274 sacerdos
476 2212 568 2274 debet
589 2214 751 2273 absolvere
774 2215 984 2293 poenitentem

126 2315 273 2379 apoena
294 2303 326 2356 et
347 2295 447 2376 culpa,
471 2304 523 2356 aut
547 2303 664 2377 peccat.
699 2296 807 2374 Aeque
829 2303 938 2377 peccat
960 2315 1007 2354 su-

123 2381 229 2459 perior
240 2379 405 2459 praelatus,
429 2381 454 2438 si
468 2380 591 2439 occulta
606 2381 671 2439 sine
684 2399 778 2439 causa
800 2387 937 2439 reservat
958 2399 1002 2439 ra·

126 2461 374 2541 donabilissima,
387 2463 610 2543 quantumlibet
624 2483 696 2522 usus
710 2463 870 2539 ecclesiae,
893 2462 924 2522 id
947 2469 1002 2539 est,

127 2544 324 2607 adulatorum
345 2548 468 2606 resistit.

189 2627 231 2687 Et
253 2628 333 2687 hanc
354 2630 420 2687 usui
443 2629 586 2707 matris²)
614 2629 765 2688 ecclesiae
788 2627 948 2687 adversam
972 2626 1026 2685 Ec-

108 2712 196 2771 ciana
219 2713 323 2790 arguit
344 2713 535 2791 propositio,
572 2732 631 2792 ego
655 2731 746 2789 vero,
785 2731 846 2770 non
871 2709 941 2788 quid
965 2709 1027 2787 fiat,

107 2794 160 2854 sed
181 2793 257 2873 quid
280 2791 491 2874 deridebeat,
515 2795 647 2874 disputo.
692 2793 781 2868 Quod
803 2800 905 2852 antem
928 2811 1026 2854 sacer-

104 2875 195 2938 dotes
219 2878 445 2957 restringuntur
465 2898 520 2958 per
542 2880 723 2957 episcopos,
757 2889 787 2937 et
815 2877 953 2955 episcopi
975 2895 1029 2954 par

109 2958 241 3041 Papam,
277 2979 337 3039 quo
362 2963 460 3020 minus
482 2960 513 3020 id
537 2970 681 3040 possunt,
706 2960 788 3039 quod
813 2959 941 3036 debent,
967 2977 1027 3037 quo

107 3042 170 3103 iure
191 3042 224 3102 id
248 3040 317 3121 fiat,
339 3044 439 3104 fateor
461 3064 511 3103 me
532 3046 683 3124 ignorare.
728 3045 821 3103 Usum
845 3041 952 3119 video,
982 3043 1027 3100 ius

109 3144 234 3204 quaero,
251 3127 308 3204 ius,
321 3128 455 3205 inquam,
468 3128 618 3187 divinum:
632 3147 701 3186 nam
715 3128 882 3186 humanum
895 3131 925 3184 et
940 3145 1028 3183 usum

110 3226 161 3287 pro
186 3209 299 3269 eodem
322 3211 452 3290 accipio.
496 3211 571 3270 Cum
597 3213 676 3269 enim
705 3209 877 3290 presbyteri
906 3217 937 3270 et
966 3209 1027 3286 epi-

113 3294 194 3372 scopi
216 3293 284 3351 iure
304 3292 409 3353 divino
433 3295 492 3352 sint
514 3293 613 3367 idem,
651 3303 683 3353 et
705 3293 779 3353 olim
802 3293 882 3352 idem
907 3293 1026 3365 luerint,

113 3372 177 3434 dum
202 3376 385 3455 populorum
408 3395 510 3435 curam
526 3377 674 3436 haberent
697 3375 906 3455 praedicando
930 3383 961 3434 et
976 3376 1027 3433 rni-

115 3457 276 3535 nistrando,
300 3478 362 3519 non
385 3459 489 3536 video,
512 3478 572 3538 quo
594 3461 659 3519 iuro
682 3460 831 3539 episcopi,
853 3459 961 3518 relicto
985 3458 1023 3517 of-

118 3534 176 3601 flcio
200 3542 403 3621 presbyteris,
437 3544 482 3600 ius
518 3552 619 3602 tamen
649 3541 898 3622 presbyterorum
923 3561 1026 3601 secum

121 3623 310 3685 ascendentes
334 3625 528 3686 sustulerunt.

126 3739 170 3750 ¹·—
284 3746 382 3753 -.........-
391 3748 464 3753 ...-.-

151 3795 176 3858 l)
193 3797 223 3847 lu
242 3795 303 3849 edd.
324 3799 407 3864 orig.:
428 3796 488 3848 hiis.
519 3794 551 3863 2)
573 3795 654 3849 lbid:
675 3799 786 3846 sanctae
806 3796 910 3846 matris.

759 3866 819 3935 18*
