2346 4208
356 257 427 311 Xltt.
450 258 483 311 de
503 262 639 324 potestate
659 259 759 326 Papae.
954 254 1017 323 343

96 466 158 526 qua
178 445 291 506 Christi
312 444 485 505 libertatem
513 446 744 524 promittamus,
782 444 836 505 sed
870 464 932 524 qua
961 444 1019 507 sibi

94 531 272 591 servitutem
296 529 441 588 iuremus.
484 527 571 602 Quae
585 536 688 589 autem
711 529 810 589 maior
831 528 1018 591 miserisne

95 613 220 690 clasiae,
243 629 335 690 quam
360 630 422 671 non
435 630 551 688 amore,
574 610 633 683 sed.
653 610 920 691 vicouglutinari?
941 629 1019 691 pon·

95 693 193 756 ntioes
215 712 278 755 non
301 692 537 770 benevolentia,
573 693 640 757 sed,
662 701 816 774 potestate
844 693 1016 772 imperare?

95 777 235 841 sabditos
257 796 318 837 non
341 795 469 855 amore,
502 776 557 836 sed
594 775 665 837 odio
698 784 730 837 et
758 777 868 837 timore
890 783 1020 839 coactos

30 916 34 927 .
95 859 232 922 servire?

169 986 231 1050 Sed
254 989 390 1067 sequitur
412 987 507 1068 digna
528 986 699 1067 applicatio¹
719 986 944 1047 similitudinis:

178 1088 211 1150 Si
234 1088 491 1150 conscientiarum
505 1086 606 1146 lactor
622 1093 652 1146 et
669 1087 812 1167 cognitor
827 1093 1016 1149 secretorum

95 1168 276 1233 conditione
297 1171 356 1233 hac
377 1190 449 1230 usus
473 1177 535 1248 est,
557 1189 616 1229 nec
638 1168 735 1231 semel
758 1175 885 1245 tantum,
908 1168 962 1230 sed
987 1164 1019 1231 et

94 1253 244 1332 secundo,
267 1261 298 1314 et
310 1261 406 1333 usque
420 1251 459 1313 ad
472 1253 748 1332 contristationem,
770 1271 832 1332 qua
852 1272 911 1313 nos
927 1272 1016 1336 opor-

95 1345 140 1398 tet
161 1336 370 1398 sollicitudine
400 1342 514 1396 tantam
543 1334 694 1396 ecclesiae
716 1334 939 1415 praelationem
963 1337 1016 1403 irn-

94 1439 213 1502 ponere
235 1420 386 1496 fratribus,
410 1438 538 1499 quorum
553 1419 758 1478 conscientias
777 1438 840 1479 non
854 1417 1018 1480 videmus?

177 1503 244 1569 Nee
266 1505 373 1564 mirum
398 1508 497 1581 certe,
521 1503 591 1580 quia
612 1501 738 1580 Petrus,
776 1501 888 1563 Paulus
910 1509 941 1563 et
963 1502 1015 1563 alii

94 1582 230 1668 apostoli
252 1605 315 1647 non
338 1592 427 1647 erant
447 1591 507 1645 tam
532 1582 667 1662 solliciti,
690 1591 775 1643 tanta
796 1568 1017 1663 sollicitudine,

95 1675 209 1751 quanta
231 1664 599 1749 nuncsunt'ltomani').
647 1665 779 1746 Deinde,
805 1667 876 1746 quia
899 1686 1017 1751 cogno·

94 1753 291 1817 veruntforte
298 1752 505 1813 conscientias
517 1750 649 1830 illorum,
658 1769 734 1830 quos
749 1749 925 1811 sacerdotes
939 1750 1013 1811 con-

93 1835 274 1915 stituebant,
284 1855 342 1917 nec
355 1833 531 1914 exemplum
547 1832 703 1916 Christi*)
721 1832 800 1894 adeo
817 1828 1012 1896 curaverunt.

93 1916 206 1981 Nonne
228 1919 289 1980 hoc
311 1923 413 1979 estse
435 1918 534 1998 ipsum
557 1916 678 1977 ridere?
701 1916 762 1977 Sed
784 1934 842 1976 nec
864 1915 1013 1995 Christus,

95 2003 180 2067 cuius
194 2020 268 2064 oves
284 2009 356 2063 sunt
367 2002 519 2082 propriae,
532 1999 604 2060 licet
616 2018 671 2081 pro
685 2001 729 2060 eis
745 2019 778 2059 se
792 1998 936 2078 traderet,
950 2018 1014 2060 non

95 2093 198 2146 tamen
220 2085 276 2149 fuit
297 2092 358 2145 turn
384 2084 553 2159 sollicitus,
593 2091 624 2142 ut
654 2084 857 2143 iuramentum
882 2103 899 2142 a
921 2080 1013 2159 Petro

94 2168 245 2249 exigeret,
268 2167 321 2227 sed
337 2168 422 2228 velut
439 2167 606 2227 dormitans
622 2165 818 2225 dilectionem
833 2173 1015 2226 tantummo-

94 2252 150 2329 do,
174 2272 238 2311 rem
263 2271 337 2310 sane
359 2250 561 2326 levissimam,
591 2250 703 2329 exegit.
748 2248 1015 2328 Quandoquidem,

95 2335 154 2396 nisi
174 2337 378 2394 iuramentum
393 2333 549 2393 Paschalis
574 2333 692 2392 caritati
704 2339 921 2412 praeponeret,
947 2333 1015 2391 sine

94 2418 187 2478 dubio
211 2417 354 2496 exemplo
369 2416 479 2477 Christi
503 2421 666 2476 contentus
683 2422 774 2493 esset,
795 2434 854 2474 nec
868 2436 902 2475 se
924 2435 1014 2494 opor-

95 2510 159 2562 tere
182 2501 280 2581 magis
304 2500 468 2560 sollicitum
497 2518 566 2558 esse
588 2507 780 2578 quereretur,
814 2518 904 2576 quarn
931 2497 1013 2558 Chri·

94 2592 174 2644 stum
192 2584 307 2664 ipsum,
344 2585 465 2661 [quiet
492 2581 596 2641 ludam
621 2583 799 2660 praeposuit
828 2579 935 2640 ovibus
965 2600 1015 2660 pa·

94 2665 227 2741 scendis,
250 2686 340 2745 quern
365 2665 476 2725 malum
492 2684 560 2724 esse
576 2665 671 2741 novit,
695 2672 787 2742 atque
809 2663 839 2722 id
857 2666 923 2723 siue
945 2683 1016 2724 con·

94 2750 242 2824 ditione].
287 2749 381 2809 Vides
405 2749 496 2825 enim,
520 2755 552 2807 ut
569 2748 670 2826 arguit
691 2768 709 2806 a
731 2747 853 2805 minori:
877 2745 1016 2807 Christus

96 2835 215 2912 exegit,
240 2840 354 2910 quanto
379 2833 476 2911 magis
499 2851 567 2890 nos.
611 2830 705 2904 Quasi
723 2848 796 2889 vero
819 2828 880 2890 hoc
902 2828 1016 2909 aliquid

94 2915 221 2979 adrem
245 2916 407 2994 pertineat,
431 2914 513 2993 quod
531 2913 668 2973 Christus
693 2913 897 2973 conscientias
920 2913 1017 2991 novit,

94 2999 256 3063 Romanus
278 2998 418 3077 pontifex
442 3017 503 3057 non
527 2998 632 3072 novit,
663 3016 730 3055 cum
756 2993 893 3055 Christus
916 3015 1016 3057 exem·

93 3082 177 3162 plum
201 3082 232 3140 in
254 3079 315 3140 hoc
338 3080 479 3140 omnibus
501 3080 677 3158 percrebuerit
696 3078 886 3140 imitandum.
927 3079 1016 3140 Deui-

94 3185 155 3246 que
179 3172 209 3224 et
231 3183 288 3224 nos
311 3183 374 3224 non
397 3166 537 3223 novimus
562 3163 766 3223 conscientias
788 3163 919 3239 Romani
944 3181 1017 3242 pon·

94 3248 200 3325 tificis,
232 3249 311 3307 iuret
345 3266 419 3326 ergo
454 3253 485 3305 et
521 3245 609 3306 nobis
645 3245 871 3322 conditionem,
907 3245 1017 3306 Christi

94 3327 278 3408 salutem²].

176 3414 288 3477 lterum
319 3432 449 3492 quaero:
485 3411 515 3475 Si
549 3413 724 3493 ignorantia
759 3413 1015 3473 conscientiarum

94 3499 163 3560 sola
186 3504 234 3559 est
256 3516 350 3558 causa
373 3496 517 3577 exige-ndi
536 3497 715 3571 iuramenti,
752 3514 804 3554 our
835 3515 896 3556 non
921 3496 1017 3576 cogis,

110 3655 507 3665 fflw-m..
519 3658 523 3662 .

131 3707 161 3769 1)
176 3705 245 3760 lbid.
259 3704 332 3758 add:
349 3706 492 3772 pontifices
504 3704 534 3770 2)
548 3706 578 3757 lu
587 3703 734 3771 adpulere
752 3703 895 3756 situlam:
906 3701 1014 3754 saltem.

133 3782 161 3841 't
179 3776 282 3831 ‹Johan
303 3778 345 3832 10.
