2332 4206
240 260 270 305 ι
324 246 517 307 ‚annotarit
532 250 752 316 arrepta..·.
937 245 1005 313 43·

59 430 130 528 epod
149 432 322 499 Romarm
355 433 454 497 solos
474 416 651 511 interropta
672 431 813 493 Petrum
822 435 982 511 autentas,

58 516 107 577 nisi
126 515 212 575 forte
231 535 277 576 eo
293 523 441 596 tempore
463 535 524 603 quo
539 516 664 594 seripsit
677 514 924 595 Hieronymus(
918 536 980 579 imo

59 598 174 661 eadunt
209 598 376 663 Historiae
406 592 561 661 Liberium
589 599 763 663 Romanum
798 598 981 661 Pontificem

57 682 249 747 tonoessisse
263 683 401 762 Arianis,
416 691 448 744 et
467 683 542 743 illud
555 681 781 761 Hieronymus
773 701 804 741 ιιι
822 683 893 743 viris
915 683 981 743 illu·

57 766 159 826 stribus
182 765 311 846 soribit,
341 766 426 846 quod
448 766 602 827 Aehaoius
625 765 833 827 Caesariensis
863 766 981 844 episeo-

57 867 103 929 pus
132 851 293 925 Αιιιιιιιιιι,
322 849 449 915 Eusebii
472 849 577 917 Ariani
607 848 789 928 disoipulus,
816 849 981 911 autoritate

57 932 225 997 tomento
251 934 453 1013 Imperatoris
482 932 636 996 ordinavit
655 932 789 993 Helioem
817 932 849 993 in
867 932 981 993 Roma·

57 1035 119 1077 ιιιιιι
139 1015 346 1081 Pontificem.

127 1099 272 1178 Octavo,
295 1099 461 1163 oonmtena
483 1101 678 1161 autoritatem
691 1098 869 1178 Hieronymi
894 1116 914 1157 a
931 1117 981 1160 me

57 1181 209 1245 iniustam
222 1183 457 1264 ιιιΕιιιςιιιιιιι,
477 1183 552 1247 dioit
567 1200 609 1243 se·
626 1182 758 1247 scivisse
771 1196 878 1243 omnes
902 1182 979 1240 eius-

57 1265 118 1327 dem
139 1268 263 1342 meriti,
286 1266 490 1346 elusamque
512 1266 675 1327 saeerdotii
692 1282 800 1331 omnes
814 1265 981 1344 episcopos

57 1348 141 1410 fuisse
172 1356 208 1410 et
248 1364 338 1427 esse,
374 1349 429 1411 sed
447 1350 606 1429 'tPapeum
636 1364 709 1413 eost
739 1347 893 1415 ordinem
905 1348 982 1415 ultra

39 1433 296 1512 *episcopatum
333 1433 388 1493 sed
417 1452 481 1493 non
504 1434 595 1492 evioit
616 1432 848 1510 responsionem
873 1450 982 1509 meam,

59 1517 119 1593 quia
141 1516 363 1596 Hieronymus
377 1515 594 1577 sublimitatem
617 1522 648 1574 et
636 1515 806 1574 tinferiorit
807 1520 888 1574 atem
912 1514 981 1594 Epi-

60 1617 226 1677 sooporum
247 1618 316 1663 noe
337 1601 394 1661 iuri
416 1599 539 1677 diuino,
561 1597 616 1659 sed
641 1597 855 1665 eonsuetudini
878 1605 908 1659 et
930 1618 983 1676 po-

61 1683 166 1747 tentiss
191 1681 377 1749 dinitiarum
396 1682 521 1745 tribuit.
554 1681 628 1743 ldeo
659 1680 759 1743 adhue
781 1698 893 1743 maneo
914 1700 983 1743 oum

61 1761 264 1845 Heronymo
353 1781 356 1785 ’
440 1780 444 1787 ’

130 1838 187 1909 Ad
202 1866 349 1943 nonum,
371 1867 476 1926 super
473 1847 645 1942 Cononem
667 1848 716 1911 99.
739 1845 807 1907 ιιιιι.
831 1844 906 1911 dioit
926 1845 984 1911 sihi

60 1949 114 1993 uon
134 1949 300 2011 apparere
319 1931 353 1993 in
375 1931 507 1993 eoeleste
517 1950 605 2009 prinu
608 1930 673 1989 tiva
691 1929 787 1991 fuisse
800 1928 893 1989 talem
912 1946 984 1989 aon

61 2011 233 2091 fusionem,
268 2019 305 2073 ut
324 2015 536 2092 episeopuse
514 2012 718 2073 esaoerdote
745 2031 808 2077 non
830 2020 985 2091 seperare·
1055 2076 1058 2082 ,

61 2104 109 2158 tiu.
150 2095 377 2177 Respondeo:-
415 2095 496 2170 ¹(prid
524 2095 646 2159 hosed
666 2095 742 2157 me'?
770 2103 887 2175 pugnet
915 2114 984 2159 eum

61 2177 252 2258 Hieronymo
277 2186 309 2239 et
330 2178 509 2241 senonibus.
553 2177 644 2255 Quod
677 2186 778 2245 autem
801 2178 986 2258 Dionysium

62 2261 174 2323 inducie
193 2263 279 2323 inter
302 2281 407 2323 saeros
431 2261 554 2323 ordines
576 2264 787 2341 episcopatum
812 2278 983 2339 recensere,

62 2346 168 2423 miror,
198 2343 298 2423 quod
324 2364 388 2407 non
415 2346 508 2406 etiam
535 2345 654 2406 inducit
674 2365 714 2404 ex
745 2343 853 2405 eodem
877 2364 914 2403 an
918 2351 986 2409 toro

61 2427 143 2489 Rom.
171 2427 336 2489 eaolssiae
358 2427 587 2504 monsrohiani
624 2447 691 2489 eum
721 2427 833 2489 habeat
822 2433 985 2492 ttantum

62 2511 208 2575 momenti
238 2509 280 2569 ad
307 2511 528 2588 hierarchiam,
564 2518 597 2571 ut
624 2511 690 2571 sine
724 2510 783 2569 hae
816 2509 986 2591 similitudo

61 2593 277 2673 triumphantis
309 2593 462 2659 eoelesioe
484 2595 655 2655 consistere
689 2593 984 2677 saepesaepe

60 2678 117 2735 suit
154 2683 261 2736 antem
286 2677 492 2754 professorem
521 2676 703 2741 seribendas
725 2675 914 2737 hiererehiee
935 2694 984 2739 ar·

59 2766 207 2838 gumento
229 2765 375 2838 suscepto
399 2761 579 2839 praesertim
611 2762 641 2819 in
669 2760 894 2854 praestantiore
917 2760 981 2818 eius

59 2850 142 2920 porte
166 2841 357 2920 satisfacere,
379 2849 411 2902 at
432 2843 598 2923 Dionysius
622 2860 719 2921 usque
739 2841 782 2901 ad
802 2843 984 2922 episeopum

59 2926 158 2993 solum
182 2924 354 2987 deducit-

138 3007 192 3071 Ad
219 3007 393 3087 decimum
429 3007 469 3073 ad
492 3007 652 3071 Cononem
675 3010 724 3073 99.
759 3007 828 3069 dist.
859 3007 910 3069 ubi
937 3029 983 3069 re-

59 3091 181 3170 spondi
205 3091 392 3169 prohibitum
413 3091 520 3167 luisse,
540 3112 580 3151 ne
596 3093 682 3153 Rom
704 3092 847 3167 Pontifex
863 3092 985 3151 univer-

59 3174 129 3235 salis
154 3174 314 3237 ecelesias
337 3175 501 3253 episeopus
520 3174 736 3254 appellaretur,
759 3174 959 3237 eonfutavit'
920 3183 984 3235 ιιιι

59 3256 138 3316 huno
152 3256 301 3316 modum:
324 3256 394 3316 Non
418 3256 499 3335 quod
513 3259 602 3318 Rom.
623 3257 766 3317 Pontifex
789 3275 850 3317 non
874 3258 985 3335 sitprt

61 3359 124 3400 mus
148 3348 182 3403 et
209 3359 367 3408 summus,
394 3339 455 3407 sed
470 3340 566 3419 quod
597 3343 761 3419 episeopus
789 3337 984 3418 peeuliariter

61 3423 147 3485 Rom.
175 3423 339 3485 Ecclesiae
355 3441 424 3489 mon-
441 3423 481 3483 sit
502 3424 643 3502 proprius
656 3422 817 3489 cuiuslibet
831 3422 985 3485 eoelesiae

60 3507 236 3585 episeopus.
259 3505 462 3584 Respondes·
496 3505 592 3580 Quasi
614 3506 667 3571 ulli
690 3505 862 3567 mortalium
886 3505 986 3584 possit

60 3600 118 3648 tarn
143 3589 256 3648 stultus
279 3587 414 3648 innidere
435 3586 584 3666 effeetus,
619 3596 652 3648 ιιι
673 3609 735 3649 una
757 3607 891 3668 persona
913 3587 986 3647 velit

34 3671 203 3737 ,omnibns
237 3672 378 3733 eeclesiis
408 3679 438 3733 et
466 3672 594 3753 singulis
616 3691 782 3753 praeesse
812 3677 846 3731 ut
834 3674 984 3731 ttantam

59 3755 214 3814 insaniam
250 3772 380 3814 neeesse
417 3755 506 3815 luerit
534 3755 710 3835 prohibere
754 3754 873 3819 Tamen
896 3751 987 3815 relin-
1080 3774 1084 3783 ·
