2346 4208
386 284 456 343 xm.
476 288 668 359 deputante
686 284 786 359 Papae.
971 284 1033 353 315

191 474 361 559 Secundo,
383 498 442 561 ego
463 498 622 561 rogarem,
648 485 682 541 ut
702 478 878 540 adulatores
899 479 1032 539 Romani

112 559 267 643 pblltillcis
309 564 488 624 omitterent
517 564 578 626 hoc
612 564 865 624 terribilissimam
903 562 1031 623 verbum

112 644 248 723 ellegere
271 664 329 725 pro
360 647 523 707 sumendo
546 648 677 727 primatu
699 647 772 707 eius.
818 647 925 723 Neque
949 648 1030 706 enim

112 726 272 789 terribilius
296 749 356 811 ego
371 729 495 791 verbum
509 732 539 790 in
553 736 618 791 tota
628 731 657 803 ¹)
683 730 839 811 Scriptura
852 720 924 809 legi,
947 730 1030 808 quod

112 810 286 873 Romanum
308 812 485 893 pontificem
516 820 548 874 et
583 832 705 874 omnem
732 813 911 893 pontificem
933 813 1032 893 magis

113 900 223 957 terrere
247 897 356 975 possit.
376 922 381 931 ·
399 896 543 971 Primum,
567 896 677 977 quia²)
702 916 831 976 pascere
852 915 916 957 non
940 896 1033 975 sigui-

114 976 180 1039 tuat
199 976 250 1055 id,
286 978 371 1057 quod
399 998 467 1040 esse
501 980 631 1060 primum
666 986 720 1040 aut
740 980 927 1059 principem,
959 977 1032 1039 ideo

115 1078 149 1123 ex
168 1062 242 1141 ipso
266 1060 342 1123 nibil
364 1062 447 1123 aliud
470 1062 632 1142 probatur,
655 1082 746 1142 quam
770 1061 853 1142 quod
874 1062 1032 1122 Romanus

113 1144 248 1223 pontifex
271 1142 366 1206 debet
387 1144 580 1225 praedicare,
610 1146 785 1225 docereque
814 1144 940 1206 verbum
964 1146 1031 1205 llei.

115 1224 200 1303 qnod
223 1229 251 1287 si
273 1228 337 1289 hoc
356 1228 465 1307 debet,
503 1232 562 1290 iam
588 1231 615 1290 ei
649 1228 852 1308 deponendus
881 1232 928 1289 est
950 1233 1032 1289 totus

115 1310 166 1373 iste
188 1312 354 1387 primatum
376 1312 426 1373 die
447 1331 486 1373 ac
506 1318 600 1374 nocte
621 1314 652 1372 in
675 1314 770 1373 literis
792 1312 887 1372 sacris
909 1330 1032 1372 versan-

117 1392 247 1476 lum³)‚
280 1414 357 1475 pure
377 1396 545 1474 orandum,
580 1396 724 1475 periculis
753 1399 784 1456 ct
805 1402 905 1455 morte
918 1394 951 1477 ⁴)
975 1412 1032 1474 pro

118 1476 204 1539 uerbo
227 1476 443 1539 laborandum.
487 1480 639 1556 Breviter,
662 1486 729 1540 tota
751 1479 864 1545 Roma,
885 1483 919 1537 ut
939 1477 1033 1538 hodie

118 1566 166 1634 cst,
187 1560 286 1641 longe
308 1562 337 1621 in
361 1562 455 1624 aliam
471 1562 580 1623 faciem
593 1558 749 1622 mutanda.
792 1562 943 1622 Desinant
958 1578 1033 1641 ergo

120 1650 239 1725 propter
260 1644 360 1705 Deum
383 1644 479 1705 verba
496 1644 607 1706 Christi
631 1646 875 1725 spiritualissime
899 1645 962 1703 suis
984 1662 1033 1703 cu·

121 1725 295 1807 pinitatibus
317 1734 434 1807 aptare.
479 1728 566 1789 Haec
587 1730 667 1787 enim
692 1730 717 1788 si
730 1728 871 1788 Romano
894 1725 1034 1805 pontiflci

120 1814 265 1889 ¹optantur,
290 1812 427 1889 sequitur
441 1810 690 1893 irrefragabiliter
707 1810 932 1891 [necessarium
954 1828 1033 1879 esse,

120 1888 156 1979 rt]
176 1892 293 1954 doceat
318 1893 463 1955 verbum:
500 1894 577 1970 Aut,
613 1896 638 1954 si
661 1913 724 1955 non
744 1892 851 1967 docet,
885 1892 961 1952 nihil
992 1893 1032 1952 ad

120 1988 177 2037 sum
199 1976 347 2055 pertinet.

191 2060 326 2137 Verum,
357 2060 455 2141 magis
478 2059 626 2134 observa,
657 2058 794 2123 Christus
817 2077 880 2119 non
902 2058 1034 2138 imponit

119 2150 265 2219 pasturam
282 2142 385 2219 Petro,
408 2143 465 2202 nisi
478 2144 561 2221 prius
583 2142 700 2221 diligat.
746 2140 884 2201 Obsecro
898 2148 938 2217 te,
961 2140 1033 2221 quid

120 2222 171 2287 boc
192 2225 265 2286 est?
287 2225 401 2285 Nonne
422 2227 567 2304 sequitur,
592 2225 674 2305 quod
698 2226 722 2284 si
745 2244 807 2283 non
830 2224 946 2305 diligat,
970 2242 1032 2284 non

120 2310 152 2369 sit
170 2307 367 2370 audiendus?
395 2309 435 2368 At
458 2310 524 2386 quis
548 2328 605 2367 nos
628 2314 729 2368 certos
752 2308 845 2368 saciet
867 2308 905 2367 de
928 2327 1033 2368 amore

119 2392 270 2467 pastoris?
302 2390 514 2451 Dubitabimus
538 2410 631 2471 erga,
666 2409 828 2469 quemnam
852 2390 1033 2451 audiamus?

119 2470 187 2535 llam
222 2476 247 2533 si
281 2472 387 2533 andire
409 2473 498 2534 nobis
521 2480 676 2553 pastorem
699 2493 828 2534 necesse
852 2481 912 2547 est,
941 2476 1033 2534 etiam

118 2556 154 2618 lli
191 2576 300 2617 amare
323 2557 475 2617 Christum
507 2576 635 2617 necesse
670 2564 725 2620 est.
769 2557 846 2633 Aut,
881 2558 906 2616 si
930 2576 1034 2616 amare

117 2640 265 2701 Christum
291 2658 353 2699 non
378 2648 424 2700 est
445 2658 583 2716 necesse,
606 2659 664 2698 nec
689 2640 793 2699 audire
804 2647 960 2718 pastorem
983 2659 1033 2699 ne·

117 2742 199 2784 cesse
228 2730 293 2799 est,
327 2741 394 2781 cum
424 2728 585 2801 utrumque
609 2723 745 2783 Christus
775 2723 940 2801 copularit,
977 2742 1034 2781 nee

115 2814 266 2885 pasturam
304 2806 363 2865 nisi
395 2809 510 2865 amanti
533 2807 729 2868 commiserit.
774 2805 921 2880 Quidbie
943 2805 1032 2864 lacie-

114 2888 201 2950 muc?
237 2890 319 2965 scio,
355 2889 454 2967 quod,
488 2891 511 2948 si
549 2894 795 2967 rectepensaret
827 2889 887 2948 hcc
906 2888 1033 2947 verbum

116 2968 260 3056 [Christi]
285 2970 412 3051 quilibet
434 2973 609 3051 episcopus,
633 2971 821 3051 desperaret,
846 2990 878 3030 se
900 2970 1033 3030 medium

113 3056 202 3115 unius
227 3055 358 3115 civitatis
382 3074 511 3134 pascere
533 3074 636 3134 posse.

194 3138 292 3217 igitur
313 3138 374 3197 hoc
396 3136 563 3216 effecimus,
587 3137 669 3216 quod
692 3139 751 3197 ista
772 3138 936 3197 autoritate
960 3136 1034 3195 nihil

112 3221 280 3301 probatur,
311 3240 370 3280 nec
402 3221 484 3281 valet
507 3219 545 3281 ad
569 3220 760 3299 probandum
783 3222 957 3299 primatum.
1003 3219 1033 3280 Si

112 3310 215 3365 autem
238 3303 353 3382 aliquid
376 3301 501 3381 facitil,
530 3311 603 3363 tunc
623 3304 684 3363 hoc
707 3303 843 3383 urgebit,
877 3322 940 3363 non
965 3322 1034 3362 esse

112 3388 293 3467 episcopum
317 3387 348 3445 in
372 3387 514 3455 ecclesia„
539 3388 673 3465 quinon
698 3386 818 3459 doceat,
841 3404 900 3446 nec
922 3385 1035 3445 docere

113 3470 246 3550 aliquem
272 3469 394 3545 debere,
418 3471 476 3529 nisi
501 3469 615 3549 diligat.
661 3469 738 3545 Hoc,
761 3470 895 3547 inquam,
919 3474 950 3528 et
972 3487 1034 3529 non

152 3678 181 3735 ll
205 3677 234 3728 ln
255 3675 297 3728 ed.
318 3678 427 3744 priore:
455 3677 484 3726 in
505 3690 584 3726 sacra
605 3680 671 3724 totu.
708 3671 740 3738 2)
762 3672 793 3724 In
816 3673 856 3725 ed.
876 3674 954 3727 len:
971 3676 1036 3742 quia

116 3750 138 3799 si
160 3763 283 3816 pascere.
322 3746 355 3814 3)
382 3747 411 3799 ln
438 3746 481 3799 ed.
501 3747 608 3815 priore:
629 3746 653 3797 ei
673 3744 848 3797 versandum.
885 3745 917 3810 4)
941 3746 972 3797 ln
992 3746 1034 3798 ed.

118 3822 201 3891 orig.:
220 3822 313 3874 morti.
351 3819 383 3887 5)
406 3819 437 3871 ln
456 3816 499 3872 ed.
518 3819 624 3886 priore:
647 3814 727 3869 valet.
