2346 4208
202 250 267 318 402
529 250 686 322 Disputatio
704 246 739 304 D.
758 249 795 306 Ι.
815 250 845 307 Ι..

207 439 252 499 eis
274 437 432 498 mulierem
455 435 580 518 publiea
594 436 677 496 ianra
694 434 884 515 dsmnntan,
908 439 940 500 et
961 441 1061 497 tamen
1077 434 1114 495 in

137 554 144 562 ,
207 520 320 582 stitioat
342 540 409 582 eam
432 519 566 601 publice,
588 527 715 602 propter
735 519 894 601 publioam
916 520 982 581 eius
994 519 1115 580 diiecto

207 625 277 665 nsrn
300 623 356 665 seu
378 603 618 665 eonieseionem.

270 691 321 753 52.
344 686 396 748 Sis
418 693 450 747 et
471 688 502 746 in
533 686 667 747 eeclesia
688 685 812 767 publiea
831 685 1039 749 absolvuntur
1056 703 1116 766 peo-

206 777 339 848 oatoras‚
362 768 414 830 ubi
436 769 629 831 ostenderint
649 768 761 850 dignos
777 771 993 850 poeniteutiae
1005 771 1117 831 motus.

270 857 319 918 53.
341 852 413 913 Non
435 854 516 914 euim
539 860 671 935 possunt
692 853 813 914 absolvi
834 853 984 934 publice,
1005 855 1062 933 qui
1075 870 1118 934 pu·

207 937 269 997 iarn
298 943 501 1017 pernoverant
531 938 562 997 iu
590 938 742 1017 pennatis,
773 955 834 998 neo
864 937 1036 998 ostendunt
1060 955 1119 998 sese

205 1038 400 1167 Wlfflisiist
420 1107 523 1164 autern
545 1102 670 1183 publiea
687 1101 843 1164 absolutio
864 1123 917 1164 res
939 1105 1046 1185 magni
1066 1121 1119 1164 uro·

206 1187 311 1265 menti,
335 1193 366 1245 et
388 1185 568 1247 mirabiliter
588 1185 680 1247 iidem
702 1185 830 1247 roborat
853 1193 885 1247 et
905 1186 1095 1249 consolatur.

268 1273 317 1334 55.
340 1268 419 1329 Nam
438 1271 507 1349 ipss
527 1267 610 1330 aliud
638 1268 715 1329 nihil
744 1276 807 1344 est,
841 1287 935 1348 quam
965 1271 1119 1332 multorum

206 1370 261 1413 seu
283 1352 436 1413 eoelesias
452 1352 521 1414 Deo
543 1359 650 1434 gratae
672 1353 892 1431 testimonium,
916 1372 937 1413 a
950 1355 1020 1417 Deo
1042 1353 1120 1416 nobis

207 1433 358 1497 donatum
380 1443 412 1496 et
433 1435 649 1516 approbatum.

269 1521 319 1584 56.
342 1518 428 1581 Siout
440 1520 683 1599 consolationea
705 1518 830 1599 qnando
853 1539 872 1580 a
889 1518 1035 1600 pluribus
1047 1519 1120 1594 finnt,

206 1602 267 1663 hoo
289 1603 358 1683 plus
379 1601 519 1664 effioiunt
549 1603 631 1684 apud
663 1601 792 1685 pavidas
826 1609 860 1664 et
885 1602 1033 1664 turbatas
1061 1622 1120 1664 oon

80 1748 83 1756 ,
206 1687 361 1749 scientias.

239 1816 242 1821 -
267 1773 317 1834 57.
340 1769 382 1831 Ut
397 1776 429 1831 et
452 1787 549 1850 opera
570 1769 653 1832 bona
666 1775 780 1831 sertam
794 1769 915 1830 iaoiunt
931 1771 1121 1832 vocationem

206 1859 238 1914 et
259 1852 445 1914 &senonem
467 1859 617 1932 nostram,
638 1854 713 1933 quia
730 1853 944 1914 testimonium
967 1861 1045 1946 eunt
1062 1851 1122 1913 fidei

206 1954 467 2091 'mirefflnterna
489 2037 563 2080 vero
585 2019 725 2080 remissio
742 2017 776 2079 iit
788 2019 927 2099 gratuito
945 1979 1006 2101 per
1020 2019 1122 2082 nriser'r

207 2102 344 2164 aordiam
369 2102 440 2181 Dei,
461 2103 543 2163 intus
565 2100 626 2162 flue
649 2101 744 2163 eorda
765 2099 970 2182 paritioantis.

269 2189 318 2250 59.
342 2184 401 2260 Qui
424 2205 498 2247 vero
528 2186 726 2267 pertinaciter
750 2184 826 2244 illud
859 2187 994 2247 verbum
1025 2190 1122 2268 urgent

207 2269 426 2346 (Dimittuntur
446 2271 485 2348 ei,
508 2271 581 2349 quia
602 2269 727 2348 dilexit)
759 2275 791 2329 et
822 2270 884 2329 ista
909 2271 971 2330 tria
993 2291 1058 2332 non
1080 2288 1121 2337 vu

205 2351 418 2449 lentandus,
448 2352 566 2413 vitandi
595 2361 666 2414 eunt
693 2359 839 2432 tanquam
869 2355 1005 2434 reprobi
1027 2371 1121 2416 sensus

205 2437 407 2586 homttltltl.esiion
432 2520 515 2578 enirn
536 2538 598 2580 uno
621 2520 682 2580 hos
703 2518 799 2579 verbo
814 2517 941 2596 Christi,
968 2523 1035 2582 suis
1054 2520 1121 2601 eogi-

203 2604 372 2703 tationibus
395 2609 529 2683 arrepto,
551 2604 611 2664 trie
633 2603 702 2664 losa
725 2609 758 2664 et
769 2605 869 2663 totum
884 2609 1013 2665 textum
1028 2603 1121 2666 fahan

203 2689 329 2833 familiis
337 2767 467 2846 Deinde,
490 2769 515 2827 ei
538 2768 579 2828 ad
596 2768 674 2829 haee
686 2768 743 2829 tria
755 2767 953 2847 respondere
968 2771 1122 2839 debebunt

203 2852 332 2912 multum
353 2851 518 2928 sudabunt,
541 2859 646 2913 tamen
668 2851 780 2912 frustra
802 2850 1013 2917 laborabunt.

424 3001 660 3131 Disputatio
680 3047 913 3110 circularis
957 3071 961 3079 ·

205 3168 292 3229 Feria
335 3177 424 3229 sexta
466 3176 576 3228 eontra
610 3166 783 3227 Concilium
816 3165 1072 3231 Constantianos*
1101 3172 1119 3224 st

233 3271 307 3313 suos
331 3254 526 3313 eonfessores
548 3250 746 3332 praesidente
769 3250 804 3309 D.
827 3250 920 3313 Mart.
947 3252 1094 3315 Luthero.

512 3334 551 3395 M.
576 3334 612 3395 D.
635 3333 749 3394 XXXV
767 3333 815 3403 *).

384 3501 431 3561 De
454 3508 583 3579 unaque
605 3502 710 3581 speeie
733 3499 944 3562 Saoramenti.

284 3621 311 3680 1.
333 3610 397 3679 Iste
424 3619 564 3696 quaestio
599 3632 663 3679 non
684 3615 890 3696 estamplius
919 3621 955 3681 in
989 3641 1030 3682 eo
1053 3620 1113 3680 loeo

256 3794 431 3868 '‘i'iextua
448 3795 572 3851 renuitas
590 3801 633 3848 est
648 3804 686 3847 aa.
700 3792 745 3846 ei.
757 3791 835 3857 tete,
859 3794 976 3851 coitate
995 3798 1039 3853 ed.
1059 3789 1111 3850 titt
