2346 4208
117 263 179 330 182
392 264 597 333 &adunatio
616 264 776 323 dominata
849 259 853 263 ’

115 458 188 516 aute
205 451 318 517 dictae
345 458 470 514 ucabae
491 451 657 512 Facultatr's
690 450 871 532 theologiae
898 451 1049 512 iussimus*

115 537 308 618 appensione
331 535 521 598 communiri.

197 619 277 680 Acta
299 619 421 698 suerunt
440 618 519 678 haec
539 616 686 689 Lovauii,
714 615 896 676 Leodiensia
918 616 1041 678 diocoe-

116 703 170 782 sia,
190 704 222 763 iu
244 702 376 763 ecclesia
398 701 562 780 collegiata
586 698 616 761 S.
633 699 714 759 Petri
725 698 894 761 Lovanieu.
916 700 949 761 in
975 700 1042 762 loco

116 786 277 867 capitulari
304 785 440 845 inferiori
474 783 602 858 ibidem,
633 782 691 844 sub
722 801 807 844 anuo
833 803 854 842 a
883 785 1044 844 nativitate

118 870 239 930 Domini
267 869 307 931 M.
334 868 371 929 D.
394 868 473 930 XIX.
500 867 673 928 Indictioue
704 869 733 929 7.
756 867 870 927 maasia
890 866 1043 928 Notemb.

116 952 168 1012 die
188 957 218 1017 7.
232 953 312 1012 iutcr
328 970 442 1013 nonam
465 958 497 1011 et
509 950 660 1010 decimam
681 948 772 1010 horas
785 956 858 1010 aute
874 950 1043 1011 meridiem.

117 1035 317 1096 Pontificatus
339 1035 524 1096 sanctissimi
545 1034 577 1093 iu
600 1032 721 1093 Christo
743 1032 841 1092 Patris
866 1041 899 1092 et
919 1033 1043 1096 Domini

118 1120 232 1197 nostri,
254 1118 379 1179 Domini
401 1118 513 1178 Leonis
537 1115 640 1176 divina
662 1115 856 1196 providentia
878 1116 987 1196 Papae
1006 1117 1044 1180 X.

117 1221 200 1263 anuo
223 1221 280 1263 suo
302 1206 331 1266 7.
796 1228 799 1236 ·

202 1285 250 1345 De
272 1284 419 1345 mandato
453 1283 658 1344 Dominarum
680 1283 815 1360 Decaui,
852 1289 884 1343 et
912 1283 1043 1345 aliorum

200 1368 416 1449 Magistrnmm
430 1373 603 1427 nostrorum
621 1365 722 1427 dictae
737 1365 913 1442 Facultatis,
934 1365 1044 1429 lobon

200 1470 257 1513 nas
280 1471 341 1512 van
361 1451 443 1512 hove
457 1447 487 1528 ¹)
510 1449 666 1511 Notarius.

119 1650 412 1714 Condemnatin
434 1651 658 1711 Facultatis
686 1649 938 1729 Theologiaa
973 1650 1045 1712 Go-

118 1733 324 1795 loniensis
358 1734 804 1876 adversLuathdnctrinam
827 1732 859 1795 F.
883 1733 1044 1795 Martini

518 1837 537 1876 u
593 1837 673 1878 ern.

200 1949 359 2013 Universi's
382 1959 414 2012 et
434 1952 562 2032 siugulis
584 1952 640 2012 has
663 1958 784 2012 nostras
806 1951 912 2012 literas
934 1951 1045 2015 visuris

119 2041 151 2096 et
171 2034 317 2095 audituris
340 2036 483 2096 Decauua
506 2043 538 2097 et
558 2034 701 2096 Facultaa
722 2053 829 2095 sacrae
849 2032 1045 2116 Theologiaa

119 2117 301 2178 universalia
324 2118 415 2179 studii
439 2118 634 2180 coloniensis
657 2134 725 2178 cum
748 2118 867 2178 sincera
889 2136 1044 2180 commen·

118 2198 243 2261 datione
264 2200 410 2265 Salutem.

200 2283 335 2344 Tametsi
360 2305 468 2345 omues
491 2285 618 2346 ubilibet
640 2283 844 2344 consistentes
868 2283 982 2346 fideles
1006 2283 1044 2345 ad

118 2368 291 2426 communis
322 2365 394 2428 fidei
419 2368 647 2443 defensionem,
681 2366 793 2427 nedum
832 2385 900 2426 cum
932 2388 1043 2445 rerum,

119 2451 337 2510 verumetiam
361 2470 431 2512 curu
454 2453 597 2533 propriae
627 2453 709 2511 vitae
731 2450 893 2530 dispendio
919 2458 1043 2511 tenean-

118 2539 181 2610 tur,
205 2535 370 2614 praecipue
402 2540 505 2596 tamen
544 2554 599 2596 eos
631 2533 670 2595 ad
699 2532 731 2593 id
762 2534 896 2593 muneris
931 2536 1043 2597 arctius

119 2614 283 2676 obstrictos
312 2625 449 2695 constat,
483 2619 533 2698 qui
562 2637 617 2698 pro
650 2617 738 2677 titulo
773 2617 974 2696 professionis
1006 2615 1042 2678 ab

118 2697 251 2759 ecclesia
272 2699 311 2759 ad
334 2700 365 2760 id
387 2721 461 2783 prae
483 2702 592 2763 ceteris
615 2700 751 2780 deputati
774 2701 977 2760 aestimantur
999 2720 1041 2761 aa

118 2800 189 2842 crae
212 2781 390 2862 theologiae
409 2785 555 2865 Magistri,
578 2803 706 2864 quorum
732 2781 784 2863 (ut
805 2782 962 2863 Scriptura
982 2784 1040 2853 ait)

119 2866 355 2946 uniuscuiusque
388 2870 469 2929 ensis
499 2876 591 2948 super
621 2868 718 2928 femur
747 2868 812 2926 eius
845 2885 915 2926 essa
941 2866 1043 2945 debet,

119 2954 245 3027 propter
277 2950 403 3012 timores
441 2960 627 3029 nocturnos,
667 2967 787 3010 errores
824 2954 855 3009 et
886 2949 1043 3025 haereses,

119 3048 196 3109 quoa
219 3041 403 3111 procurante
426 3037 637 3095 universorum
652 3033 836 3093 zizaniorum
854 3037 960 3093 satore
982 3034 1042 3095 dia

119 3113 209 3186 bolo,
243 3115 344 3178 studio
378 3138 542 3197 pravorum
573 3115 982 3198 pseudoquenatholicorum
1013 3119 1042 3177 in

120 3197 252 3258 ecclesia
273 3219 329 3277 per
350 3208 492 3282 tempora
513 3199 735 3263 dormientibus
765 3198 943 3260 homiuibus
973 3219 1043 3262 cou-

122 3281 212 3362 tiugit
232 3281 392 3361 pullulare.

202 3364 277 3424 (lum
300 3368 405 3450 itaque
434 3374 508 3428 aute
530 3368 649 3446 aliquot
683 3367 742 3428 hos
777 3366 842 3426 dies
874 3365 1043 3427 venerandi

121 3446 380 3528 eruditissimiqne
401 3450 534 3523 domini,
565 3451 709 3512 Decanus
727 3456 758 3511 et
779 3448 923 3510 Facultas
946 3467 1043 3512 sacra·

120 3531 257 3592 tissimae
279 3532 457 3614 theologiae
479 3535 606 3614 insignis
629 3532 720 3596 studii
737 3533 952 3614 Lovauieusis,
974 3551 1043 3597 acu·

111 3853 120 3867 ,
192 3771 224 3839 1)
244 3770 275 3826 lu
296 3772 340 3828 ad.
357 3770 436 3847 dam:
456 3782 508 3831 aaa
527 3772 601 3845 Dola
