2346 4208
126 241 190 308 104
358 245 468 299 Tassat.
488 245 602 300 Consul.
620 244 654 297 D.
672 245 707 298 lt.
725 244 838 298 barbari

208 431 266 494 Ubi
301 432 352 493 hio
376 433 474 507 Deus,
506 433 556 510 qui
591 431 664 491 talia
693 429 800 491 videre
831 426 955 510 potuit?
997 427 1044 489 ubi

125 515 278 591 Christus,
314 517 364 593 qui
398 517 476 576 haec
504 515 632 575 audiens
660 533 787 594 prorsus
819 513 936 574 tacuit?
968 513 1045 573 Perit

123 599 186 675 ille,
208 618 247 658 ao
267 600 292 658 si
315 601 439 680 ignotus
461 600 632 675 essetDeo‚
655 597 829 658 hominibus
851 605 884 656 et
907 595 1044 657 omuibus

123 684 285 758 creaturis,
320 681 393 760 quid
425 700 482 742 nos
504 684 644 761 patimur,
666 682 780 760 inquo
802 699 865 741 non
888 678 961 740 dico
983 679 1044 760 glo

123 765 209 842 riari,
240 764 294 825 sed
323 767 414 825 etiam
444 785 507 825 non
537 762 683 825 conlundi
713 769 874 845 oporteat,
908 764 934 822 si
961 761 1045 822 huius

125 848 214 909 morti
237 855 446 928 comparatum
470 846 581 908 luerit?
624 849 687 906 Ant
708 846 757 907 ubi
781 865 838 907 uos
860 845 1054 927 parebimua,

125 932 151 991 si
180 930 255 990 nibil
283 932 346 1011 pati
375 930 577 1009 voluerimus,
611 929 743 1009 quando.
764 930 840 990 tanti
869 930 925 989 viri
956 929 1044 989 etiam

125 1020 256 1074 mortem
280 1023 340 1074 tam
371 1013 549 1094 despectam
573 1015 674 1073 ferunt
693 1013 851 1090 immeriti,
880 1021 913 1072 et
936 1030 1045 1092 corpus

124 1115 231 1156 eorum
253 1097 384 1157 ludibrio
399 1096 530 1157 hostium
547 1097 673 1157 traditur
694 1102 766 1175 post
788 1102 930 1157 mortem.
957 1095 1045 1170 Ecce,

123 1181 238 1258 inquit,
273 1181 304 1239 in
327 1179 472 1257 Ieremia,
509 1180 618 1259 quibus
646 1199 709 1240 non
732 1191 797 1240 erat
819 1178 983 1257 iudicium,
1017 1185 1046 1237 ut

123 1261 264 1323 biberent
292 1263 437 1331 calicem,
465 1262 604 1324 bibentes
630 1262 751 1338 bibent,
781 1272 814 1324 et
835 1271 866 1324 tu
897 1263 1046 1323 innocens

125 1344 324 1425 relinqueris,
360 1360 422 1407 non
444 1345 623 1424 relinqueris
652 1348 820 1424 innocens,
857 1345 913 1405 sed
942 1345 1045 1406 bibens

125 1426 222 1490 bibes.

206 1546 302 1607 Recte
317 1564 399 1628 ergo
412 1544 548 1606 Eremita
568 1545 632 1623 ille,
655 1547 704 1624 qui
729 1566 796 1624 oum
819 1545 949 1626 singulis
961 1544 1045 1605 annis

128 1636 337 1709 aegrotasset,
360 1648 421 1690 uno
447 1629 612 1708 aliquando
635 1648 717 1691 anno
740 1632 863 1711 integro
882 1646 978 1688 sanus
1001 1647 1044 1687 ve·

123 1711 282 1772 hementer
304 1713 483 1775 tristabatur
496 1718 527 1772 et
537 1710 689 1792 plorabat,
712 1731 854 1789 causans,
868 1711 952 1792 quod
967 1711 1045 1771 Deus

123 1802 206 1854 esset
240 1797 306 1855 eius
335 1796 465 1871 oblitus,
499 1802 530 1854 et
547 1796 684 1876 ¹gratiam
714 1816 799 1856 suam
834 1796 862 1856 ei
893 1802 1045 1874 negasset,

123 1876 202 1938 adeo
225 1878 344 1940 scilicet
377 1878 552 1938 necessaria
585 1886 616 1938 et
650 1879 791 1939 salutalis
813 1888 861 1938 est
883 1877 1046 1958 disciplina

57 1972 63 1986 ·
123 1959 247 2021 Domini
270 1962 412 2023 omnibus
435 1961 624 2022 Christianis.

206 2077 352 2138 Videmus
386 2084 505 2157 autem,
544 2097 636 2158 quam
668 2078 743 2139 nihil
772 2087 835 2156 est,
873 2076 959 2156 quod
991 2096 1045 2138 nos

122 2160 270 2238 patimur,
298 2161 324 2221 si
347 2161 529 2222 Sanctorum
553 2162 699 2242 ungulas,
730 2181 883 2238 carceres,
921 2161 1045 2236 ferrum,

121 2243 241 2321 ignem,
271 2244 400 2322 bestias,
429 2253 460 2304 et
480 2243 610 2317 infinitis
631 2253 783 2305 tormenta
804 2243 1044 2318 consideremus,

121 2326 183 2384 imo
212 2326 236 2384 si
267 2335 297 2385 et
319 2329 527 2406 praesentium
549 2327 709 2388 nobiscum
744 2330 774 2387 in
803 2327 862 2387 hac
889 2328 954 2388 vita
980 2346 1043 2406 gra·

122 2407 399 2470 vissimasdiaboli
422 2412 652 2491 persecutiones
681 2412 860 2491 patientium
895 2409 1043 2489 pondere·

122 2509 188 2549 mus
210 2495 405 2556 tentationes.
449 2493 557 2572 Neque
585 2496 666 2554 enim
697 2492 823 2568 desunt,
859 2494 911 2572 qui
946 2494 1044 2553 acrius

122 2581 153 2632 et
173 2576 295 2652 gravius
311 2579 473 2656 patiantur,
496 2596 586 2656 quam
601 2586 669 2652 bos,
693 2585 755 2636 tam
777 2578 808 2636 in
823 2577 931 2658 spiritu
954 2594 1043 2655 quum

121 2675 262 2736 corpore.

206 2773 318 2834 Dicunt
354 2775 404 2834 hic
445 2776 551 2854 aliqui:
591 2777 660 2838 Hoc
689 2795 819 2855 queror,
859 2776 943 2855 quod
978 2795 1045 2836 mea

122 2857 228 2935 passio
241 2855 422 2916 Sanctorum
438 2859 632 2935 passionibus
655 2880 717 2921 nmr
741 2860 912 2940 comparari
937 2859 1045 2938 possit,

122 2939 193 3017 quia
217 2948 364 3018 peccator
385 2960 462 3018 sum,
486 2961 544 3002 nec
565 2942 674 3023 dignus
697 2942 758 3002 illis
782 2941 966 3022 comparari.
1001 2940 1044 3001 Illi

121 3040 177 3100 pro
201 3022 380 3082 innocentia
402 3044 476 3102 sua,
510 3045 568 3105 ego
599 3027 812 3106 propeccatis
835 3025 911 3084 meis
934 3027 1045 3104 patior,

119 3103 191 3164 ideo
215 3104 290 3164 nihil
314 3107 438 3184 mirum,
471 3108 542 3168 illos
581 3108 713 3169 iucunde
737 3109 841 3168 omnia
870 3107 1043 3187 pertulisse.

122 3186 189 3246 Hoc
225 3186 349 3248 verbum
389 3209 520 3269 magnae
553 3193 700 3252 stultitiae
723 3199 784 3268 est,
823 3192 847 3250 si
883 3192 965 3250 enim
990 3209 1044 3270 pro

121 3271 256 3348 pecca-tis
277 3272 409 3350 pateris,
431 3273 628 3352 gaudendum
652 3282 700 3335 est
722 3274 785 3352 tibi,
807 3271 889 3353 quod
912 3293 1043 3354 purgan-

119 3362 325 3498 pppoprgcpata
360 3361 420 3422 tua.
466 3357 514 3417 An
549 3377 611 3418 non
635 3367 667 3418 et
688 3357 792 3419 Sancti
823 3356 947 3416 fuerunt
975 3375 1044 3437 pec

205 3553 264 3615 Sed
277 3554 410 3617 Herodis
433 3563 464 3615 et
483 3556 612 3618 latronis
636 3558 748 3618 sinistri
766 3557 895 3618 similem
921 3564 953 3619 te
976 3577 1044 3620 esse

123 3635 291 3698 formidas?
330 3638 401 3700 Non
434 3659 483 3716 es,
515 3641 539 3700 si
568 3640 690 3720 patiens
719 3641 823 3703 tueris.
875 3640 1042 3704 Latronem
