2346 4208
336 271 433 322 contra
452 284 560 324 errores
581 271 614 325 ri.
633 272 714 327 Luth.
930 269 993 338 293

847 410 861 442 Ἰ

109 459 160 513 tes
190 470 272 532 aqua
293 458 450 534 carentes,
488 455 621 518 nebulae
639 456 687 534 ¹),
715 475 794 537 quae
815 477 835 518 a
856 458 994 538 procella

109 535 265 612 feruntur,
298 535 406 615 quibus
436 538 535 619 caligo
559 539 752 601 tenebrarum
781 541 810 600 in
834 548 993 603 aeternum

110 624 237 679 servata
259 625 315 680 est.
359 621 463 701 ltaque
486 622 561 682 nihil
583 624 667 704 agis,
700 623 779 699 Leo,
801 623 851 685 vel
872 625 917 684 sio
937 624 992 685 fiu-
1068 684 1071 689 .

110 720 190 783 gens
212 704 252 763 te.
294 701 365 764 Nou
388 705 469 763 enim
487 704 733 787 derelinquemus
755 706 872 767 fontem
894 725 995 787 aquae

111 786 218 862 vivas,
251 785 431 865 Dominum,
469 794 500 847 et
530 788 681 850 fodiemus
715 787 805 851 nobis
833 791 993 869 cisternas,

111 886 202 948 quae·
215 886 277 929 non
300 867 448 930 valebunt
468 889 578 950 aquam
603 874 772 934 continere.

153 949 330 1012 inhibentes
352 952 593 1036 nihilominusn)
625 955 725 1017 eidem
748 955 879 1016 Martino
895 953 926 1034 ²)
953 974 993 1017 ex

65 1051 162 1113 nuuc,
185 1040 218 1094 ut
233 1034 353 1095 interim
370 1034 408 1096 ab
429 1038 513 1096 omni
534 1037 776 1117 praedicatione,
798 1058 852 1099 seu
875 1038 991 1119 praedi·

66 1117 201 1178 aetionis
236 1115 338 1178 offlcio
375 1120 500 1180 omnino
538 1120 675 1184 desistat.
729 1121 876 1201 Alioquin
894 1124 925 1191 b)
960 1127 994 1183 ut

65 1201 169 1281 ipsum
201 1198 364 1260 Martinam
378 1201 430 1283 ³),
470 1203 495 1262 si
529 1204 609 1268 sorte
641 1206 775 1267 iustitiae
812 1213 843 1265 et
875 1204 993 1265 virtutis

66 1301 159 1343 amor
172 1279 205 1364 ⁴)
240 1289 410 1363 apeocato
442 1304 505 1346 non
538 1286 689 1368 retrahat,
721 1287 994 1368 indulgentiaeque

66 1385 141 1446 spes
176 1365 215 1425 ad
249 1368 475 1447 poenitentiam
505 1389 569 1430 non
604 1369 740 1446 reducat,
775 1375 990 1450 poenarumc)

67 1455 169 1509 terror
189 1453 334 1510 coerceat
354 1448 545 1531 disciplinae,
567 1453 698 1515 eundem
711 1451 893 1528 Mortuum,
916 1454 993 1513 eius-

66 1550 129 1611 que
151 1529 355 1592 adhaerentes
369 1530 402 1606 d)
429 1535 606 1615 complices,
628 1536 765 1597 fautores
778 1538 810 1612 e)
836 1534 867 1595 et
887 1553 993 1616 recep-

66 1621 186 1675 tatores
208 1622 316 1675 tenore
337 1619 543 1694 praesentium
565 1620 757 1698 requirimus,
780 1625 811 1680 et
832 1636 993 1679 monemus

66 1699 100 1758 in
136 1697 246 1758 virtute
277 1704 403 1759 sanctae
433 1699 645 1780 obedientiae,
685 1709 717 1763 et
738 1700 794 1762 sub
828 1699 994 1781 praedictis

67 1778 212 1841 omnibus
236 1786 268 1841 et
287 1780 414 1861 singulis
437 1784 563 1862 poeuis,
591 1804 629 1846 eo
651 1787 720 1865 ipso
742 1782 931 1845 incurrendis
948 1783 994 1862 ⁸),

67 1862 207 1924 districte
232 1863 450 1943 praecipiendo
475 1866 714 1948 mandamusf),
744 1874 894 1947 quatenus
915 1866 995 1927 infra

66 1947 232 2027 sexaginta
270 1945 335 2006 dies
356 1955 410 2025 el,
462 1968 590 2029 quorum
633 1951 741 2032 viginti
788 1969 844 2030 pro
884 1949 994 2029 primo,

68 2029 178 2110 viginti
224 2047 279 2109 pro
322 2030 474 2110 seeundo,
525 2039 556 2094 et
598 2033 734 2112 reliquos
779 2032 886 2113 viginti
927 2031 993 2091 dies

30 2178 37 2187 ,
68 2130 126 2193 pro
165 2113 255 2172 tertio
296 2117 327 2173 et
366 2116 573 2195 peremptorio
614 2118 744 2178 termino
791 2116 994 2194 assignamus,

70 2195 109 2256 ab
139 2193 286 2255 affixione
308 2199 515 2274 praesentium
538 2199 568 2258 iu
591 2199 668 2261 locis
689 2200 766 2259 infra
788 2197 918 2278 scriptis,
939 2198 994 2257 irn-

11 2302 15 2307 ·
71 2276 205 2337 mediate
227 2285 392 2356 sequentes
414 2280 630 2358 numerandos,
652 2284 720 2362 ipse
731 2282 889 2357 Martinus,
913 2299 994 2340 com·

70 2361 187 2439 pliccs,
208 2359 362 2438 fautores,
385 2361 599 2442 adhaerentes,
623 2373 654 2425 et
675 2372 884 2445 receptatores
907 2382 994 2443 prae-

70 2442 144 2504 dicti
167 2462 186 2502 a
214 2442 360 2524 praefatis
383 2445 536 2509 erroribus
564 2467 732 2527 eorumque
763 2446 994 2527 praedicatione

69 2545 107 2587 ac
129 2525 339 2606 publicatione
361 2533 392 2587 et
414 2530 596 2604 assertione,
620 2529 800 2591 defensione
818 2548 941 2610 quoque
964 2535 995 2588 et

70 2609 217 2670 librorum
241 2627 296 2669 seu
320 2610 536 2691 scripturarum
561 2611 710 2689 editione,
743 2631 835 2692 super
866 2610 993 2687 eisdem,

68 2694 136 2753 sive
159 2710 265 2752 eorum
287 2690 407 2770 aliquo,
439 2696 564 2756 omnino
587 2695 750 2756 desistant:
779 2695 936 2773 librosque
957 2712 995 2754 ac

68 2775 236 2854 scripturas
260 2793 367 2834 omnes
391 2783 421 2836 et
437 2777 584 2858 singulas,
608 2779 763 2859 praelatos
787 2797 916 2854 errores,
939 2794 994 2836 seu

67 2877 177 2919 eorum
212 2857 332 2938 aliquos
367 2859 600 2938 quomodolibet
621 2862 833 2938 continentes,
870 2858 994 2920 combu-

64 2937 193 3017 renth),
204 2937 253 3000 vel
267 2940 406 3002 comburi
420 2941 542 3005 faciant.
565 2945 634 3025 lpse
649 2943 901 3023 etiamrMartinus
913 2960 993 3002 erro-

64 3044 117 3085 res
135 3030 166 3083 et
179 3025 366 3084 assertiones
381 3023 556 3088 huiusmodi
574 3029 699 3089 omnino
713 3024 886 3106 revosssi),
904 3042 941 3084 ao
955 3021 992 3098 k)

65 3107 108 3168 de
137 3108 337 3167 revocatione
366 3107 540 3170 huiusmodi
578 3130 632 3189 per
665 3110 788 3190 publica
810 3108 995 3169 documenta

64 3193 98 3250 in
122 3188 222 3249 forma
243 3188 353 3263 iurisl)
378 3191 496 3267 valida,
530 3195 558 3253 in
583 3193 723 3254 manibus
755 3191 883 3251 duorum
906 3189 994 3249 Prae·

65 3272 201 3333 latorum
224 3273 416 3353 consignata,
440 3274 478 3334 ad
501 3276 651 3336 mosinius
670 3276 749 3336 alios
771 3273 885 3333 similes
907 3291 995 3332 sexa·

64 3357 156 3436 ginta
177 3354 242 3414 dies
265 3357 576 3436 transmittendam),
608 3359 657 3420 vel
681 3377 735 3438 per
762 3359 928 3436 ipsummet
951 3354 994 3430 (si

61 3495 72 3503 .
92 3490 273 3501 -n-—w—0—

142 3566 173 3627 1)
197 3567 225 3618 ln
245 3567 380 3622 eddon:
412 3584 463 3619 nae
484 3567 584 3620 bullse.
639 3569 672 3631 2)
694 3566 796 3621 ibidem
822 3567 867 3618 hic
887 3571 915 3618 et
935 3564 996 3617 reli·

67 3638 130 3689 buis
157 3638 226 3691 locis
256 3639 358 3708 legitur
382 3639 536 3692 Luthero
563 3655 614 3707 pro
641 3641 793 3692 Martino
813 3645 863 3690 etc.
911 3636 943 3699 3)
966 3637 995 3688 ln

67 3709 111 3761 ed.
131 3708 259 3764 Manen:
296 3708 432 3780 Alioquin
461 3713 489 3762 in
508 3713 600 3777 ipsum
621 3712 777 3763 Martinam.
834 3709 867 3771 4)
889 3707 921 3761 Iu
951 3714 994 3762 ed.

67 3783 155 3850 orig.:
177 3796 283 3837 amore.
323 3784 357 3847 b)
379 3781 494 3835 Ibidem:
515 3782 689 3836 incurrendo.
