2346 4208
295 264 432 326 adversius
453 260 660 329 criminationes
679 260 801 329 Lumen.
859 338 863 347 Ι
987 274 1008 338 'l

83 462 137 520 luit
167 462 322 540 impressa
355 461 514 541 Augustae
551 457 623 521 aute
656 481 791 522 mensem
820 463 1008 543 ianuarium,

83 544 152 603 dum
182 544 257 604 illac
280 546 340 604 iter
371 544 410 604 ad
443 546 572 623 patriam
597 546 741 607 facerem.
785 546 918 607 Littera-e
940 546 1008 607 Lut-

83 628 155 700 teri,
191 645 273 705 quae
301 646 401 706 penes
424 647 474 686 me
496 636 634 699 exstant,
672 637 743 689 sunt
775 629 865 689 datae
886 629 1009 709 Lipsiae

81 715 110 774 7.
133 710 260 772 donner.
304 711 421 789 Accepi
454 711 558 773 eas8
583 674 747 772 Februarii.
794 712 905 772 Videte
914 712 1008 793 ,dig-

82 813 200 853 nrssrmr
192 793 329 867 Patres,
353 792 483 852 schedas
506 813 591 853 meas
614 796 697 874 prius
720 795 839 854 fuisse
831 815 1007 876 impressas,
1091 784 1095 799 '

81 895 172 955 quam
211 876 330 936 litteras
365 877 521 955 scripserit
554 876 593 936 ad
628 896 679 937 me
706 877 858 941 Lutterus.
901 877 1007 942 Taceo

81 959 162 1038 quod
188 959 229 1019 ob
245 959 382 1019 locorum
400 959 664 1038 intercapedinem
679 961 866 1021 tardiuscule
886 961 1008 1022 luerunt

82 1042 153 1101 mihi
189 1051 424 1120 praesentatae:
457 1043 627 1122 intelligitis
658 1044 719 1101 iarn
752 1043 897 1121 arbitror,
929 1063 1008 1124 quae

81 1126 141 1184 sint
162 1124 238 1184 illae
260 1125 406 1204 strophae
428 1124 590 1184 infeliciter
612 1132 753 1186 versutae
777 1133 807 1186 et
825 1127 942 1207 figurae
964 1129 1007 1186 ni-

80 1207 143 1267 hilo
167 1207 320 1286 figuratac
342 1207 496 1268 civiliores
526 1209 658 1268 astutiae
688 1218 719 1268 et
741 1217 927 1270 veternosae
940 1230 1008 1290 pru·

80 1288 215 1352 dentiae.
247 1290 398 1360 Ceterum,
413 1290 497 1368 quod
519 1292 550 1350 in
575 1310 624 1350 ure
644 1293 765 1352 iocatur
787 1301 818 1353 et
838 1293 925 1368 ludit,
948 1293 1007 1352 auf-

80 1374 145 1433 fero
163 1380 201 1433 et
221 1375 341 1452 patior:
374 1374 454 1433 absit
476 1374 549 1433 mihi
570 1374 711 1452 gloriari,
748 1376 773 1434 si
802 1377 832 1434 in
855 1375 1008 1475 aliquibus

80 1455 196 1516 Studiis
217 1456 270 1515 vel
291 1456 476 1516 Germaniae
499 1457 548 1517 vel
569 1457 678 1517 Italiae
701 1458 898 1517 exercendi
890 1459 1007 1538 ingenii

80 1558 175 1598 causa
197 1540 318 1599 iuvenis
341 1539 505 1618 disputavi.
550 1539 613 1599 Sim
635 1540 760 1600 Luttero
783 1549 814 1601 et
837 1540 1005 1602 Bodeuste-

80 1623 131 1681 nio
153 1622 343 1700 sophisticus
365 1630 488 1702 argutat
489 1642 534 1698 or,
557 1623 613 1681 sim
637 1611 825 1704 theologista
856 1623 1033 1703 sophista,‘

80 1705 329 1765 Aristotelicotat
318 1713 367 1764 tos
379 1706 593 1781 scholasticae,
609 1705 792 1784 disputator,
810 1706 885 1767 nibil
899 1702 1006 1803 sciant,

79 1789 209 1847 sciant
201 1789 262 1866 rpsi
285 1789 404 1864 omnia,
434 1791 507 1858 novi
530 1808 619 1866 quam
642 1790 682 1848 sit
703 1788 776 1848 mihi
799 1796 885 1849 curta
899 1752 1007 1931 ειιρθιέ

80 1871 139 1930 lex.
185 1870 248 1931 sim
272 1871 417 1950 pusillus,
445 1872 489 1931 illi
512 1871 636 1948 Golias,
659 1872 737 1931 alter
760 1871 924 1947 Hercules,
946 1873 1007 1931 siut
1023 1935 1025 1940 ,

80 1973 187 2013 eorum
210 1953 323 2014 iudicio
346 1963 564 2034 praeceptores
593 1956 652 2012 mei
675 1954 829 2025 infelices,
864 1974 942 2036 quos
964 1954 1005 2014 fe-

80 2038 153 2096 lices
179 2036 326 2113 arbitror,
350 2037 505 2115 quibusvis
529 2036 705 2097 nominibus
726 2057 777 2097 me
799 2037 1006 2096 dehonestare

80 2121 225 2194 nitantur,
248 2121 365 2198 patiar,
393 2120 560 2179 dummodo
592 2120 714 2180 fidelem
739 2140 788 2179 me
810 2139 879 2180 esse
903 2122 1006 2179 sinant

81 2212 111 2262 et
135 2203 352 2262 Christianum.
394 2203 424 2262 Si
446 2204 549 2263 fecero
574 2205 688 2280 omnia,
712 2223 790 2281 quae
814 2203 1006 2281 praeceperit

82 2285 154 2344 mihi
174 2285 328 2362 dominus,
351 2288 415 2345 scio
441 2288 510 2364 quia
526 2306 633 2345 servus
651 2287 765 2345 inutilis
784 2306 865 2345 sum:
889 2294 1004 2364 quanto

12 2356 18 2372 ’
82 2370 180 2447 magis
203 2369 276 2427 dum
297 2388 435 2446 agnosco
460 2389 508 2427 me
530 2388 592 2428 non
615 2369 736 2428 iecisse.
761 2389 828 2427 sum
851 2370 1005 2427 inutilissi-

81 2471 156 2509 mus.
192 2452 339 2510 Attamen
363 2452 506 2529 quicquid
530 2452 597 2510 Deo
622 2452 758 2510 donante
781 2454 888 2530 accepi
910 2452 1005 2511 liben-

81 2543 127 2593 ter
149 2554 305 2613 exponam
329 2554 385 2612 pro
410 2537 540 2593 ve'ritate
562 2534 634 2593 fidei
657 2544 688 2593 et
703 2534 836 2594 ecclesie
852 2535 1006 2594 catholica

81 2617 206 2677 tuenda.
235 2618 275 2676 Et
297 2626 442 2695 quantum
464 2619 548 2676 Deus
571 2616 699 2693 dederit,
722 2618 875 2677 erroribus
898 2637 1003 2696 repug-

82 2700 164 2760 nabo
195 2707 227 2759 et
249 2719 303 2759 eos
327 2720 510 2780 expungam.
555 2699 645 2758 Nulla
675 2702 756 2759 enirn
790 2720 847 2759 nos
871 2718 1006 2760 commo-

81 2803 154 2842 vere
178 2783 293 2842 debent
314 2785 455 2843 convicia
469 2785 530 2855 (ait
542 2784 741 2862 Gregorius),
764 2791 797 2841 ut
819 2804 837 2842 a
859 2785 909 2841 via
923 2790 1008 2841 recto

82 2876 113 2925 et
135 2886 155 2925 a
178 2875 262 2924 certa
284 2867 392 2945 regula
413 2866 603 2927 recedamus.
648 2867 822 2925 Amicitiam
850 2874 953 2925 tamen
975 2866 1006 2923 in

82 2966 116 3007 se
140 2968 241 3007 meam
264 2948 322 3007 Lut
311 2956 406 3010 tterus
430 2957 537 3008 causat
540 2970 573 3007 ur
527 2949 718 3008 tsimulat
708 2957 779 3026 tam,
801 2949 845 3008 fat
834 2957 912 3024 teor,
935 2948 1008 3006 ami-

81 3033 124 3090 cit
125 3033 186 3089 iam
211 3032 251 3091 ob
275 3032 321 3090 litt
311 3039 390 3091 teras
420 3042 486 3091 ets
441 3032 608 3091 tstudium
632 3051 700 3090 curn
724 3052 760 3090 eo
784 3033 837 3090 inii
861 3049 919 3090 nec
940 3031 1007 3088 viso

83 3118 136 3181 (ut
170 3114 238 3172 curri
270 3115 369 3174 doctis
407 3116 508 3174 lacere
541 3112 665 3195 soleo),
704 3114 805 3173 sedt
795 3122 860 3173 an
863 3133 956 3192 opere
987 3131 1007 3170 a

82 3200 242 3256 communi
263 3199 379 3272 amieo,
410 3198 536 3258 doctiss
572 3198 673 3257 Christ
663 3197 794 3274 tophoro
819 3197 1009 3269 Scheurlino,

82 3280 157 3339 Jure
181 3280 374 3356 Consulto,
367 3301 397 3339 ru
400 3284 575 3360 tegerrimo,
599 3278 827 3338 commendate.
864 3278 924 3337 Sed
947 3295 1009 3336 crc-

83 3364 128 3422 dit
116 3371 170 3422 tne
193 3381 287 3442 posse
309 3383 359 3422 me
382 3383 451 3423 esse
469 3365 600 3423 amioum
623 3364 660 3437 ei,
684 3363 735 3440 qui
751 3371 837 3420 extra
850 3352 1011 3419 Ecclesiae

83 3448 234 3505 unitatem
259 3446 433 3522 contendit
464 3447 590 3505 cumB.
614 3445 819 3523 Hieronymus
844 3444 927 3502 omni
950 3450 1010 3501 stu-

84 3528 135 3588 dio
160 3528 295 3588 affirmet
317 3549 351 3588 se
373 3532 492 3608 egisse,
524 3536 557 3588 ut
546 3529 647 3588 tthos
636 3535 682 3586 tes
704 3527 867 3586 Ecclesiae
894 3535 925 3585 et
947 3526 1012 3584 eius

84 3613 192 3672 hostes
229 3611 348 3672 fierent
392 3576 556 3672 Homibem
579 3629 668 3687 arno,
702 3628 821 3669 errores
852 3627 919 3667 curn
953 3607 1012 3666 Au-

82 3697 210 3764 rustino
234 3695 317 3759 odio
361 3696 418 3755 Est
439 3697 500 3756 hoc
525 3703 694 3755 monstrum
717 3693 818 3769 alere,
849 3693 1010 3752 veritatem

84 3788 116 3840 et
138 3778 224 3843 Sum.
245 3778 359 3841 Pontis.
378 3781 457 3841 tueri
478 3798 516 3840 ac
536 3778 670 3859 proximi
690 3775 822 3838 reditum
844 3775 884 3835 ab
906 3791 1011 3835 errore
