2346 4208
196 249 239 317 ω
426 253 535 309 Tassat.
554 253 669 309 Consul.
686 254 721 310 D.
739 254 774 309 lt.
791 255 905 310 Lethen

197 438 316 519 iugabit
338 458 416 503 eam.
459 440 572 501 Nonne
603 447 635 501 et
666 442 708 521 pii
737 448 881 520 parentes
902 441 974 522 plns
994 441 1026 502 in
1047 439 1115 502 liliis

197 521 315 596 dolent,
339 523 364 582 si
387 524 448 584 sint
469 523 561 600 fures,
583 531 638 585 aut
662 525 744 596 mali,
767 525 1034 602 quamvulnerati,
1053 525 1114 586 into

197 607 321 686 ipsimet
350 626 407 668 eos
428 606 563 667 caedunt
582 615 613 668 et
634 609 789 684 sauciant,
819 615 852 668 ut
873 607 946 668 mali
967 626 1038 670 esse
1055 625 1114 670 non

197 689 327 771 possint.
479 696 486 709 '

282 771 362 848 Quid
385 792 459 853 ergo
482 772 597 852 obstat,
618 773 701 853 quod
724 774 784 835 hoc
797 775 908 834 malum
926 784 1034 836 verum
1056 791 1114 834 non

198 855 346 918 sentitur?
380 856 514 936 Nempe,
549 863 582 916 ut
603 856 680 930 dixi,
709 857 780 918 Deo
802 856 990 938 disponente
1009 858 1055 918 ita
1074 855 1116 933 lit,

132 975 137 979 -
199 946 232 999 ut
253 939 347 1000 homo
370 959 433 999 non
455 937 594 1017 deficiat,
632 941 657 1000 si
680 960 736 1001 sua
758 941 840 1002 mala
862 941 1057 1021 penitissima
1073 941 1115 1000 vi·

198 1021 292 1083 deret.
320 1022 399 1082 Num
422 1022 584 1083 abscondit
605 1043 653 1102 ea,
675 1023 786 1084 volens
809 1024 877 1084 sola
890 1023 952 1084 fide
973 1023 1115 1102 escam,

199 1105 270 1165 dum
293 1123 331 1165 es
353 1104 469 1166 indicat
490 1105 626 1167 sensibili
655 1106 747 1178 malo.
790 1107 898 1186 ltaque
925 1110 956 1167 in
984 1107 1037 1167 die
1057 1124 1114 1166 nra

197 1188 297 1249 lorum
317 1208 435 1249 memor
457 1196 524 1249 esto
541 1189 702 1250 bonorum.
731 1189 810 1250 Vide
832 1197 981 1268 quantum
1001 1189 1115 1252 bruun

198 1273 246 1347 sit,
268 1290 331 1332 non
354 1291 447 1332 nosse
469 1278 566 1333 totum
590 1273 713 1333 malum.
755 1273 851 1333 Huius
870 1280 937 1334 estc
960 1273 1035 1334 boni
1058 1291 1115 1332 me-

199 1374 275 1432 mor,
298 1361 329 1415 et
351 1357 449 1415 minus
464 1355 611 1416 cruciabit
631 1355 778 1418 sensibile
796 1356 919 1417 malum.
948 1357 995 1417 lta
1016 1373 1117 1422 rursus

198 1440 229 1499 in
253 1436 303 1498 die
325 1437 477 1500 bonorum
500 1445 707 1500 memoresto
730 1439 894 1517 mulorum,
912 1436 944 1498 id
966 1445 1024 1516 est,
1047 1436 1115 1498 duur

198 1520 340 1583 indolens
364 1542 397 1582 es
419 1541 560 1583 verorum
600 1522 764 1600 malorum,
795 1524 826 1582 in
862 1523 921 1582 hac
949 1522 1118 1584 indolentia

256 1613 302 1665 tus
325 1612 412 1683 estc,
442 1613 474 1666 et
502 1624 673 1666 memorare
696 1624 836 1665 verorum
858 1605 1030 1683 malorum,
1057 1611 1118 1664 tum

188 1624 262 1766 ibi,
285 1696 318 1748 ut
339 1690 439 1749 minus
462 1690 578 1748 sentias
589 1688 735 1750 sensibile
751 1690 874 1752 malum.
908 1688 1014 1749 Olaret
1035 1706 1118 1770 ergo,

161 1848 167 1857 .
199 1773 346 1832 maiorem
369 1792 438 1832 esse
459 1773 490 1833 in
504 1772 628 1833 homine
650 1791 772 1851 semper
793 1770 1007 1849 indolentiam,
1028 1790 1117 1850 quan

198 1854 339 1916 dolorem
360 1857 391 1916 in
414 1855 473 1915 hec
497 1856 576 1932 vita,
608 1875 671 1917 non
700 1854 783 1934 qnod
822 1874 884 1916 non
913 1873 1062 1934 praesens
1082 1855 1120 1915 ait

200 1937 314 1998 malum
329 1946 438 2014 totum,
461 1938 516 1998 sed
538 1937 621 2016 quod
644 1939 750 2018 opinio
773 1945 804 1998 et
823 1937 953 1998 affectus
975 1939 1043 1998 eius
1059 1954 1118 1998 nou

200 2023 241 2082 sit
262 2042 318 2101 per
340 2022 397 2082 Dei
420 2021 599 2097 bonitatem,
621 2023 673 2100 qui
695 2021 859 2082 abscondit
879 2022 989 2101 ipsum.
1037 2043 1040 2047 ’

283 2105 362 2164 Hino
393 2103 533 2164 videmus
564 2123 635 2183 eos,
674 2105 784 2183 quibus
815 2104 920 2165 datum
950 2111 1000 2167 est
1033 2120 1119 2164 amn

199 2207 305 2247 verum
327 2187 440 2248 melum
452 2188 571 2263 intueri,
595 2206 685 2266 quam
702 2189 846 2249 atrociter
866 2189 896 2247 in
910 2207 944 2247 se
955 2189 1042 2267 ipsos
1056 2205 1118 2247 sae·

200 2272 295 2345 vient,
318 2289 408 2348 quam
432 2271 506 2330 nibil
528 2270 659 2348 ducant,
682 2270 830 2350 quidquid
851 2272 915 2350 pati
937 2279 1071 2349 possunt
1090 2270 1118 2329 iu

200 2359 266 2413 tota
288 2354 365 2430 vita,
393 2353 487 2413 modo
509 2355 659 2413 infernum
694 2374 782 2417 suum
803 2373 867 2414 non
889 2354 1035 2414 sentiant.
1077 2352 1120 2413 lta

198 2438 408 2516 unusquisque
439 2437 572 2512 fuceret,
606 2439 631 2496 si
660 2438 709 2497 vel
732 2439 876 2514 sentiret,
911 2436 960 2496 vel
983 2435 1121 2496 crederet

199 2517 326 2578 firmiter
354 2520 466 2580 malurn
490 2540 578 2580 anum
606 2521 774 2597 internum,
806 2526 918 2600 sponte
953 2518 1122 2581 advocaret

199 2609 328 2662 externa
352 2604 442 2680 mala,
464 2603 583 2664 luderet
604 2604 635 2662 in
655 2604 709 2679 eis,
732 2610 995 2682 atquenunquarn
1008 2602 1122 2663 tristior

201 2693 293 2764 esset,
315 2687 405 2765 qdanr
430 2688 501 2745 dum
522 2706 585 2746 non
608 2685 735 2746 haberet
758 2686 858 2764 male,
880 2686 959 2746 sicut
980 2687 1121 2746 novimus

201 2767 352 2847 quosdam
370 2770 502 2831 Sanctus
523 2769 645 2831 fecisse.
690 2767 797 2843 Qualis
819 2768 918 2829 David
940 2767 1021 2831 Psal.
1046 2771 1075 2833 6.

284 2853 377 2932 Igitur
398 2855 496 2933 prima
508 2855 611 2932 imago
624 2852 834 2913 consolatoria
847 2858 903 2928 est,
926 2850 983 2911 sibi
998 2851 1060 2932 ipsi
1081 2849 1122 2911 di-

202 2953 283 3014 cere,
304 2935 459 3014 Nondum,
482 2955 501 2997 c
524 2937 629 3013 homo,
652 2936 875 2996 sentismelunr
894 2942 989 3010 tuum,
1013 2934 1124 3016 gaude,

201 3025 233 3078 et
254 3020 368 3098 gratias
389 3038 459 3099 age,
481 3018 563 3097 quod
585 3038 647 3080 ncn
670 3020 783 3078 sentire
805 3019 944 3098 cogeris,
967 3024 1061 3097 atque
1083 3019 1125 3078 ita

201 3102 314 3161 malurn
345 3105 577 3182 comparatione
610 3103 735 3161 maximi
775 3101 844 3162 leve
872 3100 939 3176 fiet,
974 3100 1038 3161 hoo
1071 3109 1124 3170 est,

203 3184 286 3263 quod
319 3184 371 3244 alii
399 3184 519 3245 dicunt:
553 3185 660 3265 Longe
690 3186 813 3265 peiora,
849 3185 941 3244 etiam
973 3183 1124 3244 infernum

202 3269 328 3328 meritus
357 3286 441 3346 sum,
476 3267 568 3328 facile
607 3267 730 3346 quidem
765 3267 864 3344 dictu,
896 3265 952 3326 sed
981 3268 1125 3328 intolera

203 3349 265 3410 bile
289 3369 392 3413 sensu.
616 3348 618 3352 ’

285 3435 388 3512 Atque
409 3434 470 3494 hoc
493 3433 605 3494 malum
635 3431 858 3512 quantumlibet
879 3431 989 3511 lateat,
1024 3441 1125 3495 tamen

203 3517 318 3577 fructus
341 3535 414 3577 suos
437 3515 540 3597 prodit
555 3517 629 3576 satis
643 3514 814 3576 sensibiles.
847 3514 885 3575 Hi
895 3514 921 3596 ¹)
944 3523 1017 3576 sunt
1038 3519 1128 3578 timor

204 3607 236 3660 et
256 3599 441 3660 incertitudo
464 3598 602 3680 trepidae
624 3600 848 3676 conscientiae,
876 3617 937 3677 qua
965 3598 1045 3661 fides
1077 3603 1129 3660 irn-

210 3721 387 3728 .-——.—.-—-.-..
395 3721 581 3728 ,wa-..-

278 3772 310 3837 1)
332 3772 363 3824 ln
382 3772 426 3826 ed.
445 3773 517 3842 orig.
537 3771 638 3842 ubique
658 3769 792 3839 scripturn
812 3769 928 3840 legitur:
950 3769 997 3838 bii,
1015 3773 1081 3832 blis.
