2346 4208
45 238 51 245 ⁸
109 234 150 302 16
266 284 270 289 .
295 237 500 307 Disputatioet
517 239 669 294 Excusetio
689 239 825 294 liutheri·

110 445 150 487 ex
172 445 210 487 ea
240 425 449 506 disputatione
482 426 596 488 bonum
624 414 824 508 promovere,
862 446 953 507 quam
986 433 1034 489 tot

109 509 197 569 malis
225 509 360 570 invidiae
393 516 442 572 ιι
463 510 662 572 detractionis
693 511 805 572 Eleoius
832 512 1031 574 contaminat.

107 593 193 653 Bene
214 593 295 670 vale,
318 594 359 653 mi
381 594 488 655 lector.

109 772 222 835 θοιιιι
249 790 346 838 novos
368 777 400 835 st
420 778 543 836 veretas
566 791 687 839 errores
715 775 859 836 defendet
879 775 1033 836 Martinus

1 875 9 889 ··
72 856 272 918 ‚lutherius
304 857 360 918 lras
391 857 560 935 positiones
593 859 815 935 sequentesin
782 858 936 918 metudio
962 857 1034 936 Lip-

133 964 148 1000 ι
498 941 582 1001 sensi
594 940 642 1018 *.)

193 1071 228 1142 1)
256 1065 401 1142 Quotidie
424 1074 535 1148 peceat
557 1069 657 1128 omnis
679 1068 789 1146 homo,
823 1068 879 1128 sed
905 1073 937 1129 et
957 1070 1031 1148 quo-

34 1181 36 1187 ·
108 1149 182 1210 tidie
204 1152 352 1230 poenitet,
375 1150 508 1217 docente
530 1150 668 1231 Christo,
691 1152 915 1213 Poenitentiam
938 1152 1032 1231 agite,

109 1240 241 1313 excepto
265 1252 326 1293 uno
350 1252 432 1294 novo
463 1233 595 1313 quodam
623 1236 720 1307 iusto,
757 1235 807 1314 qui
840 1235 1032 1314 poenitentia

108 1335 171 1376 non
193 1315 328 1397 indiget,
358 1335 426 1376 eum
457 1318 550 1377 etiam
573 1318 717 1398 palmites
739 1317 912 1379 fructiferos
933 1318 1031 1397 quoti·

108 1399 158 1460 die
179 1406 289 1480 purget
311 1400 449 1480 agricola
470 1401 628 1461 eoelestis.

190 1485 226 1555 2)
252 1484 286 1542 ln
308 1483 391 1543 bono
414 1501 544 1562 peceare
566 1482 741 1555 hominem,'
757 1489 788 1544 et
804 1489 964 1564 peceatum
980 1503 1046 1544 ve·¹

108 1565 190 1626 niale
213 1584 277 1626 non
297 1573 406 1626 natura
428 1585 497 1644 sua,
529 1567 584 1627 sed
606 1567 665 1627 Dei
689 1567 898 1627 misericordia
930 1565 1029 1627 solum

22 1726 31 1735 ⁶
108 1668 178 1710 esse
200 1649 278 1727 tale,
306 1650 388 1709 aut
380 1668 409 1709 m
434 1668 529 1730 puero
553 1657 624 1730 post
646 1650 832 1730 baptismum
866 1657 1029 1730 peceatum
1070 1725 1072 1728 .

108 1751 271 1794 remanens
294 1752 425 1813 negare,
447 1733 509 1793 hoo
531 1740 579 1794 est
567 1734 726 1794 tPaulum
750 1741 781 1793 et
803 1731 956 1793 Christum
983 1752 1030 1792 se-

109 1816 169 1875 mel
194 1795 388 1876 oonouloare.

191 1897 228 1980 3)
253 1896 311 1973 Qui
336 1918 413 1979 opus
435 1897 550 1958 bonurn
568 1881 860 1978 autpoenitentiarn
881 1919 899 1958 a
921 1917 1029 1978 pecea-

107 1988 207 2042 torum
231 1980 437 2044 detestatione
459 1989 531 2041 ante
554 1979 751 2042 dilectionem
774 1982 909 2053 iustitiae
936 1982 1030 2060 ineipi

108 2083 166 2125 neo
193 2066 223 2124 in
253 2082 291 2124 eo
319 2064 442 2144 peooari
472 2065 594 2142 asserit,
622 2064 711 2125 'hune
741 2066 821 2125 inter
842 2065 1027 2145 Pelagianos

106 2147 280 2208 haereticos
302 2166 513 2224 numeramus,
537 2147 591 2207 sed
614 2154 646 2208 et
667 2156 774 2208 eontra
798 2167 916 2208 saerum
941 2166 1027 2206 suum

108 2231 307 2291 Aristotelem
331 2230 472 2310 desipere
494 2229 670 2309 probamus.

65 2311 69 2318 “
190 2315 227 2392 4)
254 2313 336 2374 Deus
359 2319 454 2372 mutat
482 2332 615 2393 poenam
643 2322 799 2374 aeternam
823 2315 888 2373 int
876 2320 1028 2392 tempora-

108 2397 183 2477 lem,
208 2397 327 2457 scilieet
315 2399 445 2457 tornois
468 2395 657 2476 portandae,
687 2399 772 2457 euius
806 2415 942 2459 oenones
978 2404 1031 2456 aut

107 2480 251 2541 sacerdot
240 2489 285 2539 tes
308 2499 366 2540 neo
388 2479 587 2557 statuendae,
618 2498 677 2541 neo
699 2479 884 2541 auferendae
915 2478 1031 2539 habent

107 2564 200 2624 ullam
224 2570 349 2644 potesta
351 2570 427 2642 tem,
460 2581 647 2660 quamquam
680 2561 710 2622 id
743 2561 782 2623 ab
818 2561 1029 2622 adulatoribus

107 2647 210 2708 noxiis
232 2644 350 2706 seducti
329 2639 568 2725 tpraesumere
591 2646 720 2726 possint

187 2734 226 2807 5)
252 2728 388 2802 Quilibet
376 2729 555 2789 tsaeerdos
578 2729 672 2790 debet
691 2728 854 2790 absolvere
870 2729 1029 2807 poeniteu-

58 2842 62 2866 ι
107 2822 169 2889 tem
192 2830 211 2871 ι
231 2831 335 2892 poena
356 2820 387 2871 et
408 2797 499 2908 onlp⁸a
521 2823 574 2872 aut
595 2821 714 2893 peceat,
736 2830 835 2891 aeque
857 2817 967 2890 penest
982 2830 1029 2870 su-

106 2897 210 2977 perior
230 2895 397 2975 praelatus,
420 2897 445 2954 si
469 2895 590 2956 oooulta
612 2897 679 2956 sine
702 2914 795 2954 eausa
824 2899 962 2955 reservat
983 2912 1029 2954 ra-

107 2977 351 3054 tionabilissima
376 2985 471 3057 quant
460 2979 600 3039 tumlibet
622 2998 694 3039 usus
717 2978 884 3055 ecelesiae,
918 2976 949 3036 id
972 2984 1030 3054 est,

107 3061 300 3122 adulatorum
323 3062 445 3124 resistit

190 3142 227 3240 6)
251 3144 342 3204 Forte
364 3144 554 3204 satisfaciunt
542 3145 697 3204 tanimae
718 3144 749 3203 in
771 3143 949 3224 purgatorio
973 3162 1029 3222 pro

106 3229 253 3309 peccatis,
277 3227 331 3289 sed
356 3227 438 3305 quod
461 3227 546 3287 Deus
568 3246 587 3286 a
609 3229 757 3288 morituro
765 3226 849 3323 ’plus
867 3244 959 3304 quam
978 3245 1030 3286 vo·

108 3312 269 3371 luntariam
300 3317 429 3370 mortem
464 3310 615 3390 requirat,
659 3311 825 3371 vanissima
859 3310 1030 3370 temeritate

107 3396 263 3473 asseritur,
285 3394 356 3472 quia
378 3393 470 3455 nullis
493 3391 593 3454 modis
614 3400 720 3474 potest
741 3391 873 3473 probari.

162 3623 193 3692 *)
215 3624 243 3674 ln
264 3623 306 3674 ed.
333 3624 419 3690 princ.
457 3622 681 3689 Propositionum
709 3619 829 3686 Lutheri,
858 3634 929 3687 quae
955 3634 1030 3672 enno

216 3696 286 3749 1530
305 3693 416 3761 prodiit,
435 3692 488 3745 hae
508 3694 715 3761 propositiones
735 3692 1030 3755 noninveninntur,in

215 3766 279 3820 edit
298 3765 369 3821 1538
388 3770 415 3817 et
434 3765 504 3820 1558
521 3764 661 3833 leguntur.
