2346 4208
348 267 382 328 de
403 263 526 337 consiliis
546 264 724 347 evangeliiis.
930 262 991 342 ddi

156 657 359 741 Praeceptum
383 667 430 723 est
447 661 588 723 doctrina
599 663 657 724 Dei
678 663 843 745 generalis,
866 681 989 724 omnem

70 739 229 885 hominem
271 762 394 824 semper
433 745 574 826 obligans
623 745 680 808 snb
729 765 833 827 poena
870 746 990 826 peccati

33 828 39 838 “
67 828 167 884 morta
180 824 215 887 is.

152 906 323 970 Consilium
353 917 400 971 est
434 910 576 973 doctrina
604 912 661 973 Dei
697 913 857 993 specialis,
889 909 988 971 solum

66 988 209 1072 obligans
233 992 290 1053 snb
311 1013 414 1073 poena
435 996 554 1075 peccati
577 995 726 1074 venialis,
757 1013 812 1077 pro
849 1000 990 1073 ternpore

64 1074 153 1135 huius
176 1074 268 1137 vitae.

88 1164 92 1175 ’
151 1156 237 1217 Haec
261 1164 308 1218 est
336 1159 495 1241 theologia
532 1160 744 1242 vulgatissima
766 1178 867 1239 papae
889 1165 920 1217 et
941 1176 988 1217 so·

64 1238 251 1318 phistarum,
274 1249 305 1302 et
327 1243 371 1302 ita
392 1250 533 1324 recepta,
562 1251 596 1304 ut
617 1245 710 1307 etiarn
732 1241 866 1324 probata
888 1241 928 1300 sit
948 1238 986 1299 ab

63 1324 134 1401 ipso
158 1322 188 1385 S.
211 1323 348 1385 Iohanne
369 1325 467 1404 Husa,
500 1328 532 1386 in
555 1345 592 1388 ec
615 1327 683 1407 ipsc
707 1326 810 1402 libro,
832 1325 872 1385 ob
896 1342 986 1402 quem

64 1423 174 1484 passus
198 1410 246 1467 est
267 1408 387 1488 ignem,
422 1427 494 1470 nam
516 1409 557 1470 ad
588 1408 716 1470 verbum
744 1408 810 1470 fere
832 1406 925 1469 refert
947 1421 986 1466 aa

67 1490 183 1565 omnia,
205 1489 279 1571 Oap.
301 1495 329 1554 7.
953 1538 954 1543 η

147 1569 207 1632 aad
234 1584 265 1632 et
286 1572 429 1636 Sorbona
460 1575 491 1634 in
514 1590 570 1636 suc
603 1575 727 1636 decreto
759 1572 906 1634 adversae
929 1570 985 1630 Lu-

63 1652 182 1713 therum
205 1654 381 1735 damnatum
396 1656 499 1736 dictat,
522 1677 592 1719 esse
613 1657 691 1719 haec
711 1657 872 1718 onerativa
893 1655 984 1715 nimis

63 1734 256 1798 Christianae
278 1739 445 1821 religionis,
462 1742 488 1800 ai
510 1753 566 1821 pro
578 1740 752 1824 praeceptis
775 1739 872 1800 teneti
895 1755 984 1817 opor·-

63 1824 136 1881 teat.
179 1818 259 1881 Hine
279 1822 332 1882 iiia
356 1822 476 1884 famosa
498 1821 579 1906 apud
602 1843 656 1886 eos
679 1821 860 1905 disputatio,
883 1824 983 1881 unnim¹

61 1900 114 1962 lex
136 1902 214 1964 Mcsi
244 1905 284 1965 sit
305 1907 431 1987 gravior
460 1897 509 1968 vel
531 1906 712 1990 evangelii?
744 1901 785 1966 ht
815 1906 984 1965 decernunt

62 1983 119 2044 viri
142 1987 219 2047 tanti
241 2005 317 2049 sane
339 1989 617 2071 sapientissimam
639 1988 721 2052 hunc
738 1986 887 2049 modum:

145 2069 210 2130 Lex
234 2077 265 2131 et
286 2073 493 2154 evangelium,
518 2092 578 2153 quo
597 2073 637 2134 ad
649 2074 844 2156 gravitatem,
867 2069 982 2132 hahent

60 2171 95 2210 se
117 2151 156 2212 ad
178 2153 326 2234 invicem,
356 2160 435 2217 sicut
456 2155 640 2218 excedentia
662 2162 693 2218 et
725 2168 869 2234 excessa,
910 2172 980 2213 nam

61 2252 123 2312 quo
161 2235 200 2296 ad
242 2236 475 2320 abrogationem
511 2242 753 2303 ceremoniarum
789 2234 981 2319 evangelium
1072 2273 1075 2281 ·

62 2324 111 2379 est
130 2317 265 2400 facilius,
295 2320 349 2382 sed
372 2342 433 2402 quo
456 2323 496 2383 ad
516 2324 754 2404 prohibitionem
777 2323 870 2383 animi
893 2338 984 2382 evan·

60 2402 176 2481 getium
207 2410 254 2463 est
273 2407 413 2485 gravius,
444 2408 515 2486 qnia
544 2407 595 2468 lex
617 2425 754 2482 manum,
788 2405 982 2487 evangelium

61 2483 206 2564 prohibet
218 2488 363 2566 animum,
387 2495 421 2549 ut
437 2489 511 2550 dicit
519 2490 665 2572 Magister
677 2488 729 2552 iib.
742 2490 771 2552 3.
784 2480 918 2549 distinct.
930 2487 981 2551 40.

144 2568 201 2629 Hic
224 2568 328 2654 disce,
351 2571 444 2634 irater
466 2571 655 2650 Christiane,
696 2578 843 2652 quantum
865 2564 981 2632 debeas

60 2644 224 2713 doctrinae
251 2653 323 2714 hnic
346 2657 464 2736 (gratia
485 2654 560 2734 Dei)
585 2654 647 2716 hoc
675 2648 780 2715 seculo
809 2661 994 2734 reparatae„

58 2731 138 2795 Nam
162 2735 235 2816 quid
261 2734 376 2821 (rogo)
400 2738 474 2799 facit
495 2739 583 2800 nobis
606 2737 756 2819 reliquum
793 2736 917 2799 tandem
940 2734 994 2796 de¹

57 2819 130 2899 ipso
166 2819 254 2880 Mose
285 2840 339 2881 sen
371 2811 524 2903 decalogo
557 2841 681 2902 quoque
707 2818 768 2899 (ut
789 2819 829 2882 de
857 2816 978 2881 (rimato

57 2907 196 2979 taceam)
221 2901 299 2964 hacc
321 2903 480 2986 theologia
501 2904 696 2966 Pharisaica?

142 2984 175 3046 ln
199 2988 378 3068 perpetuam
400 2989 444 3049 rei
465 2989 661 3066 memoriam,
694 2987 828 3048 maxime
850 3002 924 3047 vero
947 2985 978 3045 in

57 3067 261 3150 redemptoris
284 3070 431 3152 gloriam,
463 3073 615 3133 istasunt
638 3070 766 3132 memori
788 3075 892 3131 mente
914 3078 977 3129 ser'*

58 3153 163 3215 vande
193 3159 224 3214 et
246 3155 478 3236 exaggeranda,
514 3154 662 3216 adversus
696 3151 979 3234 impudentissimos

55 3236 190 3318 rabulas,
211 3237 381 3318 papisticae
403 3238 641 3301 abominationis
665 3236 854 3298 defensores.

140 3320 188 3380 Ex
210 3321 256 3380 his
286 3321 368 3380 enim
401 3320 565 3404 intelligis,
598 3318 669 3400 qnid
692 3319 835 3381 voverint
855 3318 898 3378 illi
921 3317 976 3378 viri

56 3399 200 3485 perfecti,
228 3403 373 3464 monachi
395 3412 427 3465 et
448 3404 643 3483 sacerdotes,
679 3403 750 3463 dum
773 3401 903 3464 eoncilia
928 3398 976 3479 (id

56 3492 114 3565 est,
137 3488 194 3547 Dei
205 3484 389 3569 praecepta)
405 3490 504 3569 primo
528 3486 777 3549 nonnecessaria
799 3485 974 3546 Christiano

55 3569 95 3631 ad
124 3571 255 3653 salntem
284 3569 448 3652 docerent,
481 3570 594 3634 deinde
622 3589 706 3631 nova
735 3568 911 3631 idololatria
944 3568 975 3627 in

56 3652 237 3714 traditiones
251 3654 411 3733 humanas,
434 3656 496 3715 imo
512 3655 729 3716 daemoniacas
748 3650 904 3713 doctrinas
925 3648 976 3711 dc·

54 3737 189 3807 tornata
209 3743 368 3800 voverent.
411 3736 490 3801 Nam
513 3744 678 3820 praecepta
697 3736 755 3797 Dei
778 3735 881 3797 tacere
903 3751 975 3795 con-

688 3818 762 3886 29*
