2346 4208
332 247 359 295 οι
375 241 555 296 sacramento
573 243 765 296 eucharistias.
949 239 1011 303 433

88 435 121 489 st
143 429 227 506 Deo,
257 428 296 490 de
323 437 376 489 tua
402 431 525 490 miseria
546 430 744 508 conqueraris
766 436 797 489 et
817 428 918 489 dioas:
951 429 1011 490 Do-

89 513 172 574 ιιιιιιο
194 512 281 592 Iesu,
312 510 383 573 ideo
406 532 425 573 ο
446 520 476 573 te
505 512 567 574 hoo
595 518 819 573 saoramentum
840 513 1010 573 institutum

89 602 138 656 est
160 602 191 656 et
212 594 251 655 ad
274 615 332 656 uos
355 597 579 674 transmissum,
602 605 636 655 ιιι
656 596 846 656 remissionis
868 603 1010 675 peooato-

89 699 155 739 rum
180 679 281 760 perid
304 677 547 740 cartilloaremnr.
586 677 692 740 Sentio
715 685 828 757 autem,
851 697 941 758 quam
964 679 1010 740 ιιι·

92 769 250 823 eramento
285 781 362 842 opus
394 762 535 823 habeam.
579 764 611 821 ln
644 781 757 842 magna
788 769 916 841 peoeato
943 781 1010 822 sum

91 843 264 925 prolapsus,
282 853 385 906 metuo
407 846 498 926 igitur
513 846 764 923 iudioiumtuum,
787 852 817 905 et
839 864 938 925 paens
960 844 1010 905 de-

91 925 173 1002 lioio,
196 931 296 989 sentio
312 947 360 988 me
377 927 585 1007 infirmiorem,
608 947 699 1007 quam
715 929 767 1007 qui
783 928 907 990 verbum
927 935 1010 988 ιιιιιιιι

91 1010 230 1072 confiteri
252 1011 396 1091 audeam,
420 1018 465 1072 tot
487 1014 640 1091 tantisque
662 1010 770 1072 laboro
793 1012 889 1072 vitiis:
917 1030 1011 1090 quare

90 1095 183 1156 venio
206 1103 238 1154 ut
261 1114 363 1171 sanes,
386 1095 556 1156 oonsoleris
579 1102 610 1154 et
632 1093 795 1155 nonlirmas
817 1114 874 1158 me

171 1177 235 1239 lam
268 1197 306 1238 ao
309 1182 361 1238 tea
394 1198 468 1239 vero
503 1179 624 1254 monui,
660 1167 775 1237 nemini
803 1177 1008 1238 exhibendum

89 1279 158 1322 esse
187 1268 428 1339 sacramentum,
459 1263 516 1321 nisi
544 1262 626 1341 prius
647 1261 845 1343 ιιιιιιοονοιιι,
875 1260 914 1322 ad
938 1261 1008 1339 quid

87 1363 127 1406 eo
148 1341 261 1405 habeat
283 1363 378 1424 opus,
403 1363 514 1424 nempe
538 1353 570 1404 ut
592 1352 798 1424 conqueratur
819 1344 858 1404 de
880 1363 936 1404 sua
958 1347 1009 1404 mi-

88 1428 169 1488 seria
199 1434 230 1488 et
260 1428 394 1508 peooatis
425 1428 504 1506 suis,
534 1435 567 1487 ut
593 1435 680 1508 petat
668 1428 954 1488 teousolationem
979 1437 1010 1487 et

87 1509 364 1586 oonflrmationem,
388 1518 520 1589 quaeat
540 1530 596 1590 per
619 1510 799 1570 verbumt
768 1518 799 1570 et
813 1530 869 1589 per
888 1513 1009 1592 signum

88 1594 279 1673 ooutinguut.
324 1592 383 1668 Qui
413 1595 496 1654 huno
523 1594 707 1654 sacramenti
740 1612 827 1652 usum
861 1595 1009 1669 ιιοοοιιιιιι,

87 1676 131 1736 illi
166 1695 291 1774 prorsus
327 1676 512 1738 abstineant.
555 1676 633 1736 Nam
664 1675 706 1735 illi
737 1676 829 1736 stulte
859 1684 890 1736 et
916 1677 1010 1756 impie

88 1768 196 1840 agunt,
226 1760 278 1840 qui
307 1746 424 1820 tautum
447 1769 587 1856 tempore
608 1758 762 1855 paschatis
785 1768 1026 1820 saorameutum·'

88 1851 227 1918 sumunt,
250 1849 282 1904 et
303 1863 337 1903 se
358 1842 437 1904 adeo
461 1845 573 1904 misere
595 1843 786 1919 excruciant,
815 1861 882 1902 oum
907 1850 1008 1903 tamen

90 1928 246 2003 nasoiant,
269 1928 335 2005 quis
357 1929 398 1988 sit
419 1946 508 1987 verus
533 1926 715 1986 sacramenti
740 1945 822 1986 usus.

170 2009 277 2088 Porro,
299 2008 350 2068 ubi
373 2011 538 2090 sumpseris
561 2016 797 2087 sacramentum,
820 2027 882 2068 non
906 1999 1008 2068 licebit

87 2093 140 2153 tibi
164 2111 233 2153 esse
257 2094 369 2170 otioso,
393 2093 447 2154 sed
471 2113 580 2174 perges
604 2099 737 2170 strenue,
760 2099 790 2152 et
811 2090 903 2151 fidem
925 2101 1008 2150 tuam

88 2175 256 2236 exercebis.
288 2175 417 2236 Namet
432 2178 458 2236 is
477 2178 660 2237 sacramenti
681 2186 727 2236 est
748 2194 831 2252 usus,
854 2183 886 2234 ut
907 2174 1009 2234 dioore

89 2260 148 2319 boo
177 2280 248 2319 vere
278 2261 395 2339 possis:
429 2261 536 2320 Habeo
560 2260 608 2319 hio
632 2268 770 2339 apertum
794 2258 936 2336 verbum,
965 2278 1008 2318 re-

89 2343 182 2402 missa
212 2342 283 2402 mibi
311 2363 380 2402 esse
409 2351 547 2423 pennata
591 2343 717 2422 Signum
748 2360 875 2439 quoque
893 2343 1009 2421 aooepi,

90 2425 325 2486 manducaviet
347 2426 424 2501 bibi
447 2427 475 2485 id
502 2426 599 2505 quod
606 2433 690 2486 oerto
714 2416 917 2505 aomprobiare
940 2443 1009 2504 pos-

88 2529 171 2582 sum,
200 2511 257 2569 l'eoi
285 2511 365 2569 enim
389 2510 471 2569 idm
495 2517 664 2588 oouspeotu
686 2507 740 2568 Sat
728 2515 818 2567 tanae
842 2515 873 2567 et
896 2508 1009 2567 mundi.

89 2591 163 2651 Cum
181 2611 255 2672 ergo
275 2601 373 2652 morte
391 2603 444 2652 aut
432 2592 657 2652 toonsoientia
679 2592 814 2666 tentaris,
836 2598 891 2669 pot
893 2611 926 2650 es
880 2591 1009 2651 tboo

89 2682 282 2736 sacramento
264 2678 477 2757 oteerigere
500 2675 680 2735 adversust
668 2678 731 2734 tum
756 2673 917 2748 Satauam,
946 2683 1008 2733 tum

88 2760 180 2817 etiam
204 2766 341 2837 peecata,
365 2770 453 2839 potes
469 2778 592 2837 quoque
609 2767 690 2816 tuam
707 2756 798 2816 fidem
818 2754 1009 2834 confirmare,

87 2861 124 2901 ao
145 2844 366 2912 conscientiam
390 2843 576 2919 exhilarare,
598 2848 631 2901 ut
654 2860 715 2900 ιιοιι
739 2839 870 2919 amplius
894 2848 1010 2899 metuat

89 2926 201 3001 Deum,
225 2925 280 2986 sed
302 2934 394 2988 amet.

169 3008 215 3069 lta
231 3008 293 3085 fiet,
316 3015 349 3069 ut
361 3009 400 3068 de
415 3009 465 3068 die
481 3011 511 3067 ιιι
537 3009 617 3068 diem
641 3008 749 3066 melior·
772 3005 917 3081 reddaris,
941 3025 1008 3065 oum

87 3092 202 3171 alioqui
227 3093 344 3152 otiosus
366 3100 397 3152 et
419 3094 549 3172 ignavus
572 3111 690 3171 ageres.
735 3090 803 3164 Quo
834 3090 915 3149 enim
944 3089 1008 3149 lou·

87 3177 154 3254 gius
183 3174 221 3234 ab
250 3176 310 3235 boo
341 3182 535 3235 sacramento
564 3175 815 3243 abstinuerimus,
843 3192 880 3233 eo
912 3174 1009 3251 magis

86 3257 242 3320 reddimur
263 3261 359 3338 inepti
382 3258 471 3318 adid
496 3258 720 3337 accipiendum.
754 3256 844 3332 Quod
867 3257 892 3316 si
915 3257 1009 3335 impa-

87 3348 198 3416 ratum,
221 3341 383 3420 infirmum,
406 3361 536 3401 vacuum
554 3343 627 3401 item
645 3341 705 3400 fide
721 3348 752 3400 te
774 3360 843 3400 esse
866 3340 1009 3414 senseris,

34 3467 42 3472 --
88 3444 158 3484 uum
191 3444 306 3503 quaeso
338 3425 462 3485 aliunde
491 3424 699 3484 confirmarit
687 3431 830 3502 teposse
852 3421 1009 3518 sperabis?

87 3507 165 3567 Num
181 3527 219 3567 eo
239 3527 335 3586 usque
354 3508 558 3588 exspectabis,
582 3507 682 3567 donee
702 3508 828 3566 omnino
847 3506 889 3565 sis
906 3524 1009 3601 purus,

87 3609 125 3649 ao
148 3590 322 3652 absolutam
345 3599 376 3651 et
395 3590 514 3670 perfect
515 3610 563 3650 am
592 3589 707 3651 habeas
735 3587 847 3648 tidem?
878 3590 962 3668 atqui
984 3590 1008 3647 si

87 3673 117 3732 id
139 3674 253 3751 facias,
281 3693 383 3752 neque
405 3674 445 3734 ad
467 3680 691 3734 sacramentum
714 3690 847 3751 uuquam
869 3671 1009 3747 aooedes,

87 3765 117 3817 et
140 3766 173 3818 ut
195 3759 329 3818 maxime
351 3757 497 3836 aoeedas,
520 3756 596 3818 nihil
618 3757 649 3816 id
671 3755 726 3817 tibi
749 3753 892 3835 proderit.

113 3857 206 3898 buttem
221 3868 272 3906 opp.
288 3858 314 3899 V.
329 3859 355 3896 Δ.
372 3858 400 3897 sil
413 3857 454 3901 ref,
468 3858 517 3896 hist.
533 3859 547 3896 l.
561 3867 582 3906 p.
599 3857 647 3898 Vol.
663 3856 702 3896 111.
805 3852 853 3923 ‘lg
