2346 4208
375 281 455 338 xus·
468 280 508 337 ds
526 285 662 352 potestate
681 280 793 351 Papus
979 272 1042 344 329

120 471 231 533 Oinisti
253 472 283 531 in
304 471 435 532 Romam
457 477 609 549 coactum,
631 469 716 530 cuius
739 475 811 530 sunt
832 487 940 530 omncs
962 466 1041 529 fluas

120 555 240 616 tanae?
274 555 353 618 Psai.
377 557 405 618 2.
429 562 460 616 et
488 551 580 630 22¹).
633 552 683 613 An
705 571 768 613 non
797 558 869 614 aunt
890 552 1041 632 episcopi,

120 639 192 716 quia
213 656 275 698 non
299 637 552 716 iuduuntvestes,
575 635 767 699 nonhabeot
786 636 910 716 palatia,
933 653 1041 714 equos,

119 721 257 800 aliasque
279 739 411 802 pompas
433 719 611 782 Romanas?
645 718 779 796 Sufficit,
808 718 891 799 quod
913 717 1044 779 verbum

122 805 176 865 nsi
199 805 328 881 docent,
357 803 439 884 quod
463 803 594 884 diligunt
614 822 652 864 sc
674 803 851 882 pascunt2).
895 801 975 877 Quia
995 801 1043 862 sio

120 906 179 948 nea
206 887 368 967 apostolos
395 885 593 947 confiteberis
621 887 784 967 episcopos
808 886 920 961 inisse,
952 884 977 944 si
998 882 1044 945 {at

121 972 198 1031 aiem
228 989 346 1046 rerum,
378 990 444 1032 non
472 989 521 1029 res
548 971 634 1050 ipsas
665 969 867 1050 contemplari
890 968 1042 1048 coeperis.

119 1054 185 1114 lam
214 1072 252 1114 eo
283 1053 426 1114 meliores
448 1053 602 1134 episcopi,
637 1070 698 1132 quo
726 1072 745 1112 a
773 1051 866 1113 larvis
894 1052 1043 1112 acierum·

120 1138 313 1215 remotiores,
337 1143 368 1197 et
391 1155 429 1197 eo
452 1137 552 1196 minus
574 1136 722 1216 episcopi,
740 1155 801 1215 quo
823 1136 1025 1216 propiores&
1075 1138 1079 1147 '

204 1220 333 1295 Octava,
354 1219 460 1280 scribit
481 1219 686 1300 Hieronymus
709 1218 748 1279 de
768 1218 936 1281 illustribus
959 1217 1043 1297 viris,

123 1301 204 1384 quod
234 1303 383 1363 Achatius
416 1304 583 1384 episcopus
614 1301 837 1377 Caesariensis,
872 1300 1044 1382 discipulus

122 1385 248 1447 Fusehii
269 1385 440 1466 Pamphili,
462 1387 633 1465 imperante
655 1385 854 1462 Constantio,
889 1384 1042 1446 Liberium

123 1470 237 1549 Papam
266 1469 460 1550 deposuerit,
495 1475 526 1528 et
546 1468 679 1529 Felicem
709 1470 913 1530 constituerit.
955 1467 1044 1546 Item,

123 1552 291 1612 Iohannem
321 1551 575 1632 chrysostomum
612 1571 674 1611 non
703 1551 861 1613 Romanus
891 1551 1044 1626 Pontiiax,

123 1635 177 1696 sed
200 1634 391 1715 Theophilus
411 1634 640 1695 Alexandrinus
668 1641 699 1694 et
724 1634 926 1716 Epiphanius,
949 1632 975 1694 O
1036 1634 1043 1647 '

124 1719 264 1798 episcopi
292 1721 305 1787 (
310 1724 343 1778 nt
368 1719 399 1778 in
427 1719 575 1798 tripart),
597 1717 817 1798 deposuerunt.
861 1717 944 1777 Idam
1001 1716 1043 1796 pi·

124 1801 254 1880 phanias
285 1800 380 1881 Cypri
410 1802 510 1861 minor
541 1801 704 1881 episcopus
734 1801 871 1862 lohanne
899 1799 1042 1860 Hieroso¹

126 1885 275 1964 iymitano
314 1884 464 1965 episcopo
500 1883 631 1944 eundern
662 1883 958 1962 excommunicavit,
993 1878 1044 1965 [at

124 1968 276 2046 poenituit
297 1967 543 2027 communicasse
572 1986 641 2027 cum
663 1967 735 2044 illo,
771 1975 805 2028 ut
835 1967 872 2027 D.
893 1965 1045 2046 Hierony·

123 2069 190 2109 mus
213 2049 317 2111 scribit
345 2058 452 2111 contra
480 2049 641 2129 eundem].
685 2050 726 2111 Et
754 2053 779 2111 si
801 2051 945 2123 historias
967 2066 1044 2108 con-

123 2133 255 2206 sideres,
286 2132 444 2213 quomodo
475 2152 556 2193 nunc
583 2135 786 2213 imperatores
807 2134 939 2214 Papam,
962 2149 1044 2191 mano

125 2225 233 2276 contra
258 2216 373 2297 Papam
397 2217 616 2296 imperatores,
646 2219 719 2277 item
760 2216 844 2297 Papa
867 2217 1044 2297 episcopos,

124 2309 155 2359 et
177 2301 313 2378 episcopi
337 2300 452 2378 Papam
467 2301 620 2377 mutarint,
643 2303 812 2382 statuerint,
835 2299 1044 2380 deposuerint,

123 2381 230 2442 credas
253 2392 283 2442 tc
303 2382 400 2442 Iliada
422 2382 575 2461 quandam
601 2382 719 2461 videre,
743 2403 801 2443 nec
824 2385 949 2460 mirum,
972 2382 1045 2461 quin

124 2464 278 2528 Christum
312 2485 373 2526 non
398 2465 573 2542 andierunt,
606 2467 789 2526 ambitiones
819 2467 1044 2546 prohibentem,

123 2549 193 2609 ideo
217 2549 308 2608 toties
332 2547 518 2608 colliduntur
539 2557 570 2608 et
591 2549 800 2624 turbanturit.
1038 2560 1042 2569 '

206 2631 313 2707 Nona,
349 2631 421 2711 quid
451 2631 488 2691 ad
519 2632 580 2691 hoc
601 2629 808 2710 dicemua4)?
853 2633 974 2692 Verane
997 2641 1044 2691 est

122 2715 176 2774 iiia
198 2716 365 2793 sententia,
388 2734 478 2794 quam
501 2722 567 2775 tota
589 2716 730 2792 ecclesia,
753 2717 859 2775 omnia
881 2717 972 2775 etiam
985 2715 1044 2775 Da·

123 2805 215 2875 creta,
239 2814 347 2858 omnes
370 2797 514 2858 doctores
536 2805 655 2871 tenent,
678 2818 747 2859 esse
759 2798 905 2858 videlicet
926 2798 1044 2876 episto

122 2901 180 2961 pos
203 2881 415 2960 apostolorum
428 2899 626 2941 successores
647 2890 680 2942 ut
701 2881 768 2942 dist.
784 2884 832 2944 21,
855 2882 886 2940 in
909 2879 1045 2956 nomi).

123 2965 152 3026 Si
176 2972 224 3025 est
245 2965 332 3035 falsa,
355 2963 569 3043 quidiaotatnr
591 2971 677 3025 tanta
690 2965 873 3026 autoritate?
916 2963 948 3024 Si
960 2982 1044 3037 vera,

123 3047 280 3128 quomodo
317 3047 401 3106 solus
434 3047 592 3107 Romanus
629 3048 769 3128 pontifex
803 3055 851 3108 eat
883 3065 1045 3107 successor

123 3134 209 3191 nnius
233 3129 369 3211 apostoli
391 3130 487 3205 Petri,
516 3134 548 3190 et
570 3133 662 3191 ceteri
686 3150 793 3191 omncs
816 3131 948 3196 Romani
969 3149 1043 3209 pon·

122 3215 211 3275 tificis
233 3222 305 3274 sunt
326 3213 463 3274 subditi?
486 3212 547 3273 Cur
568 3234 630 3274 non
654 3220 685 3274 et
706 3215 757 3274 alii
775 3215 909 3294 apostoli
931 3213 1046 3274 habent

121 3297 338 3358 successores?
387 3296 466 3356 Num
497 3296 655 3361 seruasti
691 3299 784 3358 ceteri
814 3297 948 3377 apostoli
977 3314 1043 3356 suo

179 3523 208 3582 1)
231 3522 259 3574 in
282 3520 324 3574 cd.
343 3523 436 3591 priore
459 3523 532 3573 etin
558 3522 643 3590 orig:
663 3520 706 3574 21.
744 3519 776 3583 2)
798 3520 828 3573 In
850 3519 911 3572 edit.
929 3519 1043 3641 priora:

122 3593 239 3662 diligant
265 3611 296 3644 ac
316 3599 438 3662 pascant.
477 3592 509 3656 3)
531 3593 560 3644 In
589 3590 652 3645 edit.
679 3593 773 3660 priore
799 3591 867 3643 hoec
892 3590 926 3643 ad
947 3593 986 3642 ita
1008 3590 1044 3645 ls-

121 3673 238 3733 guntur:
266 3662 404 3718 Poenituit
430 3665 649 3716 communicasse
669 3678 731 3715 cum
751 3663 816 3730 illo,
836 3668 874 3714 ‘ut
893 3660 925 3714 D.
946 3662 1046 3716 Hiero·

120 3754 221 3804 nymus
241 3738 336 3789 scribit
355 3742 451 3790 contra
468 3736 594 3788 cundem.
615 3735 644 3802 4)
665 3734 734 3787 Ibid.
746 3753 751 3786 :
763 3736 888 3787 dicimus.
909 3735 939 3800 5)
959 3734 1044 3788 Ibio:

120 3827 142 3865 c.
163 3811 191 3861 in
210 3824 293 3863 novo.
331 3808 360 3874 6)
381 3807 502 3863 Ibidem:
522 3807 579 3861 Aut
596 3808 716 3861 fuerunt.
