2346 4208
328 234 396 330 ..m
415 261 618 316 Laborantibus
638 266 666 314 et
682 260 820 314 morafie
1003 255 1046 324 89

120 449 206 524 iure,
238 466 301 509 non
335 448 393 508 nisi
421 447 719 530 perscripturarum
754 447 1043 526 consolationeml)

122 529 322 605 habebimus,
356 550 435 610 quae
471 550 529 591 nos
558 533 589 592 in
621 533 672 593 die
702 532 851 593 melorum
874 539 985 593 avocat
1006 529 1045 592 ed

123 613 296 692 spectanda
317 613 410 690 bona,
433 633 512 694 quae
534 615 584 676 vel
605 618 781 695 praesentia
794 615 845 675 vel
856 616 955 676 lutura
965 621 1047 692 sunt,

123 697 216 756 simul
238 698 268 756 in
291 697 341 757 die
365 698 514 758 bonorum
549 706 661 760 avocat
688 698 726 758 ad
757 698 926 779 spectanda
955 698 1047 758 mala.

210 777 335 860 Verum,
357 787 392 841 ut
410 781 489 841 hacc
511 780 572 841 duo
595 789 719 862 spectra
746 790 778 842 et
808 783 958 862 imagines
986 799 1047 841 me·

100 861 185 924 'line
207 865 382 943 capiamus,
412 863 552 924 dabimus
575 865 739 945 unicuique
761 885 832 926 sues
855 872 957 945 partes
981 883 1047 944 sep

124 954 200 1008 tem.
243 946 330 1007 Prior
352 947 456 1028 imago
478 946 604 1008 habebit
625 949 722 1026 mala,
754 967 833 1028 quas
853 948 1048 1010 consideren-

125 1035 191 1091 tur:
222 1030 321 1110 primo
344 1031 424 1090 intra
445 1049 489 1104 se,
512 1031 649 1092 secundo
672 1038 744 1092 ante
774 1051 826 1107 se,
859 1032 949 1093 tertio
977 1035 1050 1111 post

125 1131 172 1189 se,
194 1118 303 1191 quarto
325 1114 410 1175 iuxta
438 1132 472 1174 se
499 1115 530 1173 in
562 1114 705 1192 sinistro,
736 1115 844 1194 quinto
870 1116 900 1175 in
928 1113 1049 1192 dextro,

126 1203 220 1256 sexto
239 1195 319 1257 infra
341 1214 384 1272 se,
398 1197 540 1277 septimo
562 1202 668 1278 cupra.¹

148 1397 273 1477 Caput
294 1397 316 1459 l.
339 1395 383 1457 de
405 1402 569 1477 spectro
591 1400 728 1478 primo,
751 1398 853 1478 quod
871 1402 930 1459 est
951 1416 1028 1456 ma-

436 1478 511 1541 lum
533 1481 743 1542 internum.

213 1614 282 1675 Hoc
302 1622 400 1674 ratum
430 1623 477 1674 est
499 1622 530 1675 et
553 1617 760 1693 verissimum,
793 1616 859 1675 sive
888 1613 918 1673 id
947 1613 1054 1674 credat

128 1700 226 1760 lromo
248 1699 313 1759 sive
336 1717 410 1775 non,
433 1697 550 1758 nullum
573 1718 642 1758 esse
664 1716 758 1778 posse
785 1700 815 1758 in
837 1697 964 1759 homine
987 1715 1051 1756 cru·

128 1782 244 1844 ciatum
267 1787 395 1859 tantum,
418 1781 470 1860 qui
491 1783 657 1861 pessimum
681 1782 720 1842 sit
736 1781 896 1859 malorum,
920 1798 999 1859 quae
1020 1780 1051 1839 in
1079 1851 1085 1862 Ι

128 1868 200 1946 ipso
221 1871 303 1942 sunt,
325 1863 405 1925 adeo
428 1869 499 1923 sunt
520 1863 614 1945 longe
635 1865 725 1946 plura
746 1871 778 1924 et
791 1865 910 1924 maiora
929 1863 961 1922 in
983 1863 1052 1942 ipso

132 1947 231 2025 mela,
262 1965 354 2026 quam
386 1965 464 2025 quae
487 1949 587 2008 sentit.
632 1947 664 2009 si
696 1950 776 2009 enim
816 1965 903 2007 suum
941 1944 1055 2005 malum

130 2031 267 2107 sentiret,
288 2029 440 2091 infernum
456 2031 592 2108 sentiret,
615 2051 685 2092 narn
706 2031 858 2091 inlernum
880 2031 910 2089 in
934 2029 1054 2108 seipso

127 2112 234 2175 habet.
270 2112 409 2190 Quaeris,
432 2112 610 2191 quomodo?
643 2114 718 2175 dioit
745 2114 911 2194 propheta:
946 2109 1054 2173 Omnis

132 2199 228 2258 homo
250 2195 393 2274 mendax,
416 2197 591 2256 etiterum:
624 2198 775 2258 Universa]
803 2198 923 2256 vanitas
953 2195 1053 2255 omnis

130 2282 227 2342 homo
250 2280 375 2357 vivens,
398 2297 467 2338 esse
490 2287 591 2339 autern
615 2280 795 2341 mendacem
820 2287 852 2341 et
872 2298 983 2339 vanum
1007 2283 1054 2338 est

131 2382 201 2424 esse
224 2368 353 2422 vacuum
375 2361 505 2422 veritate
525 2370 556 2422 et
576 2382 610 2423 re
631 2366 707 2443 ipsa,
759 2365 800 2423 At
828 2365 895 2423 sine
926 2361 1054 2422 veritate

131 2455 164 2506 et
184 2464 218 2505 re
235 2447 305 2524 ipsa
320 2463 398 2522 esse,
423 2446 548 2505 estsine
566 2445 726 2524 Decesse,
748 2454 779 2506 et
800 2446 875 2506 nihil
898 2465 976 2522 esse,
995 2443 1055 2504 hoc

130 2535 234 2590 autem
257 2536 304 2588 est
326 2530 356 2587 in
377 2526 497 2587 inferno
520 2536 551 2589 et
573 2527 748 2589 damnatum
774 2548 852 2589 esse.

213 2611 381 2671 ldeoDeus
404 2610 644 2672 misericorditer
667 2630 725 2671 nos
747 2613 912 2691 castigans,
935 2610 1054 2670 leviora

132 2697 215 2756 mala
231 2693 321 2755 nobis
343 2695 450 2774 aperit,
473 2701 505 2754 et
526 2696 674 2774 imponit,
705 2696 805 2755 sciens
842 2692 924 2773 quod
954 2694 979 2752 si
1000 2691 1055 2752 ho·

131 2780 245 2839 minem
272 2779 304 2836 in
332 2796 419 2836 suurn
450 2777 563 2836 malum
596 2754 765 2839 deducdret
792 2774 1053 2856 cognoscendum,

132 2881 206 2922 mox
233 2863 264 2920 iu
295 2866 453 2920 momento
485 2862 613 2939 periret,
645 2862 699 2922 sed
732 2868 763 2921 et
795 2859 962 2922 nonnullos
995 2858 1056 2917 hoc

130 2954 274 3026 gustasse
297 2942 395 3013 dedit,
431 2942 469 3002 de
503 2943 612 3022 quibus
636 2944 762 3004 dicitur:
799 2943 929 3004 Deducit
950 2940 989 3001 ad
1011 2942 1054 2999 in-

130 3030 215 3089 feros
237 3035 269 3087 et
289 3025 416 3087 reducit.
461 3025 594 3086 Proinde
616 3035 700 3088 recte
722 3029 840 3105 dicunt,
863 3028 914 3105 qui
938 3025 1054 3103 passio·

131 3131 188 3172 nes
211 3110 389 3189 corporales
412 3116 527 3168 vocant
548 3111 699 3188 quaedam
724 3111 889 3171 monitoria
919 3107 991 3167 mali
1012 3108 1054 3166 in·

131 3195 219 3255 terni.
264 3192 305 3252 Et
326 3191 497 3271 Apostolus
519 3191 630 3254 Ebrae,
655 3195 701 3256 12.
725 3201 817 3254 vocat
849 3211 901 3252 eae
924 3189 1055 3269 discipli-

131 3297 187 3338 nas
211 3277 267 3336 Dei
294 3282 447 3355 paternas,
470 3273 595 3335 dicens:
633 3277 783 3357 Flagellat
807 3283 908 3335 autem
933 3292 1055 3334 omnem

131 3360 247 3438 filium,
269 3377 360 3437 quern
382 3359 500 3435 recipit,
524 3358 606 3437 quod
629 3360 718 3437 lacit,
747 3359 847 3419 uthis
870 3356 1000 3438 flagellis
1024 3361 1056 3416 et
1096 3385 1098 3390 v

130 3445 236 3525 parvis
260 3442 347 3502 malis
370 3438 508 3520 expellat
535 3461 646 3522 magna
668 3445 727 3503 ista
749 3443 842 3519 mala,
868 3460 907 3501 ne
931 3438 1054 3518 quando

131 3547 172 3588 ec
201 3527 313 3586 sentire
343 3529 503 3604 oporteat,
548 3525 626 3584 siout
653 3526 798 3587 Proverb.
822 3530 876 3588 22:
921 3521 1056 3584 Stultitia

131 3610 281 3690 colligata
304 3609 402 3669 estin
426 3607 520 3669 corde
553 3611 654 3687 pueri,
689 3609 742 3670 sed
766 3612 853 3689 virga
874 3605 1056 3686 disciplinae

130 3739 303 3749 ..----.-

205 3788 237 3858 1)
257 3788 289 3841 ln
307 3789 351 3842 sd.
370 3787 433 3844 Jan.
455 3788 594 3844 additum:
615 3799 685 3841 eam·
