2346 4208
340 291 393 346 pro
409 275 614 330 Laborantibus
634 280 661 329 et
678 275 815 330 Oneratis.
985 273 1047 339 121

126 460 198 521 lsai.
212 463 268 526 65:
294 461 378 523 Eooe
400 465 479 523 servi
497 465 557 523 mei
575 463 747 540 comedent,
771 469 802 524 et
822 481 879 522 vos
893 464 1050 540 esurietis3

128 563 205 605 eoae
227 547 306 606 servi
331 547 390 606 mei
413 546 533 624 bibent,
566 555 596 607 et
623 566 679 607 vos
709 547 834 624 sitietis3
867 565 940 605 eoos
970 544 1051 605 servi

126 629 190 687 mei
214 627 424 705 laetabuntur,
453 637 484 690 et
511 649 568 690 vos
597 630 843 707 oonfundemini3
875 647 948 689 eooe
969 628 1050 688 servi
1118 653 1124 658 ·

128 712 190 770 mei
206 708 385 772 'laudabunt
405 733 480 792 prae
501 713 709 774 exsultatione
732 712 843 790 sordis,
866 719 897 772 et
912 731 968 772 vos
990 711 1050 771 ola

128 793 252 854 mabitis
274 814 349 874 prae
372 795 480 857 dolore
502 796 614 874 oordis,
638 803 669 856 ot
689 816 764 876 prae
784 796 968 856 ooutn'tione
990 795 1048 874 spi·

127 877 204 936 ritus
217 877 383 957 ululabitis,
406 886 437 939 et
458 880 617 941 dimittetis
636 899 749 941 nomen
764 885 899 940 vestrum
920 879 952 937 in
973 878 1051 938 iura·

127 965 266 1020 mentum
289 961 395 1022 electis
417 964 494 1023 meis
517 969 575 1023 eto.
762 1012 766 1022 ,

211 1043 361 1122 Denique,
383 1051 416 1104 ut
438 1045 512 1124 dixi,
533 1044 678 1124 exempla
699 1045 780 1105 mole
802 1045 997 1106 morientium
1020 1049 1051 1104 et

127 1125 343 1186 damnatorum
383 1129 480 1201 (siout
501 1135 531 1188 et
552 1129 586 1188 Β.
611 1127 778 1208 Gregorius
800 1128 831 1188 in
853 1127 986 1206 Dialogo
1007 1145 1051 1186 re·

126 1206 200 1290 fert)
235 1209 324 1270 nobis
363 1210 401 1270 ad
430 1212 628 1272 monitorium
662 1217 693 1271 et
724 1209 837 1270 bonum
871 1210 1052 1271 eruditionis

127 1290 293 1372 proliciunt
308 1291 354 1370 Ι),
377 1301 411 1354 ut
430 1295 505 1355 felix
527 1296 575 1373 sit,
599 1313 689 1373 quem
711 1295 828 1354 faoiunt
851 1293 955 1354 aliena
976 1293 1053 1373 peri·

127 1375 198 1434 aula
221 1382 354 1438 cautum.
405 1377 474 1439 Hoo
509 1397 584 1438 sane
617 1376 750 1450 bonum,
784 1378 854 1456 quia
885 1377 1055 1456 vulgariter

126 1463 233 1518 notum
257 1465 314 1536 est,
335 1479 443 1539 parum
465 1468 586 1540 movet,
615 1479 682 1520 oum
706 1461 746 1520 sit
766 1467 868 1520 tamen
889 1461 969 1519 inter
990 1479 1052 1519 ma·

126 1541 212 1600 xima
235 1542 459 1602 numerandum
482 1544 598 1621 ethis,
634 1545 684 1621 qui
706 1548 831 1602 sensato
854 1549 925 1602 sunt
946 1541 1050 1615 eorde,

127 1641 191 1683 non
216 1623 340 1685 modios
362 1627 590 1688 existimatione
613 1625 790 1706 probatum,
813 1644 880 1685 oum
903 1625 963 1684 buo
985 1645 1048 1684 ver-

116 1709 182 1787 gat
202 1726 317 1787 magna
339 1727 409 1787 pars
432 1727 539 1770 saonae
563 1711 655 1770 totius
678 1708 866 1788 scripturae,
895 1706 1048 1785 videlieet,

125 1788 178 1849 ubi
201 1788 240 1850 de
267 1791 329 1867 ira,
359 1791 495 1870 iudioiis,
519 1791 809 1854 comminationibus
831 1792 888 1850 Dei
912 1790 1072 1854 donetur.-

128 1870 214 1946 Quas
237 1872 451 1935 saluberrimas
474 1875 630 1935 doetrinae
653 1875 889 1935 miserrimorum
906 1872 1051 1952 exempla

125 1954 217 2014 nobis
240 1955 438 2018 saluberrime
472 1957 669 2035 confirma-nt,
703 1976 781 2036 quae
813 1963 886 2017 tuno
918 1957 1047 2036 primum

125 2036 268 2098 eflioaoia
290 2046 370 2119 sunt,
392 2042 417 2100 si
428 2040 561 2120 illorum,
585 2043 636 2120 qui
659 2042 817 2118 esserunt,
840 2039 983 2100 affectum
1005 2039 1048 2098 in-

126 2119 194 2180 duti
218 2121 381 2200 fuerimus,
414 2142 452 2185 ao
473 2124 558 2184 velut
578 2127 608 2183 in
632 2125 702 2185 looo
727 2131 757 2183 et
788 2141 922 2203 persona
943 2140 1048 2183 eorum

125 2205 231 2265 simus.
274 2205 361 2265 Tuno
383 2207 462 2266 enim
487 2207 654 2268 movebunt
684 2215 714 2267 et
736 2206 905 2268 monebunt
926 2223 983 2264 nos
1006 2204 1045 2265 ad

125 2285 251 2345 laudem
274 2287 420 2349 bonitatis
442 2290 509 2366 Dei,
534 2293 585 2369 qui
608 2310 664 2350 nos
687 2289 725 2351 ab
747 2290 794 2349 his
819 2290 958 2349 servarit.

209 2369 401 2431 conferimus
430 2391 505 2433 vero
531 2374 602 2433 illos
625 2375 717 2433 etism
745 2373 783 2432 ad
806 2373 903 2433 Deum
935 2374 1046 2451 ipsum,

124 2470 187 2531 quo
210 2452 344 2514 divinam
371 2455 516 2515 iustitiam
550 2458 581 2515 in
611 2457 654 2515 eis
684 2456 850 2515 videamus.
899 2454 967 2515 Hoo
988 2454 1046 2514 etsi

124 2534 252 2595 arduum
282 2544 349 2615 est,
382 2543 484 2598 tamen
521 2539 694 2598 conandum
723 2545 784 2616 est,
813 2557 883 2597 nam
917 2556 985 2597 oum
1008 2539 1047 2598 sit

124 2618 209 2678 Deus
230 2620 326 2679 iustus
347 2619 456 2698 iudex,
487 2623 632 2681 iustitiam
665 2623 730 2681 eius
758 2620 843 2700 diligi
872 2627 902 2680 et
928 2619 1046 2679 laudari

123 2706 263 2779 oportet:
303 2710 395 2782 atque
430 2705 473 2763 ito
508 2706 538 2763 in
573 2706 641 2765 Deo
676 2704 812 2784 gaudere
845 2705 935 2762 etiam
965 2708 1046 2780 tuno,

124 2783 248 2861 quando
272 2785 370 2845 malos
389 2787 469 2846 male
484 2787 584 2866 perdit
605 2789 635 2846 in
650 2806 782 2866 oorpore
795 2792 826 2845 et
839 2787 951 2863 anima,
974 2786 1046 2864 quia

122 2867 154 2925 in
177 2866 224 2926 his
261 2868 401 2929 omnibus
440 2889 559 2930 summa
592 2889 647 2930 suo
679 2877 710 2931 et
740 2868 902 2929 ineffabilis
931 2869 1047 2928 iustitia

123 2948 214 3012 luoet.
259 2951 365 3029 Itaque
400 2952 536 3013 infernus
573 2972 696 3033 quoque
725 2954 833 3032 plenus
856 2956 903 3010 est
924 2951 991 3010 Deo
1015 2958 1046 3011 et

122 3051 244 3093 summo
267 3033 366 3112 bono,
402 3053 465 3095 non
498 3037 598 3096 minus
631 3056 720 3115 quom
755 3036 885 3096 eoelum.
928 3033 1046 3094 lustitia

123 3115 205 3174 enim
219 3116 276 3176 Dei
298 3118 366 3196 ipse
378 3117 462 3177 Deus
486 3120 637 3196 est,Deus
660 3139 733 3179 vero
757 3136 907 3179 summum
931 3117 1044 3176 bonum

123 3204 181 3259 est.
225 3198 327 3273 Quare
350 3201 689 3278 morimonianus
712 3208 742 3262 et
759 3201 881 3261 iustitia
903 3200 967 3259 eius
990 3218 1044 3260 seu

121 3280 265 3342 iudioium
289 3302 407 3344 summe
429 3284 610 3362 amandum,
642 3285 845 3361 laudandum,
866 3281 1043 3362 praedican-

122 3363 194 3424 dum
218 3372 273 3427 est.

205 3447 274 3508 Hoo
296 3467 388 3508 sensu
410 3448 509 3509 David
533 3448 621 3509 dioit:
645 3450 819 3510 Laetabitur
845 3451 952 3528 iustus,
975 3467 1056 3508 oum·

123 3530 235 3591 viderit
255 3531 437 3613 iu'ndiotam,
470 3552 578 3593 manus
612 3552 682 3593 suas
705 3533 821 3594 lavabit
840 3534 871 3593 in
894 3533 1043 3612 sanguine

122 3616 304 3694 peaentoris.
328 3614 413 3675 -Hao
435 3616 555 3676 ratione
576 3615 732 3695 prohibuit
745 3617 895 3678 Dominus
917 3615 1043 3678 Samue-

194 3802 227 3871 1)
248 3802 277 3855 ln
298 3802 341 3856 ed.
359 3801 434 3857 len:
453 3805 716 3872 prosunt—faciant.
