2346 4208
199 235 263 311 452
509 242 670 315 Disputatio
688 235 722 300 D.
741 242 774 298 ii.
795 235 823 298 h

202 434 287 512 silis,
317 452 422 494 nonne
445 438 492 492 est
513 432 648 493 humana
669 431 813 513 traditio,
835 433 899 494 imo
922 433 1075 496 horribilis
1095 442 1120 494 et

200 517 364 579 diabolica.
380 515 594 596 blasphemia?

288 600 403 660 Anima
431 606 539 659 nostra
569 599 648 659 siout
668 616 777 679 passer
812 605 921 680 erepta
943 606 993 661 est
1022 599 1061 661 de
1086 601 1120 661 la-

285 702 365 762 queo
388 683 578 744 venantium.

286 767 428 846 Laqueus
451 766 600 827 contritus
624 770 686 843 est,
720 769 752 824 et
775 784 832 825 nos
866 765 992 827 liberati
1015 786 1121 830 sumus.

285 849 354 910 Hoo
376 850 449 911 feeit
470 847 657 910 adiutorium
684 854 823 909 nostrum
856 849 888 908 in
916 851 1049 912 nomine
1069 851 1123 912 Do

255 958 258 965 ·
286 952 370 993 mim.

766 1048 803 1108 D.
825 1048 981 1111 Martinus
1004 1051 1123 1114 Luther.

413 1268 644 1350 Disputatio
668 1267 916 1350 Theologios

202 1409 247 1504 R,
262 1408 295 1469 P.
321 1407 361 1471 D.
382 1408 470 1471 Mart.
491 1409 578 1471 Luth.
607 1409 647 1470 de
678 1407 732 1469 ilio
761 1407 844 1470 dieto
873 1409 913 1470 ad
937 1410 1054 1474 Eibras.
1078 1415 1121 1478 13:

204 1549 355 1611 Dominus
376 1550 459 1611 Iesus
483 1549 548 1611 heri
562 1555 601 1610 ‘et
621 1547 731 1628 hodie,
765 1549 832 1630 ipse
855 1548 888 1611 et
907 1551 942 1612 in
966 1552 1125 1637 seoula*).

287 1711 315 1771 i.
337 1707 424 1770 Unus
447 1712 478 1771 et
501 1706 582 1769 idem
605 1707 705 1786 Deus,
732 1705 770 1770 ab
792 1707 881 1770 initio
904 1709 1018 1770 mundi
1042 1711 1125 1772 variis

203 1790 322 1868 modis,
357 1812 413 1873 per
434 1790 527 1853 iidem
555 1792 586 1853 in
616 1790 747 1852 eundem
770 1788 927 1852 Christum
952 1794 1056 1855 cultus
1078 1802 1125 1856 est

286 1875 315 1936 2.
339 1874 463 1937 Certum
487 1881 543 1954 est,
566 1873 668 1936 Adam
692 1879 723 1935 et
738 1873 857 1935 Hevam
879 1875 910 1934 in
938 1895 1050 1938 semen
1072 1897 1125 1937 mu·

203 1955 287 2016 lieris
322 1959 508 2038 promissum
533 1956 582 2041 (id
612 1960 676 2033 est)
710 1958 741 2017 in
762 1957 862 2019 Deum
899 1961 1124 2039 promissorem

203 2038 383 2106 credidisse.
467 2115 470 2118 ⁴
746 2040 748 2045 ’

288 2122 317 2186 3.
340 2123 440 2185 Habel
465 2122 597 2185 offerens
618 2123 734 2204 placuit
754 2123 837 2202 Des,
870 2125 1061 2204 promissori
1089 2145 1125 2187 ss·

205 2206 306 2283 minis,
328 2207 360 2266 in
383 2226 484 2285 quem,
502 2227 556 2267 seu
579 2207 663 2267 euius
685 2207 883 2287 promissioni
908 2207 1054 2272 eredidit.

286 2291 316 2350 4.
338 2289 495 2350 Abraham
509 2310 549 2350 ex
571 2288 733 2350 Chaldaeis
757 2296 885 2351 vooatus
899 2291 982 2372 Deo,
1006 2294 1125 2373 promis·

204 2371 266 2432 sori
287 2373 425 2452 seminis,
446 2374 571 2434 vocanti
594 2373 723 2433 oiedidit
745 2380 775 2455 et
796 2372 983 2435 iustificatus
1008 2383 1066 2438 est.

287 2458 315 2519 5.
339 2455 417 2517 Aliis
441 2456 564 2536 quidem
586 2457 744 2537 personis,
774 2457 905 2536 aliisque
930 2461 1125 2540 temporibus,

204 2538 343 2600 eiusdem
366 2541 581 2620 promissionis
603 2538 681 2601 fides
703 2546 853 2601 renovata
875 2547 933 2602 est.

289 2625 317 2687 6.
340 2623 411 2685 Non
436 2623 570 2684 humana
592 2623 714 2702 quidem
739 2624 922 2703 temeritate,
946 2625 1006 2685 sed
1032 2625 1126 2687 divina

203 2706 385 2787 autoritate,
409 2726 488 2785 quae
512 2705 642 2768 eandem
664 2707 903 2789 promissionem
927 2728 988 2789 per
1012 2709 1127 2771 diversa

204 2793 345 2868 tempora
368 2796 400 2850 et
422 2809 571 2871 personas
596 2790 693 2866 voluit
713 2789 864 2852 innovari.

284 2876 313 2936 7.
337 2871 478 2952 Summa,
513 2872 660 2953 quidquid
683 2879 802 2954 gestum
835 2878 883 2932 est
907 2874 1064 2936 virtutum
1087 2874 1128 2936 vel

201 2971 300 3013 rerum
323 2975 379 3037 per
409 2956 479 3037 pios
501 2965 573 3017 ante
596 2956 749 3018 Christum
772 2957 802 3016 in
825 2955 887 3018 fids
912 2960 1128 3038 promissionis

201 3034 266 3096 eius
289 3043 410 3118 gestum
434 3046 490 3100 est.

282 3121 311 3184 8.
335 3120 429 3201 Siout,
452 3120 599 3202 quidquid
622 3130 743 3204 gestum
766 3128 813 3183 esi
834 3142 891 3204 per
905 3133 1043 3190 sanotos
1066 3136 1131 3211 posi

200 3198 366 3279 Christum,
389 3205 420 3265 in
443 3203 505 3265 fide
519 3205 667 3286 impletae
685 3205 901 3286 promissionis
925 3218 1058 3290 gestum
1083 3219 1133 3273 est.

283 3290 312 3349 9.
335 3287 500 3348 Desierunt
528 3309 583 3368 per
614 3295 756 3370 tempora
789 3290 865 3350 varii
887 3290 935 3351 ilii
960 3295 1054 3356 modi
1079 3316 1135 3356 ore·

199 3364 291 3427 deudi
314 3370 345 3428 in
369 3389 475 3431 semen
495 3374 680 3451 promissum
696 3392 750 3433 seu
767 3372 798 3433 in
816 3372 953 3436 eundem
969 3377 1137 3442 Christum.

201 3525 599 3544 *munao-um

270 3611 301 3679 *)
323 3614 455 3669 Rie'derer
480 3617 498 3669 l.
526 3618 811 3688 1.1v·p.402hanc
837 3619 1072 3689 disputationem
1100 3629 1141 3684 ad·

196 3685 396 3738 numerandam
418 3703 480 3740 esse
499 3696 593 3744 censet
612 3705 686 3743 anno
709 3689 793 3756 15403
825 3697 999 3759 germanice
1020 3717 1058 3756 ea
1076 3703 1142 3774 legi·

196 3760 240 3812 tur
261 3758 289 3813 in
308 3758 431 3814 Waiahii
450 3760 558 3815 suhart.
574 3761 648 3831 Cpp,
661 3761 742 3817 Loth.
762 3762 785 3814 Τ
803 3761 869 3816 xlx
888 3781 917 3834 p.
941 3769 1002 3827 109
1024 3781 1055 3830 et
1065 3776 1142 3834 1782.
