2346 4208
435 243 469 296 de
489 246 676 299 matrimonio.
952 240 1015 313 447

93 447 202 508 porem
224 429 260 489 in.
279 424 390 493 Adam.
433 430 571 507 Cumque
594 428 810 506 obdormisset,
833 428 901 488 tulit
923 448 1014 491 uuam

94 511 135 571 de
157 513 252 571 costis
275 513 357 588 eins,
389 520 421 571 et
442 511 571 590 replevit
592 531 714 572 carnem
738 530 795 589 pro
817 530 863 571 ea.
907 511 947 573 Et
966 531 1014 575 ae-

93 593 231 655 dificavit
252 601 388 671 costam,
418 614 507 672 qnam
532 596 643 654 tulerat
664 594 703 654 dc
727 593 835 662 Adam,
858 596 888 654 in
910 595 1014 661 mulia-

92 697 168 737 rem.
198 677 238 736 Et
260 676 388 736 adduxit
409 697 476 738 eam
501 680 540 737 ad
565 678 672 736 Adam.
708 677 784 736 Tum
809 676 924 736 Adam:
946 675 1016 738 Hoc

93 779 175 819 nunc
198 780 233 820 os
257 781 296 818 ex
319 760 440 820 ossibus
464 763 558 835 meio,
595 768 626 820 et
658 780 730 821 caro
761 759 799 819 de
822 779 914 820 carne
935 779 1016 821 mear
1087 834 1088 841 ἵ

95 844 230 907 Vocatur
262 849 364 903 antem
397 845 520 921 virago,
561 845 705 922 quoniam
735 843 773 902 de
804 845 869 903 viro
893 851 1015 923 sumpta

95 934 152 987 est
195 927 362 1004 Propterea
400 926 552 1005 relinquet
586 927 679 987 homo
712 932 828 1004 patrem
863 947 952 985 sunm
985 932 1016 989 at

95 1017 238 1086 matrem,
261 1017 292 1068 et
313 1008 487 1069 adhaerebit
512 1010 601 1069 uxori
624 1029 713 1085 suso,
737 1018 768 1070 et
790 1019 879 1069 eruut
900 1009 961 1069 dno
984 1011 1013 1071 in

92 1111 187 1153 carue
208 1111 278 1152 una.

176 1175 261 1235 Haec
296 1177 400 1235 omnia
432 1184 503 1233 sunt
525 1175 619 1234 verba
641 1175 712 1250 Dei,
752 1175 861 1251 quibus
895 1176 950 1235 viri
986 1183 1017 1235 et

94 1260 198 1319 uxoris
228 1257 387 1316 exordium
411 1258 606 1333 describitur,
640 1263 798 1316 eteorum
828 1259 1015 1333 coniunctio,

93 1351 124 1402 ct
158 1341 357 1419 quamobrem
391 1342 472 1403 facta
503 1341 630 1417 mulier,
664 1342 796 1418 deniqne
830 1345 897 1419 quis
929 1360 1016 1401 amor

93 1444 163 1486 esse
184 1424 277 1484 debet
298 1426 377 1485 inter
399 1426 555 1503 coniuges.

178 1506 336 1579 Secundo,
369 1506 492 1585 quando
522 1507 606 1566 Deus
640 1523 702 1564 non
733 1507 893 1585 coniungit·
915 1509 1015 1571 matri-

95 1593 311 1656 monium„et
333 1610 395 1649 non
418 1589 507 1650 adest
528 1609 584 1648 oen
607 1588 782 1666 pronubus,
817 1597 880 1648 tum
904 1590 1016 1653 accidit

94 1683 126 1734 ut
147 1674 245 1747 solet,
274 1673 357 1751 quod
380 1673 429 1732 hic
451 1674 635 1749 insinuatur,
658 1690 697 1730 cx
715 1670 786 1748 hoc,
810 1673 892 1749 quod
914 1672 1013 1733 Adam

93 1756 208 1816 nullam
231 1757 349 1815 invenit
370 1759 548 1835 coniugam,
579 1755 680 1814 donec
708 1756 736 1814 ei
758 1754 934 1832 provideret
952 1756 1015 1823 Do-

94 1842 192 1899 minus
228 1839 265 1897 de
288 1839 391 1915 Heva,
426 1859 515 1917 quom
540 1859 607 1896 cnm
631 1837 774 1913 vidisset,
807 1840 911 1917 coepit·
932 1846 1014 1899 recte

92 1941 197 1983 amare
225 1933 256 1981 et
290 1923 448 1982 sinceriter
470 1940 663 2001 cognoscens
685 1921 766 2000 apud
789 1940 823 1980 sc
845 1921 924 1981 hano
945 1941 1015 1983 esse

92 2007 256 2084 coniugem
278 2024 374 2066 snam.

178 2091 306 2147 luvenes
329 2107 403 2166 ergo
428 2093 459 2146 et
480 2088 515 2160 ii,
539 2106 667 2165 quornm
692 2089 811 2146 animus
833 2096 889 2163 est,
915 2091 1012 2148 matri-

95 2172 230 2230 monium
255 2172 370 2243 salmo,
407 2169 539 2229 docendi
571 2179 641 2230 sunt
663 2170 770 2230 sedulo
800 2178 831 2230 ct
853 2171 1015 2250 diligenter

95 2255 243 2314 orandum
268 2275 347 2330 esse,
371 2259 402 2312 nt
416 2255 565 2312 Dominus
579 2254 663 2313 Deus
686 2254 828 2334 dignetur
851 2253 1015 2333 disponere

94 2338 166 2396 felix
191 2339 376 2415 coniugium.
421 2336 468 2394 Ad
507 2336 589 2413 qnod
617 2336 765 2398 Salomon
794 2339 884 2396 etiam
912 2338 1015 2399 horta-

95 2431 152 2496 tur,
175 2420 298 2479 dicens:
322 2421 439 2479 Domus
462 2429 493 2478 et
515 2421 639 2479 divitiae
662 2420 772 2480 dantur
793 2421 1016 2499 aparentibus,

95 2524 112 2562 a
145 2504 278 2563 Domino
308 2511 409 2562 autem
437 2503 560 2580 proprie
591 2522 669 2562 uxor
696 2504 839 2582 prudens.
884 2504 970 2565 Herc
997 2526 1014 2563 a

95 2586 163 2647 solo
185 2587 250 2645 Deo
274 2586 361 2645 Adae
384 2605 533 2644 concessa
555 2591 610 2644 est.

178 2670 238 2728 Res
261 2671 362 2748 itaque
393 2688 504 2748 magno
537 2669 568 2726 in
592 2676 759 2747 conspectu
782 2669 840 2728 Dei
863 2672 1015 2731 matrimo-

95 2755 177 2813 nium
201 2763 256 2828 est,
280 2755 400 2811 tametsi
422 2751 598 2830 imprudens
617 2754 768 2827 iuventus,
790 2754 821 2810 in
844 2772 904 2830 qua
925 2752 1014 2813 affcc-

96 2845 143 2896 tns
167 2835 378 2913 dominantur,
410 2835 590 2913 plerumque
619 2836 699 2894 circa
721 2835 781 2893 hoo
803 2845 892 2896 errat.
936 2837 1013 2896 Nam

95 2920 277 2978 factumest
307 2939 367 2978 non
392 2921 457 2977 sine
481 2935 588 2995 causo,
621 2926 652 2978 et
679 2918 849 2978 admirabili
881 2919 1013 2996 quodam

95 3003 243 3079 consilia,
266 3001 347 3080 quod
371 3002 520 3061 Dominus
543 3002 626 3060 Deus
650 3001 750 3060 solum
773 3002 939 3061 homiuem*
954 3022 1014 3062 mn-

95 3087 239 3146 trimonio
280 3085 444 3163 copulavit.
490 3085 625 3162 Reliquis
657 3086 862 3145 animantibus
897 3092 1014 3147 tantum

95 3169 185 3229 dixit:
211 3170 346 3227 Crescite
370 3177 400 3226 et
423 3169 674 3245 multiplicamini,
697 3188 759 3229 non
775 3168 931 3228 adducens
954 3189 1015 3229 ma-

95 3253 212 3312 sculum
236 3252 273 3310 ad
297 3252 473 3310 foeminam.
517 3250 605 3310 Unde
634 3259 665 3310 et
691 3253 770 3311 inter
792 3252 880 3312 bruta
901 3254 1015 3313 anima-

95 3337 137 3397 lia
161 3337 385 3394 matrimonium
410 3354 471 3393 non
495 3342 550 3395 est.
574 3334 660 3394 Adae
678 3344 778 3393 antem
803 3338 918 3395 creavit
939 3355 1015 3397 uxo·

95 3440 158 3478 rem
183 3439 221 3477 ex
244 3420 368 3496 propria
390 3424 492 3493 cosla,
521 3418 662 3490 adduxit,
687 3427 717 3477 et
739 3421 944 3478 consentienti
966 3439 1014 3479 ao·

95 3503 291 3580 reptantique
314 3501 477 3579 copulavit.

178 3585 292 3658 Tertio,
315 3592 419 3644 creata
442 3593 489 3642 est
504 3604 581 3642 uxor
595 3604 632 3642 ea
655 3602 757 3659 consa,
781 3593 812 3642 ut
835 3586 1013 3645 essetadiu-

97 3671 206 3728 torinm
230 3669 284 3726 viri
307 3688 373 3726 oum
399 3670 426 3725 in
452 3668 591 3725 omnibus
615 3666 720 3744 rebus,
751 3673 812 3724 tum
837 3667 1012 3748 praecipue,

96 3762 128 3811 ut
154 3752 266 3810 liberos
289 3760 460 3831 generaret,
482 3751 511 3810 id
535 3749 627 3809 hodie
649 3750 749 3810 adlruc
767 3750 948 3813 observatur
970 3760 1014 3811 ut-
