2332 4206
119 241 184 333 348
433 249 583 321 6166666616
603 247 639 307 D.
657 248 695 304 11.
715 247 765 305 Li·

142 441 193 505 54.
216 439 278 500 Aut
300 440 324 499 si
347 439 432 500 volet
454 445 485 499 et
505 443 624 519 potest,
655 445 772 498 votum
807 442 847 498 et
880 434 1043 517 religionem

126 531 242 598 teneat,
264 525 454 602 impietatem
477 529 581 602 ponat.

148 611 200 670 55.
225 607 331 666 Potest
369 608 450 665 enim
471 605 644 684 =reiigiosus
678 602 820 664 abusum
859 605 928 663 voti
956 602 1048 679 solon,

124 697 177 749 aut
200 689 288 748 simul
312 688 512 766 utrumqne¹)
537 706 665 766 ponere.

145 774 194 836 56.
217 771 353 832 Abusum
387 773 450 831 voti
485 771 630 845 dicimus,
668 769 755 829 hane
788 771 900 850 ipsam
942 769 1049 848 impiam

127 856 305 934 opinionem
329 854 401 913 fidei
420 853 637 914 adversariam.

148 943 196 1001 57.
221 938 285 996 lmo
324 937 450 997 abusum
483 955 536 996 seu
569 936 764 1015 impietatem
800 934 906 996 debet
940 954 1051 1017 ponera

127 1019 183 1080 sub
207 1020 361 1079 maledieti
384 1022 502 1080 aeterni
526 1038 638 1098 poena.

148 1105 198 1167 58.
224 1104 336 1163 Votum
359 1102 500 1176 autem2)
526 1121 580 1161 seu
602 1100 801 1180 religionem,
825 1119 921 1161 nova
944 1099 1052 1181 piatatis

128 1185 285 1264 opinione,
305 1187 455 1245 innovare
477 1185 579 1244 denuo
602 1189 714 1263 potest.

149 1270 199 1330 56.
222 1267 311 1341 Quod
330 1270 355 1327 si
374 1267 476 1328 denuo
490 1270 649 1341 innovare,
672 1272 704 1326 et
726 1265 769 1326 ab
785 1266 923 1346 integro
950 1283 1052 1326 vovere

128 1369 190 1410 non
215 1351 307 1428 volet,
329 1351 457 1411 liberum
481 1357 558 1410 estu.
1097 1358 1099 1373 '

149 1436 198 1498 60.
221 1433 306 1493 Prius
329 1436 411 1493 enim
433 1434 597 1513 impietatis
617 1437 732 1507 votum,
759 1437 795 1490 ut
817 1431 906 1491 nihil
930 1448 1053 1510 unquam

128 1515 193 1593 fuit,
216 1517 259 1575 ita
281 1517 355 1576 nihil
378 1525 426 1576 est
447 1535 505 1576 666
526 1517 592 1576 erit.
1011 1508 1015 1517 ⁴

150 1603 200 1663 61.
223 1599 298 1660 1666
330 1601 386 1659 nisi
420 1618 502 1660 novo
532 1597 650 1671 voto³)
679 1597 710 1656 in
738 1595 808 1658 fide
841 1599 903 1677 pia
932 1597 1056 1674 voveris,

130 1680 261 1742 liberes
287 1691 318 1742 et
338 1683 420 1742 tuisti
445 1680 483 1742 66
506 1682 589 1742 omni
611 1686 692 1743 6666.
718 1702 722 1707 ·

150 1767 199 1830 62.
222 1765 304 1825 Nihil
327 1767 406 1825 enim
431 1772 540 1825 eontra
562 1763 670 1839 Deum,
692 1760 747 1822 sed
772 1764 891 1823 omnia
914 1780 974 1844 pro
998 1763 1055 1822 Deo

130 1866 295 1926 possumus
319 1855 350 1908 et
372 1848 529 1909 debemus.

148 1932 198 1994 63.
222 1930 344 1991 Certum
367 1940 414 1990 est
435 1930 590 2009 episeopis
618 1929 732 1990 nostris
766 1929 967 2008 apostatiois
1000 1945 1058 2007 reg·

128 2013 271 2073 nantibus
293 2013 383 2074 fidem
407 2014 464 2073 Dei
487 2013 678 2073 6666661666.

149 2095 198 2159 64.
221 2096 335 2157 Horum
359 2098 451 2176 igitur
472 2095 563 2175 eulpa
585 2101 633 2155 est
644 2093 775 2174 perditio
801 2095 852 2153 tot
876 2093 1058 2155 adnleseen-

130 2177 263 2237 tulorum
286 2187 317 2237 et
340 2179 639 2238 adolescentularum
662 2176 860 2238 voventium.

153 2262 202 2324 65.
226 2261 295 2335 Quo
318 2260 361 2339 fit,
385 2269 417 2321 ut
439 2264 585 2321 maiorem
608 2260 685 2320 tales
706 2258 847 2319 6666666
872 2267 910 2320 66
933 2259 1061 2321 6666666

134 2350 226 2402 tatem
251 2352 281 2402 et
304 2345 349 2402 ius
373 2353 446 2404 vota
468 2364 524 2403 sua
545 2343 717 2422 rumpendi.

150 2427 200 2490 66.
223 2425 302 2499 Quia
323 2426 415 2488 fidem
450 2434 481 2486 et
502 2446 630 2506 ragnum
653 2426 709 2485 Dei
740 2442 806 2484 non
842 2423 1063 2485 audierunta

133 2510 223 2569 mutis
245 2510 303 2568 iliis
327 2512 473 2590 tyrannis.

153 2596 201 2657 67.
225 2591 288 2654 lino
312 2595 390 2653 siout
422 2612 496 2653 oves
526 2611 545 2650 a
566 2590 646 2669 lupis
676 2608 732 2670 per
759 2589 897 2669 impiam
937 2607 1061 2670 opernm

135 2675 305 2735 doctrinam
329 2676 367 2735 ab
391 2677 433 2735 eis
458 2675 596 2734 devorati
620 2680 699 2735 sunt.

153 2759 202 2822 66.
224 2760 320 2818 Multo
350 2760 482 2818 maxime
511 2759 531 2815 ii
560 2757 651 2815 etiam
675 2752 863 2814 extrudendi
895 2762 990 2831 sunt,
1020 2752 1065 2832 qui

134 2841 247 2898 ventris
271 2850 323 2900 aut
345 2843 463 2921 gloriae
485 2839 597 2900 666666
620 2845 780 2898 voverunt.

154 2925 203 2984 69.
227 2923 309 2982 Deus
332 2944 427 3003 opera
459 2924 504 2983 sui
537 2923 693 3001 praecepti
721 2919 852 2980 damnat
905 2928 940 2980 et
973 2918 1065 2985 omitti

134 3004 270 3083 mandat
293 3007 318 3064 si
341 3009 407 3066 sine
429 3005 490 3065 fide
512 3004 595 3066 6666.

154 3090 204 3150 70.
228 3087 323 3147 Multo
348 3091 446 3168 magis
459 3108 554 3168 opera
580 3094 721 3148 votorum
738 3083 895 3144 damnata
923 3093 958 3147 66
981 3087 1065 3147 omis

134 3189 169 3228 sa
191 3170 284 3246 volet,
308 3173 332 3230 si
353 3174 419 3230 sine
441 3170 502 3231 fide
524 3169 608 3230 fiant.

157 3256 206 3315 71.
229 3253 297 3313 Non
326 3274 381 3332 per
403 3254 480 3314 haee
503 3254 638 3313 omnium
662 3251 884 3330 religiosorum
921 3261 1001 3314 vota
1021 3255 1067 3311 aut

136 3336 229 3395 vitam
253 3336 417 3396 damnasse
439 3337 590 3395 volumus.

130 3538 539 3552 D-e-—n-——n—-m--o-—oo——n-

246 3648 273 3708 6
295 3647 325 3700 In
359 3647 419 3699 eoo.
443 3646 510 3700 666
542 3649 569 3696 et
591 3642 671 3696 rnna:
704 3618 852 3705 utrunque.
907 3642 942 3706 2,
975 3642 1006 3696 ln
1033 3641 1069 3695 er.

136 3716 358 3786 Propositinnum
381 3719 448 3772 1558
468 3718 540 3769 etin
560 3715 602 3767 ed.
622 3712 684 3766 Jen.
705 3710 774 3778 Opp·
793 3709 823 3762 L.
846 3710 950 3766 deest:
972 3722 1068 3785 autem.

135 3790 167 3856 3)
189 3792 218 3843 16
239 3790 301 3844 666.
324 3791 393 3846 1536
413 3788 528 3844 661558
548 3788 622 3840 6616
642 3783 684 3837 66.
702 3783 776 3836 dem:
795 3781 830 3834 de
851 3800 946 3841 novo.
983 3782 1003 3811 ··'
