2346 4208
394 251 428 306 de
447 250 575 322 digamia·
589 253 793 322 episcoporum.
996 250 1059 318 367

152 436 206 500 49.
229 434 325 497 Simul
355 443 489 514 constat,
526 437 692 518 digamiam
726 457 803 518 opus
827 439 882 498 Dei
916 456 1000 518 essa,
1038 459 1056 500 a

133 519 230 579 Paulo
254 519 432 599 probatum,
467 529 498 581 et
518 523 549 581 iu
572 521 788 582 benedictione
811 522 883 600 Dei,
915 522 993 584 Gen.
1019 526 1056 602 t,

132 603 400 682 comprehensum.

152 689 203 751 50.
229 685 356 746 sivero
379 687 556 746 scandalum
580 694 642 768 est,
678 687 760 768 apud
781 689 892 768 impios
915 688 1056 767 Papietas

132 769 314 829 scandalum
336 777 399 844 est,
435 770 544 849 quibus
573 773 676 832 omnia
698 771 792 832 verbu
824 779 856 832 et
882 790 978 851 opera
999 772 1055 831 Dei

131 852 209 912 nihil
231 853 290 917 uisi
311 853 489 913 scandalum
512 860 592 914 sunt.

153 935 297 1025 510Huo
319 937 403 997 valet
423 938 583 1016 ipsiusmet
605 937 691 997 Pauli
710 937 896 1017 exemplum,
919 939 969 1016 qui
986 955 1055 999 sese

131 1019 213 1081 inter
234 1019 345 1080 viduos
362 1028 522 1098 numerat,
552 1025 578 1082 1.
602 1019 828 1080 Corinthiorum
859 1024 999 1100 septimo.
1013 1020 1057 1079 di-

131 1120 217 1186 cens,
241 1121 296 1162 eos
318 1104 399 1163 velle
418 1123 525 1163 omnes
548 1121 616 1163 esse
639 1105 718 1163 sieut
734 1122 769 1163 se
790 1105 899 1183 ipsum.

150 1187 200 1248 52.
223 1185 263 1244 Et
285 1193 402 1263 tumen,
428 1191 454 1249 1.
478 1186 703 1255 Corinthiorum
727 1206 822 1264 nono,
851 1186 909 1248 sibi
931 1192 962 1246 et
984 1187 1061 1247 Bar·

130 1267 234 1330 nubae
256 1271 377 1349 copiam
400 1270 473 1329 facit
494 1269 671 1330 sororculac
704 1271 807 1330 uxoris
828 1267 1054 1331 circumducen-

129 1351 200 1428 dae,
222 1353 367 1431 exemplo
391 1355 520 1412 aliorum
542 1352 765 1431 apostolorum.

152 1438 203 1498 53.
229 1433 315 1508 Quae
338 1437 430 1516 eopia
451 1436 524 1494 nihil
547 1442 643 1512 esset,
674 1436 846 1514 frustraque
867 1436 995 1513 iactatu,
1031 1437 1058 1496 si

128 1517 264 1598 digamia
289 1517 464 1598 prohiberet
485 1519 660 1597 apostolum
683 1526 736 1578 aut
752 1521 937 1599 episcopum.
955 1538 1033 1581 csse.

144 1602 202 1664 54.
225 1600 266 1660 Ε1
291 1604 358 1680 ipse
390 1602 611 1681 Hieronymus,
649 1601 764 1680 alioqui
800 1603 975 1681 nuptiarum
1007 1621 1054 1662 se·

128 1683 300 1744 caudarum
322 1705 402 1764 pene
430 1686 542 1761 hostis,
577 1691 680 1745 temen
708 1684 845 1745 defendit
873 1687 1059 1766 episcopum:

127 1768 217 1827 illum
240 1767 420 1847 Hispanum,
444 1769 495 1847 qui
517 1768 656 1848 digamus
679 1769 786 1832 fuerat.

149 1854 201 1914 55.
225 1851 369 1916 Etrecte
390 1852 522 1931 colligit:
550 1851 582 1911 Si
604 1859 764 1933 scortator,
787 1852 949 1911 multorum
974 1852 1054 1911 scorss

127 1943 230 1994 torum
258 1935 318 2012 vir,
353 1942 457 2013 potest
484 1933 550 1993 fieri
582 1936 762 2014 episcopus,
801 1953 864 1993 nou
900 1934 1053 2014 prohiberi

126 2016 288 2077 meliorem
315 2020 401 2076 unius
424 2017 579 2078 secundae
602 2018 769 2077 uxorculae
798 2020 948 2078 maritum.
1036 2050 1039 2054 ’

150 2103 200 2164 56.
223 2099 288 2159 Nec
311 2100 341 2161 S.
363 2101 527 2180 Augustini
549 2103 700 2164 contraria
727 2102 889 2178 sententia,
912 2101 984 2161 licet
1005 2121 1052 2160 re·

126 2191 230 2263 cepta,
254 2184 416 2263 quidquam
441 2185 535 2247 habet
555 2187 712 2266 momenti,
735 2203 794 2264 qua
817 2184 899 2262 dicit,
933 2187 1050 2264 cpisco-

125 2286 201 2348 pum
225 2267 338 2327 debere
363 2268 514 2328 Christum
537 2270 624 2328 unius
654 2269 806 2329 ecclesiae
836 2288 982 2351 sponsum
1004 2290 1050 2328 re

124 2358 337 2431 praesentare.
983 2393 985 2397 ,

146 2438 198 2498 57.
220 2433 337 2493 Eadem
360 2433 479 2492 ratione
513 2432 641 2512 quilibet
669 2435 806 2494 coniunx
835 2443 964 2514 cogetur
987 2454 1049 2495 mo-

125 2535 279 2597 nogamus
303 2535 381 2594 esee,
405 2535 472 2576 cum
497 2523 593 2577 totum
617 2518 793 2596 coniugium
814 2517 985 2597 (Ephesios
1000 2523 1058 2597 ui<

124 2600 280 2660 Christum
303 2608 334 2660 ct
356 2601 518 2659 ecelesiam
540 2606 759 2679 repraesentet.

169 2682 321 2757 5811515
356 2685 504 2763 virginem
535 2689 697 2763 cogeretur
729 2684 893 2763 episcopus
926 2704 1048 2749 servare

124 2784 381 2844 suamuxorem,
412 2772 446 2827 ut
468 2767 589 2827 Christo
610 2768 737 2848 virginis
760 2767 911 2828 ecclesiae
932 2777 1047 2850 sponso

122 2850 338 2928 responderet.

145 2935 196 2997 59.
220 2933 315 2992 Simul
338 2941 369 2992 et
387 2934 549 3012 repudiare
571 2933 704 3012 aliquam
729 2934 862 3013 priorem
885 2941 1046 3014 teneretur,

124 3017 207 3076 sicut
229 3017 365 3076 Christus
388 3017 560 3096 repudiavit
581 3035 785 3098 synagogam.

147 3103 197 3163 60.
221 3100 338 3160 Deinde
363 3109 484 3161 mortua
506 3120 603 3161 uxore
636 3120 697 3179 qua
719 3101 819 3161 forma
841 3100 898 3159 erit
920 3119 1046 3180 agamus

123 3184 301 3263 episeopus,
326 3184 447 3244 Christo
471 3185 623 3244 ecclesiae
645 3185 709 3244 viro
733 3183 859 3243 similis?

146 3270 195 3330 61.
221 3267 252 3326 Si
280 3268 372 3347 igitur
400 3287 528 3328 necesse
562 3275 644 3327 esset
672 3268 845 3348 symbolum
877 3267 1048 3327 Christiet

123 3349 277 3411 ecclesiae
312 3353 473 3430 praestari,
509 3353 583 3410 setis
616 3352 647 3408 in
683 3351 895 3430 singularitate
931 3352 1048 3428 uxoris,

123 3433 217 3494 etiam
241 3453 259 3492 a
281 3433 404 3513 digamo
428 3442 459 3494 et
480 3436 610 3514 trigamo
632 3440 848 3513 praestaretur.

146 3518 196 3579 112.
219 3517 298 3575 Dato
332 3524 369 3577 et
384 3518 521 3577 nondum
549 3535 714 3589 concesso,
748 3519 827 3578 inter
849 3525 957 3598 gentes
990 3536 1047 3597 pro

123 3601 251 3660 crimine
285 3608 316 3660 et
347 3601 495 3661 scandalo
525 3603 644 3661 censeri
677 3601 881 3681 pluralitatem
916 3621 1045 3661 uxorum

121 3685 260 3742 Mosaios
282 3685 351 3763 lege
373 3691 526 3747 statutam.
1046 3712 1048 3717 ·

143 3769 193 3829 ou.
219 3767 258 3826 Ut
280 3768 358 3826 iuter
388 3775 498 3846 gentes
520 3769 631 3832 liberas
663 3768 772 3849 alege
794 3770 889 3847 Mosi,
919 3775 1046 3849 propter
