2346 4208
466 267 498 323 D.
517 267 553 324 ld.
570 267 691 324 botheri.
980 265 1043 334 325

162 457 234 518 Pro-
245 458 259 535 -Ι
277 457 452 520 Positionss
469 457 475 540 Ι
493 458 529 521 D.
539 458 627 521 Mart.
634 458 721 519 Lnth.
738 455 744 540 Ι
764 457 804 519 ab
816 459 909 520 inioio
922 458 1045 540 negocii

186 539 391 623 {Evangelioi
414 542 452 603 ab
472 547 478 617 t
496 549 604 604 autore
625 548 682 604 tra·
707 544 712 622 l
737 547 839 604 etatae
861 561 959 622 usque
983 544 996 621 1-
1012 543 1043 603 in

119 677 355 757 profanationes
365 678 610 757 impiissimorum
624 679 820 759 religionum,
832 697 908 758 quas
918 683 1048 738 satanas

122 767 234 821 eouba
256 758 372 823 Christi
394 762 589 841 evangelium
611 781 667 842 per
688 760 857 823 effioaoiam
880 762 991 822 erroris
1014 767 1049 820 at

123 842 290 903 mendacia
312 842 454 923 prodigia
473 846 505 904 in
528 845 693 907 eeclesiam
713 844 771 906 Dei
793 845 841 926 (ut
862 844 974 905 Paulus
1001 844 1045 904 ni-

123 926 184 987 mis
203 924 470 1008 ,verespraedixio
492 927 610 988 invexit
631 925 700 1010 etl)
724 928 893 1005 inundavit,
915 926 953 987 ad
972 939 1045 1004 pos·

121 1027 194 1073 nam
229 1009 455 1071 incredulorum
483 1016 515 1071 et
539 1012 744 1091 ingratorumz
788 1013 813 1071 si
838 1011 918 1073 torte
940 1009 1046 1070 admo·

120 1092 188 1153 nita
215 1096 321 1153 nostra
343 1095 524 1172 posteritas,
557 1112 631 1154 suae
652 1093 759 1154 salutis
782 1112 900 1154 memor
925 1100 957 1153 et
978 1092 1045 1153 Deo

123 1175 223 1254 magis
244 1193 335 1253 quam
359 1194 416 1236 uos
438 1176 549 1237 luimus
571 1182 676 1256 grata,
708 1178 826 1238 oantior
847 1177 993 1256 deinoepe
1016 1181 1047 1234 et

123 1256 302 1337 diligentior
323 1257 407 1319 reddi
430 1260 529 1339 possit
558 1260 589 1319 in
619 1259 821 1321 observandis
843 1259 961 1320 insidiis
983 1257 1046 1318 dia-

122 1338 188 1401 boli
210 1337 375 1402 adversarii
398 1343 504 1418 nostri,
527 1361 590 1404 non
606 1341 784 1403 dormientis
802 1362 903 1422 neque
925 1361 1046 1402 oessan·

123 1424 180 1501 tis,
214 1421 269 1483 sed
290 1423 461 1486 incredibili
484 1426 561 1485 turia
582 1427 778 1506 insanientis,
817 1433 851 1487 ut
878 1425 1047 1486 novissima

122 1505 216 1565 faeiat
237 1505 345 1584 peiora
366 1507 527 1586 prioribus,
550 1509 630 1569 sieut
652 1509 746 1569 nimio
768 1509 842 1569 satis
863 1528 965 1569 reram
987 1512 1046 1567 sta·

122 1595 172 1650 tus
185 1594 324 1665 testatur,
346 1596 409 1663 aut,
432 1593 457 1650 si
479 1590 639 1652 admoneri
658 1590 737 1652 nolit
757 1597 790 1651 et
810 1610 866 1651 sua
888 1590 1048 1652 voluntate

123 1671 257 1752 perierit,
282 1673 349 1732 siue
367 1674 458 1753 eulpa
480 1683 586 1734 nostra
608 1675 733 1755 sangnis
756 1692 863 1735 eorum
885 1691 1046 1753 superea

122 1759 306 1836 puteorum
329 1755 378 1816 sit.

206 1835 359 1917 Numqui
389 1837 485 1900 hodie
509 1857 613 1899 sumus
648 1846 679 1901 et
711 1858 858 1900 vocamur
896 1837 1048 1899 eoelesias

126 1919 257 1980 ministri
279 1926 310 1980 et
331 1921 527 1983 confessores
549 1923 703 2003 evangelii
715 1922 837 2001 Christi,
859 1920 935 1984 nibil
956 1921 1047 1981 inter·

123 2002 261 2063 misimus
283 2003 442 2082 laborum,
471 2005 660 2086 vigiliarum,
687 2004 875 2082 offloiorum,
897 2023 1047 2080 aurarum,

124 2087 300 2146 orationum
324 2094 399 2162 ete,
434 2088 517 2167 qnod
539 2088 578 2149 ad
601 2088 817 2166 erudiendam,
853 2086 1047 2163 servandam,

126 2167 353 2229 defendendam
377 2170 539 2232 eeclesiam
563 2174 715 2252 pertinet,
743 2171 781 2232 de
803 2190 864 2250 quo
886 2188 995 2231 seenrs
1015 2169 1047 2228 in

126 2252 261 2312 Domino
286 2251 467 2332 gloriamur,
501 2256 585 2315 ouius
608 2256 686 2317 baso
708 2262 780 2315 sunt
800 2255 893 2330 dona,
917 2272 996 2332 quae
1019 2257 1050 2312 et

128 2335 274 2411 fecimus,
304 2335 431 2397 faoimus
455 2344 485 2397 et
506 2336 665 2402 habemus.
708 2338 742 2398 ld
764 2338 847 2417 quod
877 2337 968 2396 etiam
998 2335 1049 2396 ad·

127 2419 264 2495 versarii,
288 2418 503 2494 velintnolint,
525 2419 614 2480 fateri
627 2428 786 2500 eoguntur,
807 2440 855 2482 res
868 2421 937 2500 ipsu
959 2417 1049 2479 nobis

127 2501 214 2560 testis
237 2507 284 2560 est
305 2507 337 2561 et
356 2503 492 2580 ipsorum
514 2501 634 2562 infinita
655 2503 773 2563 invidia
795 2523 833 2563 ae
843 2504 984 2582 pertinax
1007 2501 1050 2560 lu-

127 2601 188 2660 ror,
212 2583 270 2642 nisi
292 2584 374 2661 qnod
396 2584 457 2644 boe
476 2585 585 2645 nolunt
593 2582 626 2667 ²)
641 2585 802 2646 ecelesiam
820 2586 934 2661 vooari,
957 2603 1048 2661 quam

127 2684 186 2725 nos
209 2684 356 2727 vooamus
381 2667 544 2727 eeclesiam
568 2667 621 2748 (de
644 2669 841 2747 quereiam
864 2686 927 2727 non
950 2666 1050 2745 dispu-

129 2754 258 2826 tamus),
282 2749 335 2809 sed
359 2756 461 2810 temen
475 2769 532 2829 pro
555 2752 858 2831 eaoongregatione,
882 2768 972 2829 quam
992 2767 1050 2808 nos

128 2830 292 2891 eeclesiam
315 2852 462 2893 vooamus
481 2837 612 2907 (vooent
632 2834 692 2913 ipsi
714 2850 905 2913 synagogam
917 2831 1051 2892 Satanae

122 2914 160 2974 'et
180 2932 362 2994 quoeunque
383 2917 511 2976 nomine
532 2915 660 2998 velint),
682 2916 769 2976 lateri
798 2920 969 2996 eoguntur,
993 2933 1050 2973 nos

127 2995 203 3056 nihil
227 3016 289 3057 uon
312 2998 438 3074 fecisse,
472 3000 546 3059 nihil
578 3019 641 3060 non
663 2999 841 3079 pertulisse,
873 3005 906 3057 et
926 3003 1053 3077 propter

127 3099 198 3140 eam
219 3081 250 3141 in
273 3100 331 3140 nos
354 3082 527 3142 oonoitasse
550 3084 643 3143 totius
666 3082 748 3144 orbis
771 3081 885 3144 odium.

170 3162 239 3222 Hoo
250 3165 458 3224 testimoninm
471 3164 605 3225 bostium
617 3165 707 3226 nobis
721 3167 794 3226 satis
808 3170 856 3224 est
869 3182 925 3244 pro
940 3163 1051 3223 nostris

128 3247 261 3326 posteris
284 3246 498 3322 admonendis,
521 3249 640 3308 soilioet
661 3267 701 3308 ne
724 3249 865 3308 nescient
887 3264 943 3305 nos
965 3247 1051 3324 impi-

127 3347 198 3408 gre,
234 3329 352 3390 lortiter
377 3337 408 3390 st
429 3331 544 3391 invicte
566 3333 689 3391 stetisse
711 3349 766 3411 pro
789 3332 849 3390 ista
874 3342 982 3407 (quam
1005 3327 1051 3387 illi

128 3430 322 3491 synagogam
346 3411 480 3473 Satanae
515 3420 646 3488 vocant)
679 3414 826 3491 ecelesia,
866 3428 959 3490 quam
991 3428 1050 3470 nos

128 3494 207 3554 forte
230 3494 315 3554 brevi
337 3495 507 3560 defuncturi
521 3497 728 3577 relinquimus,
751 3516 813 3557 uon
828 3494 950 3575 quidem
974 3513 1049 3553 mar·

130 3595 267 3637 moneam
291 3584 343 3638 aut
366 3587 559 3658 argenteam,
588 3579 643 3640 sed
673 3579 774 3640 solide
794 3580 825 3638 in
850 3578 971 3638 Christo
992 3575 1051 3635 for-

129 3667 255 3737 matam,
278 3660 427 3721 eruditam
440 3668 470 3721 et
483 3664 639 3740 munitam,
661 3664 720 3743 ipsi
731 3662 871 3738 viderint,
894 3658 1051 3739 quomodo

132 3767 300 3911 'opitiusd
314 3786 383 3842 1534
403 3786 503 3840 desunt
515 3786 662 3840 vocabula:
681 3787 789 3840 invexit
807 3791 841 3840 et.
877 3785 910 3854 2)
931 3783 1053 3839 Ibidem:

127 3874 146 3911 n
178 3873 206 3909 ιιι
