2346 4208
120 277 183 349 316
424 284 520 342 cauo
539 285 574 341 n.
594 284 758 340 11111111

122 482 311 546 quamquam
357 470 508 533 Amilabri
546 471 720 552 exemplum
758 489 893 550 sequens
937 489 1044 530 annum

125 553 205 616 1538
228 550 387 627 praeferre
409 555 547 630 videtur,
577 561 683 635 aperte
706 554 883 635 profitetur,
914 555 961 613 cui
983 555 1046 633 ipse

123 653 206 694 anno
228 632 313 698 hano
341 640 510 698 orationem
533 638 717 718 adscriptam
740 638 823 700 velit.
867 637 1047 697 Recentissi·

124 718 184 778 mis
219 714 353 800 denique
382 721 569 800 temporibus
588 721 624 784 K.
647 721 678 781 F.
700 721 755 780 Th.
778 720 966 794 Schneider,
987 719 1046 780 Lic.

124 800 224 867 theol.
258 810 289 864 51
316 805 470 865 5511115111
500 806 575 884 regii
598 804 833 865 Neowiedensis
870 810 991 879 rector,
1019 803 1047 862 in

127 886 223 948 libro:
248 887 397 963 „Luthers
419 887 601 948 Promotion
623 907 690 947 zum
714 887 832 948 Ductor
853 886 918 946 und
938 886 1048 946 Melan-

128 970 222 1031 thons
261 991 328 1030 zum
364 969 588 1031 Baccalanreus
627 970 682 1031 der
718 970 903 1049 Theologie.
957 968 1050 1030 Nebst

130 1054 208 1114 zwei
229 1052 331 1114 bisher
353 1051 584 1132 uugedruclsteu
607 1054 725 1113 Brieien
748 1053 958 1113 Melanthons.
995 1052 1048 1111 Ein

129 1136 288 1216 Festgurss
312 1156 349 1194 an
373 1136 422 1195 die
444 1136 665 1216 hochwttrdige
686 1135 1050 1216 theologisoheFaoultat

130 1239 168 1278 au
190 1218 290 1278 Berlin
313 1238 362 1278 am
389 1223 437 1282 15.
449 1218 517 1279 Oct.
542 1222 631 1284 1860.
654 1218 918 1284 Neuwied1860“
941 1219 1050 1299 insigni

129 1302 243 1381 ingenii
266 1303 407 1361 acumine
434 1321 471 1362 ac
499 1322 621 1364 summa
651 1303 811 1383 diligentia
838 1301 1050 1362 demonstrare

131 1401 169 1442 ac
190 1384 321 1464 probare
345 1384 475 1460 studuit,
498 1386 579 1445 hauc
600 1388 770 1447 orationem
796 1386 881 1445 omni
905 1405 947 1444 ex
970 1391 1051 1464 parte

131 1485 199 1525 cnm
222 1467 344 1527 Lutheri
374 1466 552 1529 conditione
580 1487 658 1548 quae
679 1488 708 1530 a.
732 1469 811 1532 1512
832 1473 901 1527 erat
925 1487 1050 1548 55113111-

131 1568 182 1609 ere
210 1557 301 1629 atque
335 1552 495 1631 plurimum
530 1552 635 1612 valere
664 1550 702 1611 ad
723 1551 846 1611 Lutheri
882 1550 1050 1611 doctrinam

130 1635 377 1776 {tquedanimum
400 1635 451 1713 qui
489 1641 562 1694 tunc
590 1641 656 1694 erat
673 1632 872 1715 aperiendum
897 1641 995 1713 atque
1015 1635 1050 1692 in-

150 1734 219 1776 1511
242 1736 303 1782 um,

214 1800 246 1858 ln
269 1800 328 1860 hac
349 1804 434 1860 tanta
451 1801 583 1860 virorum
596 1799 842 1860 doctissimorum
859 1799 1051 1861 dissensione

130 1883 272 1962 nosipsi
300 1884 446 1963 optimum
468 1880 550 1943 lactu
575 1883 731 1959 duximus,
767 1882 852 1942 illam
883 1885 1050 1944 orationem

131 1984 193 2024 non
235 1985 378 2045 separare
411 1986 430 2025 a
458 1966 578 2026 Lutheri
613 1964 880 2046 Disputationibus
926 1966 1052 2044 huicque

130 2048 279 2108 volumini
300 2051 492 2128 interserere,
514 2056 607 2128 atque
629 2056 699 2109 ante
721 2051 804 2128 ipsas
827 2049 992 2110 collocare
1005 2049 1051 2108 Lu·

132 2130 209 2191 theri
232 2131 462 2211 Disputationes
496 2133 568 2191 inde
598 2134 636 2193 ab
675 2151 755 2192 anno
780 2133 861 2195 1519
884 2151 989 2211 usque
1020 2131 1050 2192 ad

131 2234 242 2273 annum
268 2215 347 2278 1545
369 2215 504 2287 habitas,
534 2235 613 2294 quae
634 2216 684 2274 hic
711 2214 881 2274 secundum
912 2216 1050 2277 editionis

131 2296 209 2376 Opp.
225 2297 312 2357 Luth.
327 2299 469 2358 lenensis
487 2299 660 2377 exemplum
675 2299 858 2360 coniunctae
879 2298 1050 2359 redduntur.

212 2382 341 2440 Textum
365 2381 453 2440 huius
473 2383 620 2441 orationis
642 2380 851 2441 recudendum
883 2384 1051 2442 curavimus

130 2483 170 2523 ex
198 2463 331 2523 85551111
361 2465 460 2524 libro:
496 2465 553 2539 „D.
577 2465 663 2526 Mart.
686 2464 813 2524 Luthers
841 2465 1051 2544 ungedruckte

130 2547 261 2623 Briefe,“
283 2554 390 2626 utpote
412 2549 462 2626 qui
487 2566 553 2606 eam
578 2548 746 2626 exscriptis
769 2546 806 2607 ab
820 2545 994 2609 Aurifabro
1016 2567 1051 2607 re·

131 2630 209 2690 lictis
250 2632 363 2709 primus
395 2632 425 2689 in
448 2631 547 2690 lucem
576 2630 751 2708 protulerit,
785 2635 878 2689 notas
901 2636 1052 2691 autemst

131 2715 339 2791 55115511155,
372 2732 447 2792 quas
470 2712 637 2772 Schneider
659 2720 773 2772 textum
797 2712 1009 2774 illustraturus
1028 2721 1054 2773 51

131 2795 345 2856 emendaturus
368 2797 399 2854 in
421 2796 499 2855 libro
529 2816 600 2871 suo,
624 2815 713 2874 quom
737 2815 827 2875 supra
850 2794 1053 2867 laudavimus,

131 2881 226 2937 textui
241 2881 321 2958 typis
343 2881 473 2958 repetito
497 2879 662 2958 adspersit,
696 2880 725 2937 in
750 2878 889 2956 margine
912 2881 1053 2941 inferiore

130 2963 377 3040 conscripsimus.

507 3077 666 3143 Oratio

129 3196 452 3255 reverendissimi
487 3197 614 3256 Patris
648 3197 686 3255 D.
709 3195 864 3254 Martini
896 3197 1053 3260 Lutheri

519 3297 655 3357 habita

181 3397 218 3456 iu
242 3399 490 3475 promotione
513 3396 717 3456 Doctorali
740 3394 1002 3478 Theologiae.

214 3529 266 3591 Sic
286 3531 369 3590 iubet
394 3552 465 3590 mos
485 3531 645 3591 laudabilis
668 3538 698 3590 51
721 3532 869 3590 maiorum
893 3537 1052 3608 autoritas,

129 3619 171 3687 ut,
194 3614 243 3692 qui
267 3612 348 3672 hunc
370 3615 497 3695 gradum
514 3626 543 3674 et
557 3616 755 3687 functionem,
779 3621 964 3683 11155511,
989 3617 1052 3677 doc

129 3695 256 3756 toralem
281 3700 465 3777 suscipiant,
505 3700 632 3777 primum
664 3715 766 3756 sacras
797 3696 918 3756 litteras
950 3701 1051 3779 paucis

129 3777 322 3857 breviterque
342 3800 445 3841 coram
468 3781 528 3841 hoc
544 3779 958 3851 consesssucommendent.
983 3784 1050 3846 Oum
