2346 4208
338 272 612 340 prolaborambus
632 278 660 326 ‘et
678 271 816 327 oneratis.
985 269 1047 336 ‘105

122 459 207 519 enim
240 457 401 518 sinistrum‘
419 463 449 519 et
479 457 620 519 dextrum
653 460 720 537 quis
754 457 956 537 disorivitl),
977 441 1047 518 *nisi

124 541 277 622 patientia
299 550 330 601 et
353 542 566 622 impatientia?
599 541 629 602 si
653 561 686 601 es
717 550 877 622 peaestor,
900 540 994 618 bene,
1016 547 1048 601 et

123 625 205 685 latro
230 631 296 684 erat
316 633 478 705 peooator,
508 625 562 684 sed
585 626 734 704 patientia
755 625 889 685 iustitiae
910 632 942 684 et
961 643 1047 684 sano-

123 709 221 768 titatis
255 707 385 788 gloriam
425 710 558 768 meruit..
593 708 639 768 lta
677 714 708 768 et
746 717 778 768 tu
817 709 866 767 fao
899 708 1047 768 similiter.

122 791 194 851 Non
220 791 299 851 enim
333 791 396 871 pati
426 796 530 870 potes,
567 791 623 850 nisi
653 798 706 851 aut
727 810 784 871 pro
807 792 957 871 peccatis,
995 797 1050 850 aut

124 893 181 954 pro
216 874 346 947 iustitia,
385 881 511 952 utraque
544 874 647 954 passio
676 874 848 935 saneuficat
870 883 901 934 et
921 872 1050 937 beatum>

122 957 218 1033 feeit,
249 957 283 1016 si·
303 955 448 1017 dilexeris
478 975 557 1018 eam.
607 954 709 1031 Quare
741 957 827 1018 nulla
853 965 901 1017 est
931 957 1049 1035 reliqua

123 1040 296 1100 exeusatio.
341 1039 482 1118 Denique
504 1058 594 1118 quam
616 1041 679 1100 oito
699 1040 863 1105 'consessus
885 1041 994 1115 fueris,
1017 1047 1049 1100 te

122 1125 203 1183 iuste
225 1123 288 1202 pati
310 1143 366 1202 pro
389 1124 541 1203 pennatis,
570 1122 667 1182 iustus
690 1142 723 1183 es
746 1131 778 1184 et
799 1130 940 1200 sanetus,
970 1125 1049 1183 siout

123 1206 204 1266 latro
226 1205 343 1267 dexter.
388 1204 550 1266 Confessio
574 1206 654 1266 enim
677 1207 813 1285 peooati,
842 1207 914 1286 quia
936 1207 1049 1266 veritas

123 1295 183 1363 ast,
204 1286 349 1349 iustitioat
372 1296 404 1348 et
423 1287 603 1366 sanctificat,
627 1308 664 1349 ae
684 1291 729 1349 sio
750 1309 823 1350 mox
845 1291 874 1349 in
890 1296 1048 1350 momento

123 1372 214 1432 huius
248 1372 453 1432 confessionis
481 1373 540 1431 iam
564 1391 626 1432 non
649 1374 879 1453 propeccatis,
913 1373 967 1434 sed
987 1389 1049 1452 pro

123 1455 303 1515 innocentia
335 1455 460 1534 pateris.
511 1455 611 1515 Iustus
639 1456 718 1514 enim
756 1475 818 1516 non
851 1456 965 1535 patitur
991 1456 1050 1515 nisi

122 1540 315 1600 innocenter.
360 1537 401 1597 At
422 1538 518 1597 iustus
550 1538 649 1597 faetus
676 1557 709 1598 es
742 1539 939 1598 confessione
963 1540 1049 1599 meri-
1094 1603 1098 1610 ,

113 1629 176 1691 ,tao
197 1621 351 1701 passionis
375 1627 406 1680 et
426 1629 623 1700 peecatorum
636 1627 767 1683 tuorum.
801 1619 904 1696 Quare
925 1628 957 1681 et
977 1640 1050 1681 vere

124 1713 156 1764 et
187 1704 279 1784 digne
309 1709 362 1763 tua
395 1705 497 1783 passio
521 1710 718 1782 eomparatur
738 1704 933 1784 passionibus
956 1703 1049 1766 Sano-

124 1795 244 1863 torum‚
280 1786 359 1846 siout
390 1806 462 1847 vere
485 1785 578 1867 digne
600 1796 652 1845 tua
674 1787 828 1848 consessio
851 1793 1048 1866 pennatorum

124 1876 322 1950 eomparatur
345 1870 532 1930 eoniessioni
554 1868 747 1930 Sanctorum.
790 1871 859 1932 Una
881 1872 962 1929 enim
985 1889 1048 1930 om·

124 1954 207 2012 nium
222 1953 344 2030 veritas,
363 1953 498 2012 omnium
517 1952 671 2013 confessio
685 1960 895 2032 peecatorum,
912 1954 1048 2013 omnium

123 2036 231 2116 passio
254 2035 421 2115 malorum,
444 2042 475 2096 et
496 2055 569 2096 vera
590 2038 767 2096 communio
790 2036 991 2112 Senatorum,
1019 2036 1050 2096 in

124 2117 270 2180 omnibus
292 2125 324 2178 et
345 2138 401 2198 per
422 2119 536 2179 omnis.

123 2318 250 2397 Caput
273 2317 337 2378 v11.
373 2317 417 2377 de
449 2320 622 2398 septimo
652 2328 829 2400 spectro,
864 2320 965 2399 quod
989 2327 1050 2380 est

221 2400 359 2460 malum
383 2420 609 2481 supernum,
631 2422 697 2462 seu
720 2423 842 2482 supra
864 2423 940 2463 nos.

208 2535 322 2596 Ultimo
345 2535 508 2596 levandum
532 2543 579 2596 est
601 2555 655 2596 oor
676 2556 805 2614 sursum,
827 2546 859 2597 et
880 2538 1047 2597 aseenden-

124 2619 197 2679 dum
233 2619 263 2678 in
296 2628 431 2679 montem
459 2619 600 2700 myrrhae
633 2639 700 2678 oum
733 2639 857 2698 sponsa.
911 2619 969 2679 Hie
1001 2628 1050 2681 est

124 2702 214 2764 lesus
236 2700 373 2761 Christus
395 2703 568 2780 crucifixus,
591 2709 683 2782 eaput
705 2703 841 2762 omnium
854 2702 1048 2781 Sanctorum,
1089 2713 1091 2717 ’

125 2786 271 2864 princeps
294 2787 431 2845 omnium
455 2786 654 2866 patientium,
688 2784 809 2864 dequo
833 2785 920 2846 multi
942 2786 1048 2864 multa,

124 2875 158 2928 et
179 2887 287 2927 omnes
318 2869 438 2946 omnia,
471 2870 550 2929 siout
571 2868 677 2937 decet,
710 2871 906 2949 seripserunt.
949 2869 1047 2929 Huius

124 2951 275 3011 memoria
310 2969 444 3030 sponsae
486 2951 735 3028 commendatur,
776 2952 826 3012 ubi
866 2951 1046 3033 dieitur*):

124 3034 212 3093 Pone
235 3053 284 3092 me
307 3042 339 3093 ut
361 3035 480 3114 signum
504 3055 596 3114 super
619 3054 675 3095 oor
696 3043 799 3112 tuum,
836 3044 868 3095 et
889 3036 967 3094 siout
988 3036 1046 3116 sig·

124 3116 268 3176 naculum
292 3136 385 3196 super
407 3117 561 3178 brachium
580 3126 675 3178 tuum.
718 3119 814 3178 Huius
836 3119 908 3198 agni
922 3120 1046 3198 sanguis
1153 3174 1154 3177 ,

124 3202 154 3259 in
179 3199 283 3258 limine
308 3201 445 3280 signatus
465 3209 550 3261 aroet
571 3221 782 3280 percussorem
805 3201 958 3282 angelum.
999 3199 1060 3260 Ab*

124 3283 186 3342 hoa
207 3282 440 3343 commendatur
462 3283 664 3363 sponsa**)‚
694 3285 776 3363 quod
799 3304 889 3345 coma
911 3285 975 3344 eius
1008 3285 1047 3344 sit

123 3367 204 3426 siout
236 3385 369 3444 purpura
395 3369 476 3447 regis
513 3367 645 3443 (idest,
680 3368 838 3429 meditatio
866 3369 931 3428 eius
959 3367 1047 3427 rubet

122 3449 279 3530 passionis
303 3449 415 3510 Christi
439 3448 616 3533 memoria).
661 3451 729 3511 Hoo
751 3459 798 3512 est
814 3453 940 3535 lignum,
963 3450 1045 3531 quod

199 3724 226 3783 1)
246 3723 275 3776 in
295 3723 337 3777 ed.
355 3721 433 3778 dem:
455 3723 593 3778 discernit.

199 3793 230 3864 ·)
251 3794 328 3850 Cant.
347 3794 374 3852 8.
413 3793 463 3865 “)
484 3794 564 3850 Cant.
583 3795 609 3852 7.
