2346 4208
404 268 770 328 :unro1.·n.·u.·ma0a
988 252 1050 336 183

121 459 232 518 fratres
263 456 377 532 nostri,
408 454 480 516 fidei
515 455 583 517 selo
617 455 861 536 succensispcr
891 456 1049 536 proprium

117 559 212 602 suum
225 539 380 615 nuncium,
391 558 498 600 sacrae
507 537 932 619 theologiaeBaccalaurium,
941 538 1050 600 librum

122 621 294 721 quendam,
325 622 381 683 sub
419 623 507 683 titulo
540 622 697 683 cuiusdam
728 623 760 683 F.
789 623 910 683 Martini
938 622 1051 682 Luther

123 709 324 786 impressum,
357 705 396 765 ad
430 724 488 767 uos
522 705 745 766 transmiserint
753 706 1053 786 ,expetieriutqua

125 795 278 871 quatenus
292 789 426 849 caritatis
449 788 553 850 debito
576 788 709 850 eundem
731 751 850 865 librum,
873 807 964 868 quem
976 788 1052 849 mul·

126 880 227 935 torum
251 870 498 945 christifidelium
531 890 621 932 aures
641 873 787 951 graviter
815 871 982 939 offendisse
1003 890 1052 932 ac·

126 955 297 1037 cepissent,
320 955 403 1034 quod
426 975 523 1034 nova,
546 954 686 1031 insolita,
708 955 862 1032 inaudita,
897 961 929 1016 et
957 956 1054 1016 noxia

126 1037 278 1127 quaedam
312 1037 500 1118 dogmata
492 1058 524 1097 m
545 1036 607 1099 lide
629 1057 759 1100 emcuca
781 1039 842 1100 lect
843 1039 976 1100 oribus'
965 1058 1052 1119 ruga·

126 1117 222 1199 reret,
254 1120 440 1202 perlustrare
463 1128 495 1182 et
515 1121 693 1182 examinare
714 1120 926 1203 dignar,emur
950 1128 1053 1202 atque,

128 1205 154 1264 si
181 1205 225 1264 ita
260 1211 441 1283 mereretur,
473 1204 699 1284 reprobationis
732 1212 857 1267 nostrae
892 1223 1054 1271 censuram

128 1287 342 1349 doctrinaliter
364 1287 593 1350 adhiberemus.

211 1393 277 1454 Nos
309 1401 372 1454 tam
401 1393 516 1454 sanctis
550 1393 709 1454 desideriis
737 1394 886 1474 iustisque
913 1392 1055 1474 precibus

129 1477 318 1538 confratrum
341 1483 516 1537 nostorum
539 1477 649 1537 merito
617 1477 808 1538 tolucliuati
830 1495 1057 1556 praememcra

129 1567 194 1621 turn
207 1560 352 1657 hurum,
361 1559 601 1640 quadringentas
623 1565 654 1622 et
675 1561 854 1642 octuaginta
875 1567 946 1621 octo
969 1561 1056 1641 pagi-

130 1662 186 1704 nas
205 1644 237 1702 in
261 1661 295 1702 se
316 1643 402 1702 iuxta
423 1660 583 1704 numerum
605 1640 696 1702 illis
687 1662 872 1723 impressum
897 1643 1060 1707 cortinam.

131 1735 204 1803 tem,
228 1725 388 1787 visendum
409 1725 669 1823 revisendumque
691 1725 849 1796 nonnullis
871 1745 910 1787 ex
936 1726 1055 1836 gremio

131 1815 240 1871 nostro
262 1807 416 1889 Magistris
439 1809 659 1870 commisimus.

214 1915 255 1975 Elt
275 1915 420 1994 quoniam
448 1920 521 1996 post
554 1914 678 1975 illorum
706 1932 839 1975 examen
870 1914 963 1976 talam
986 1933 1056 1975 eum

131 1997 235 2080 palam
258 1998 474 2078 comperimus,
498 1997 550 2076 qui
572 1997 674 2078 quoad
687 2003 845 2075 tractatus,
867 2003 899 2060 et
914 1998 1058 2061 materias

132 2102 189 2162 per
209 2081 243 2144 F.
267 2081 428 2141 Martinum
450 2080 683 2142 Luthereditas
705 2086 797 2160 atque
820 2081 852 2142 in
880 2080 981 2142 lucem
1005 2083 1058 2160 (ut

131 2165 245 2243 fertur)
279 2164 383 2242 datas,
415 2165 516 2224 varios
546 2165 578 2224 iu
606 2164 667 2225 fids
706 2171 736 2225 et
773 2164 909 2226 moribus
938 2183 1058 2230 errores

137 2249 302 2327 alienaque
324 2268 342 2308 a
364 2248 478 2308 sanctis
499 2247 686 2310 Ductoribus
709 2246 856 2328 dogmata
877 2249 1066 2313 contineret

219 2347 261 2407 Et
281 2349 441 2428 speciatim
454 2354 562 2408 sancta
578 2350 721 2427 vitaeque
736 2351 882 2410 aeternas
893 2349 1060 2425 meritoria,

136 2433 272 2492 humana
294 2449 390 2511 opera
410 2431 547 2509 infamet,
570 2438 601 2491 et
621 2438 738 2491 reatum
763 2433 807 2492 eis
822 2432 949 2511 iniiciat,
972 2431 1060 2510 quasi
1089 2442 1091 2444 ·

138 2517 206 2576 siue
228 2514 319 2594 culpa
340 2513 407 2574 ficri
427 2533 490 2575 non
513 2515 643 2594 possint.

222 2613 331 2675 Sacras
354 2614 542 2695 Scripturas,
573 2619 811 2694 sanctorumque
839 2613 963 2674 Patrum
993 2624 1062 2674 scn-

137 2697 251 2759 tentias
284 2705 477 2778 pervertens,
512 2700 543 2758 in
583 2715 707 2758 sensum
739 2697 944 2777 perniciosum
990 2714 1064 2757 cou-

139 2787 293 2860 torqueat.

222 2864 436 2924 Paenitentiae
469 2870 695 2924 sacramentum
731 2861 926 2944 dogmatibus
964 2862 1069 2943 perui:

139 2947 233 3007 cineis
256 2947 410 3025 annullet,
439 2950 520 3007 circa
543 2947 760 3008 contritionem
792 2944 995 3007 scandalosos
1020 2963 1064 3006 er·

139 3049 226 3091 rores
247 3030 433 3091 inducendo.

225 3112 314 3174 Circa
346 3114 574 3176 confessionem
613 3118 722 3174 contra
749 3110 931 3173 universalis
968 3109 1065 3171 eccle·

140 3198 207 3258 siae
228 3202 365 3257 veterem
387 3196 558 3258 doctrinam
581 3215 728 3277 perversa
741 3195 871 3257 consilia
884 3192 1065 3275 ingerendo.

225 3278 356 3340 Omnem
385 3280 625 3341 satisfactionem
670 3279 791 3340 mortali
822 3278 932 3358 culpae
961 3277 1065 3338 remis·

141 3382 196 3424 sae
219 3362 353 3423 debitam
378 3363 540 3440 cassando,
563 3381 631 3423 cum
654 3363 736 3423 Deus
762 3369 812 3439 (ut
833 3363 876 3420 ait
895 3363 994 3441 ipse),
1016 3359 1065 3420 cui

141 3446 303 3508 mortalem
317 3446 449 3527 culpam,
472 3465 593 3528 semper
615 3447 708 3506 etiam
732 3451 763 3506 et
778 3445 917 3506 meritam
930 3461 1064 3524 poenam

141 3530 650 3592 remittat·

225 3613 414 3672 Thesaurum
448 3612 723 3692 indulgentiarum,
755 3629 832 3691 quas
863 3627 926 3670 nou
964 3608 1064 3670 solum

141 3697 181 3758 ab
205 3696 279 3756 clim
302 3695 359 3755 Pa
347 3701 425 3755 rum
448 3695 590 3776 Decreta,
614 3695 722 3756 sedet
709 3695 783 3754 tiam
806 3710 893 3754 sacra
915 3691 1064 3774 approba·

141 3785 253 3841 verunt
274 3778 416 3859 concilia,
440 3797 480 3839 ex
500 3779 617 3841 frivolis
638 3776 865 3840 irrationalibus
886 3775 1079 3837 fundamen·
