2346 4208
185 949 254 1044 Ad
284 949 512 1043 Iohannem
540 882 711 1044 Eeoiun
728 948 910 1045 Martini
924 871 1107 1049 Lutieri
1158 1029 1161 1035 ,

151 1131 154 1137 ·
186 1062 385 1183 Epistola
408 1067 540 1182 super
568 1061 888 1184 expurgatione
908 1065 1106 1164 Eoeiana.

554 1268 738 1277 —-—-...-.

273 1399 541 1490 9155115555
565 1447 670 1488 mense
692 1428 820 1490 Octobri
847 1450 874 1491 a.
899 1434 978 1495 1519
1009 1431 1107 1493 litera·

184 1528 250 1574 rnm
271 1512 469 1573 Universitati
492 1510 730 1592 Ingolstadiensi
753 1512 889 1573 libellum
920 1517 1107 1594 composuit,

187 1597 273 1657 euius
303 1597 406 1655 titulus
429 1605 511 1654 erat:
547 1595 584 1654 D.
615 1595 692 1656 leh.
715 1594 824 1655 Eeeii
846 1596 1105 1677 Expurgatio,

185 1698 246 1760 quo
282 1678 429 1739 adversus
464 1679 644 1758 epistolam,
679 1697 739 1756 qua
768 1678 916 1739 Lutherus
946 1679 1107 1759 Spalatino

183 1762 467 1824 Resolntionee
499 1780 619 1837 super
642 1760 995 1841 Propositionibus
1026 1765 1107 1825 suis

183 1845 340 1927 Lipsiae
372 1844 590 1924 disputatis
615 1843 747 1923 tradidit,
769 1845 880 1905 acerbe
901 1845 1056 1906 invehitur
1078 1854 1108 1907 et

186 1948 262 2010 prae
295 1928 405 1989 ueteris
427 1928 603 2007 impugnat,
640 1946 719 2005 quae
740 1926 889 1988 Lutherus
921 1929 952 1988 in
980 1929 1035 1989 illa
1070 1929 1108 1990 de

185 2031 241 2072 sna
261 2010 346 2071 Eeeii
377 2011 530 2070 sententia
560 2028 651 2089 super
679 2010 838 2109 voluntate
869 2011 965 2071 iibere
997 2013 1108 2073 attulit.

185 2093 335 2155 Lutherus
358 2093 470 2152 ultimis
494 2093 607 2152 mensis
623 2091 766 2154 Oetobrrs
791 2094 928 2154 eiusdem
951 2096 1023 2155 anni
1047 2096 1107 2156 die·

113 2172 115 2175 ’
168 2177 241 2238 -bus
265 2178 346 2237 huno
368 2175 454 2235 Eoeii
475 2175 612 2235 libellum
635 2175 792 2256 redarguit
811 2178 841 2235 in
865 2178 1007 2257 epistola,
1029 2198 1109 2258 quae

187 2261 334 2339 inscripta
364 2266 424 2318 est:
459 2257 513 2318 Ad
535 2259 740 2318 Iohannem
765 2260 922 2320 Eeeium
946 2261 1106 2321 Martini

185 2343 349 2404 Lutheri
372 2341 560 2420 Epistola
588 2361 703 2421 super
732 2345 1018 2423 expurgatione
1041 2345 1109 2404 Ee·

186 2427 309 2486 oiana.
358 2424 507 2485 Lutherus
542 2426 623 2485 enim
656 2425 792 2485 calendis
826 2425 1052 2488 Novembribus
1080 2448 1107 2489 a.

189 2510 268 2574 1519
292 2508 451 2589 Spalatioo
475 2509 552 2568 haee
575 2508 694 2568 scribit:
727 2508 851 2585 „Edidit
872 2510 974 2569 furens
997 2510 1107 2571 Eeoiue

185 2593 438 2673 expurgationem
462 2591 608 2651 adversus
624 2592 786 2670 epistolam
811 2592 849 2651 ad
873 2601 903 2652 te
925 2593 1037 2672 datam,
1060 2594 1107 2654 eui

186 2676 247 2736 iam
269 2674 415 2755 respondi
450 2694 511 2734 uno
535 2675 731 2734 sexteroione
759 2676 818 2735 hae
840 2675 1034 2736 hebdomade
1057 2676 1102 2737 ab

185 2757 351 2836 solvendo,
392 2758 464 2817 dato
499 2759 559 2816 iam
599 2759 689 2837 typis.
739 2758 846 2819 Mirum
883 2778 973 2838 quam
1012 2759 1107 2821 homo

186 2843 297 2921 saevit,
319 2840 487 2901 mendaciis
500 2859 623 2919 quoque
644 2841 786 2902 refertus:
810 2849 883 2919 tum,
905 2844 936 2901 in
959 2861 1020 2921 quo
1034 2842 1107 2905 mihi

188 2926 345 3006 aptissime
374 2932 404 2984 et
431 2933 604 3003 opportune
631 2925 728 3001 venit,
762 2925 989 2985 simulationem
1020 2945 1106 2986 suam
1158 2945 1166 2956 ·

185 3011 295 3070 retexit
315 3009 502 3087 imprudens,
525 3026 585 3086 quo
609 3007 677 3066 solo
700 3009 840 3086 nomine,
864 3009 974 3068 ueteris
997 3011 1107 3088 tacitis,

186 3112 256 3153 eum
278 3089 485 3171 apprehendi,
508 3097 684 3166 eoaeturue,
714 3097 745 3150 ut
768 3093 865 3171 magis
889 3091 999 3171 prodat
1021 3111 1055 3153 se
1078 3099 1108 3152 et

184 3175 349 3255 Lipseuees
372 3193 453 3235 suos,
497 3173 614 3232 Mittam
639 3175 798 3253 exemplar
812 3174 1024 3254 propediem.“
1051 3176 1107 3248 (ef.

184 3259 271 3319 Luth.
292 3257 371 3338 npp.
395 3257 442 3317 ed.
456 3256 550 3317 Auris.
574 3256 586 3315 Ι
608 3275 637 3335 p.
652 3258 721 3319 216.
745 3256 783 3317 de
805 3257 910 3318 Wette
932 3258 945 3318 1
967 3278 997 3338 p.
1016 3256 1105 3342 353.)

186 3342 244 3402 Die
281 3343 411 3420 septimo
437 3360 473 3399 m,
497 3338 680 3400 Novembris
702 3360 730 3401 a.
755 3343 833 3405 1519
869 3341 947 3400 haee
975 3343 1109 3421 epistola

185 3426 245 3484 iam
269 3426 348 3505 typis
378 3431 443 3483 erat
467 3442 597 3500 excusa,
630 3443 700 3482 nam
731 3443 768 3484 eo
791 3425 859 3503 ipso
887 3423 937 3483 die
959 3424 1108 3486 Lutherus

184 3507 265 3567 hane
298 3506 514 3586 Epistulam
546 3504 705 3584 Spalatino
742 3508 823 3567 misit
855 3506 933 3566 haee
971 3507 1106 3568 addens:

187 3591 297 3669 „Mitto
321 3592 404 3650 Eoeii
436 3591 584 3649 insaniam
615 3608 683 3648 eum
712 3589 795 3650 brevi
818 3590 950 3669 epistola
973 3610 1043 3652 mea
1064 3611 1110 3652 re-

185 3675 365 3754 sponsoria,
398 3672 487 3753 pluro
509 3671 649 3752 daturus,
682 3692 749 3733 eum
782 3681 864 3735 totus
887 3674 1036 3754 prodierit
1056 3677 1109 3735 im·
