2346 4208
123 250 187 317 260
445 254 525 307 Bulla
543 255 640 307 Leoma
660 255 693 309 X.

124 438 284 498 amittendi
308 457 415 498 ornnes
437 438 610 498 unedones
633 444 664 498 et
681 437 860 518 dignitates,
882 434 978 497 libros
999 443 1045 494 a'u·

125 529 186 581 tem
209 519 331 581 Lutheri
355 527 461 581 censet
476 541 545 581 esse
564 521 686 600 publice
709 528 741 581 et
755 519 950 581 sollemniter
971 534 1046 578 com·

123 603 277 666 burendos
310 605 365 674 (cl.
388 604 538 666 Seckend.
561 604 674 664 Histor.
693 603 816 664 Luther.
841 604 873 682 1,
896 601 977 664 Scot.
1000 600 1049 662 29.

124 707 144 767 p
207 770 318 829 Eccius
350 769 431 829 hanc
464 768 584 828 Bullam
623 766 757 828 afferens
793 769 824 827 in
853 767 1047 828 Germaniam

125 861 257 912 exeunte
288 871 393 911 meuse
414 851 587 931 Septembri
609 853 681 910 anni
705 853 785 914 1520
807 851 951 931 pervenit
973 868 1050 909 eam-

124 954 184 1012 que
218 935 374 1014 publicare
404 935 507 994 statim
535 936 651 1013 incepit
684 932 740 1016 (cl.
763 932 850 993 Eccii
880 932 982 1012 Epist.
1014 931 1050 992 ad

123 1017 291 1079 Rectorem
325 1017 414 1077 Univ.
445 1016 659 1096 Wittembarg.
696 1019 725 1080 3.
755 1015 822 1077 Oct.
855 1017 994 1093 missam,
1024 1024 1052 1076 et

123 1100 255 1180 Philippi
292 1100 439 1179 Episcopi
480 1100 683 1179 Frisingeusis
721 1105 752 1158 et
784 1098 1051 1159 Administratoria

122 1182 365 1262 Numburgensis
378 1182 615 1262 publicationem
630 1181 746 1260 Bullae,
768 1181 895 1241 inferius
919 1200 960 1241 ex
983 1182 1050 1245 edit.

127 1265 196 1325 Jen.
219 1265 298 1345 Opp.
321 1266 407 1326 Luth.
437 1264 620 1347 repetitas);
652 1263 733 1342 quod
763 1269 865 1326 mmen
901 1283 965 1344 quo
989 1284 1050 1326 suc

125 1367 214 1408 cessu
228 1349 398 1428 perfecerit,
422 1367 547 1409 cernere
562 1349 635 1408 licet
656 1367 696 1407 ex
708 1345 923 1408 Seclrendorfii
935 1347 1048 1409 Histor.

126 1431 349 1491 Lutherauismi
372 1431 435 1492 Lib.
459 1432 472 1491 l
494 1431 575 1492 Sect.
598 1434 648 1496 30.
672 1436 699 1504 S·
722 1431 762 1494 75
787 1430 879 1508 (coll.
900 1429 1052 1508 Gieaeler,

124 1514 364 1594 Kirchengesch.
386 1514 420 1575 Τ.
443 1515 498 1592 111,
523 1520 536 1576 l
563 1535 592 1594 p.
616 1513 686 1587 84).
731 1513 851 1573 Ulricus
875 1512 915 1573 de
936 1513 1050 1575 Hutten

126 1616 220 1675 eques
253 1597 334 1657 hanc
364 1597 481 1657 Bullam
505 1598 616 1658 Leonis
650 1596 706 1656 sub
739 1593 830 1656 linem
861 1593 946 1656 illius
983 1598 1051 1658 anni

123 1681 205 1759 typis
229 1680 386 1761 evulgavit
406 1680 547 1760 prologo,
571 1681 652 1739 notis
671 1678 901 1758 marginalibus,
925 1679 1050 1760 epilogo

124 1762 246 1828 additis.
269 1764 349 1824 Libri
373 1764 460 1823 huius
482 1764 587 1823 titulus
610 1763 654 1822 sic
676 1766 742 1821 erat
758 1761 924 1841 inscriptus
948 1770 982 1825 et
1003 1764 1051 1825 ad·

124 1852 265 1906 ornatus:

531 1980 645 2040 Bulla

163 2062 313 2122 Decimi
337 2064 477 2124 Leonis
500 2070 639 2124 contra
661 2085 816 2127 errores
838 2065 1015 2128 Martini

342 2146 502 2206 Lutheri
524 2153 561 2206 et
584 2150 831 2228 sequacium.

205 2261 287 2322 Infra
308 2264 389 2323 hanc
410 2264 641 2343 inscriptionem
661 2265 768 2326 Bullae
790 2266 915 2346 insigne
940 2263 1053 2348 Papale

123 2345 206 2426 ligno
229 2348 359 2407 incisum
385 2349 519 2407 cernitur
541 2367 735 2428 expressum,
765 2350 845 2409 circa
869 2350 959 2429 quod
981 2350 1054 2413 haec

121 2428 215 2489 verba
238 2437 308 2490 sunt
330 2431 458 2510 scripta:

246 2512 350 2573 Astitit
372 2512 459 2573 Bulla
483 2533 502 2572 a
524 2513 638 2574 dextris
661 2516 736 2593 eius,
758 2517 788 2575 in
810 2516 929 2577 vestitu

268 2594 425 2671 deaurato,
449 2597 675 2658 circumamicta¹
696 2597 908 2678 varietatibus3

121 2686 152 2738 et
173 2679 251 2738 infra
269 2680 389 2759 insigne
410 2680 489 2739 haec
510 2679 668 2760 leguntur:

184 2760 263 2821 Vide
285 2761 398 2840 lector,
422 2765 688 2843 operaepretium
711 2770 766 2826 est.
810 2762 995 2829 Adlicieris.

288 2844 468 2926 Cognosces
493 2846 590 2926 qualis
613 2854 719 2927 pastor
747 2848 786 2906 sit
807 2847 882 2912 Led.

203 2926 272 3001 Quo
296 2928 368 2988 loco
390 2936 422 2989 et
443 2947 524 2990 auno
547 2929 598 2989 bic
619 2930 696 2992 liber
718 2931 888 3009 impressus
912 2934 975 3012 sit,
999 2951 1051 2994 nec

121 3011 151 3069 in
176 3009 253 3070 tituli
276 3012 392 3092 pagina
414 3030 473 3071 uec
493 3014 524 3072 in
547 3011 607 3072 line
630 3013 698 3073 libri
720 3012 882 3076 indicatur.

203 3092 235 3151 ln
261 3094 337 3153 tituli
359 3095 474 3174 pagina
495 3116 604 3156 aversa
616 3096 743 3156 Hutteni
754 3095 893 3157 redditur
919 3100 1053 3180 epistola

121 3173 160 3233 ad
183 3173 355 3237 Germanos
379 3197 486 3238 omnes
509 3178 597 3261 data,
633 3185 664 3239 et
686 3181 714 3239 in
738 3180 851 3258 pagina
875 3199 994 3244 aversa
1015 3183 1052 3243 ul-

121 3259 185 3316 timi
208 3257 272 3318 solii
307 3259 430 3339 legitur:
467 3261 683 3341 Dirumpamus
719 3262 841 3322 vincula
876 3282 992 3326 eorum
1026 3272 1053 3327 et

121 3341 319 3420 proiiciamus
341 3363 360 3402 a
383 3343 471 3404 uobis
494 3346 597 3424 iugum
621 3346 765 3424 ipsorum.

203 3423 267 3484 Nos
299 3425 388 3485 huius
411 3425 518 3486 Bullae
548 3434 664 3488 textum
694 3446 761 3488 cum
784 3427 899 3508 glossis
924 3426 1051 3493 Hutteni

120 3503 306 3567 reddidimus
334 3508 500 3569 secundum
523 3511 682 3591 exemplar
711 3510 854 3572 editionis
878 3514 1050 3595 originalis,

119 3587 202 3667 quod
211 3589 330 3650 Ulricus
342 3590 381 3651 de
391 3591 506 3653 Hutten
519 3594 586 3672 ipse
595 3593 816 3673 Christophoro
832 3592 872 3653 de
887 3593 1050 3659 Schcurlic

120 3672 1050 3757 misitsuamanuadscribens„DoctorChristoffSchewerl“‚

120 3759 151 3814 et
172 3755 356 3817 contulimus
379 3757 460 3818 hano
482 3758 649 3820 editionem
669 3779 738 3821 cum
761 3759 899 3822 editione
922 3764 1046 3826 ‚lenensi
