2346 4208
357 254 430 313 ¹111.
448 253 484 313 da
503 257 641 325 potestate
663 254 763 324 Papae.
948 247 1013 319 ‘299

110 443 153 513 uit
171 440 292 519 odiosa,
312 441 368 520 qui
390 458 512 519 sperem
525 458 634 501 omues
657 458 715 501 nos
737 437 861 500 tandem
883 446 1011 519 pacatos

110 526 239 608 irreguo
256 524 371 612 Olpristi
392 523 528 584 victuros
550 523 582 583 in
599 529 767 583 aeternum.
790 521 923 584 Causam
937 542 1011 584 vero

110 606 264 705 Scripturas
276 609 405 668 sanctae
427 607 453 666 si
466 607 667 678 concitatiore
679 604 747 666 zelo
766 625 869 686 egero,
889 607 1010 667 veniam

113 691 182 769 nsi,
204 709 315 771 spero,
347 691 460 751 iustam
482 707 544 749 non
567 690 689 770 negari,
724 689 806 767 quod
829 708 891 749 non
914 691 1013 770 possit

112 792 162 835 asse
182 794 236 855 par
256 773 348 835 ullius
366 772 464 834 laesio
489 789 544 832 seu
566 773 691 850 iniuria,
716 790 784 833 cum
806 773 917 834 iniuria
939 771 1012 833 divi·

114 876 156 923 sos
172 856 347 939 Scripturas
369 855 492 918 collata.
535 854 593 916 Hic
615 856 696 915 euim
727 856 791 917 vita
819 863 925 916 nostra
952 855 1011 915 lae·

114 938 174 1001 dur
199 944 341 1018 aeterua,
377 939 442 999 illic
477 937 630 1019 putridum
665 957 778 999 nomen
808 936 1013 1018 corruptibilis

113 1020 233 1089 turrinis.
276 1023 429 1083 Dominus
459 1031 562 1083 autem
586 1023 653 1102 ipse
674 1022 764 1082 lesus
787 1027 875 1101 regat
898 1029 929 1081 et
950 1040 1010 1081 ser-

113 1112 151 1167 rat
165 1126 220 1169 noa
242 1124 364 1184 omnes,
387 1105 602 1184 custodiatque
622 1104 717 1166 corda
739 1112 769 1165 et
791 1104 1012 1184 intelligentias

116 1194 223 1253 wsbss.
247 1189 359 1255 Amen.

363 1271 454 1350 Vale,
479 1271 597 1351 optime
619 1270 739 1331 Lector.

247 1432 250 1437 ·
315 1406 420 1469 illaria
463 1407 497 1468 in
537 1407 666 1469 excelsis
704 1405 780 1468 Deo.

339 1524 565 1605 Propositio
588 1523 763 1584 Eooiana.

160 1640 352 1705 summam
367 1641 531 1702 ecclesiam
547 1659 609 1700 non
631 1640 725 1700 fuisse
742 1642 930 1719 superiorem
946 1639 1013 1698 aliis

114 1724 230 1786 sscledis
243 1732 318 1786 ante
330 1731 473 1805 tempora
485 1723 635 1801 silvestri,
656 1742 814 1804 negamus.
858 1720 918 1783 Sed
933 1740 1013 1799 eum,

109 1806 150 1883 ,qs
168 1808 273 1869 aedem
294 1807 464 1869 beatissimi
479 1806 559 1868 Petri
570 1805 677 1868 babuit
690 1814 720 1866 et
732 1805 835 1884 fidem,
855 1822 1012 1865 successo·

113 1906 160 1949 reru
179 1891 258 1952 Petri
290 1898 322 1952 et
350 1891 497 1951 vicarium
532 1889 642 1952 Christi
680 1889 856 1972 generalem
894 1906 1016 1968 semper

113 1976 285 2053 tgnovimus.

351 2090 525 2170 Propositio
548 2090 743 2151 Lutberiana.

173 2174 346 2235 Romanam
377 2174 540 2234 ecclesiam
576 2174 643 2233 aliis
667 2173 806 2233 ecclesiis
839 2173 932 2232 fuisse
965 2192 1011 2231 su·

107 2257 256 2336 potiorem,
279 2257 428 2336 probatur
451 2276 490 2316 ex
513 2257 716 2338 frigidissimis
737 2257 875 2316 Decretis
901 2256 1011 2315 Roma-

108 2356 197 2401 norum
219 2338 415 2420 pontificum,
440 2347 547 2400 contra
569 2359 647 2420 quac
670 2347 740 2399 sunt
762 2346 863 2400 textus
888 2339 1012 2398 divinae

107 2418 264 2504 Scripturas
276 2423 422 2482 historiae
433 2424 623 2502 approbatae
636 2423 1012 2501 millecentumqueanno-

107 2523 166 2584 rum,
179 2514 210 2566 et
222 2505 379 2565 decretum
396 2505 519 2566 concilii
532 2506 639 2567 Niceni
655 2508 788 2565 omnium
805 2504 1012 2564 sacratissimi.

172 2590 304 2650 Primum
328 2587 430 2667 vides,
452 2590 565 2667 lector,
589 2590 627 2649 de
651 2610 682 2649 re
704 2590 772 2668 ipsa
794 2607 851 2647 nos
875 2607 936 2648 non
960 2585 1012 2646 ad-

106 2672 213 2732 modum
225 2672 398 2748 dissentire,
423 2672 478 2732 sed
495 2672 645 2732 decausis
670 2678 701 2731 et
714 2673 833 2750 origine
855 2672 907 2730 rei.
932 2669 1009 2729 Nam

106 2771 151 2817 nco
178 2775 239 2836 ego
276 2774 357 2835 nego
380 2755 554 2815 Romanum
588 2754 766 2834 pontificem
787 2774 872 2831 esse,
904 2754 1008 2832 fuisse,

105 2834 157 2899 lore
176 2840 324 2919 primum,
346 2857 404 2898 nec
426 2837 465 2898 de
487 2839 547 2899 hoc
568 2837 706 2917 disputa,
730 2857 788 2897 nec
809 2837 870 2896 hoc
892 2837 1009 2915 quaeri·

107 2924 153 2981 tur:
175 2922 282 2982 aedan
297 2920 495 3000 probationes
519 2922 651 2996 valeant,
674 2922 783 3000 quibus
807 2921 836 2979 id
850 2921 1007 2980 asseritur.

106 2999 162 3063 tihi
182 3024 274 3078 sane,
299 3003 382 3082 quod
403 3005 513 3080 fatcor,
537 3006 673 3081 maxime
698 3005 834 3064 omnium
857 3003 1008 3080 displicet,

107 3087 174 3161 quod
192 3088 225 3147 in
249 3086 382 3146 ecclesia
404 3086 518 3166 aliquid
538 3095 687 3147 assertum
710 3087 810 3148 studio
824 3086 1009 3146 adulationis

108 3167 145 3227 rel
163 3169 331 3230 mendaciis
353 3170 513 3249 probatur,
549 3171 657 3249 quibus
682 3171 844 3231 ecclesiam
867 3168 1010 3229 attidem

109 3259 228 3313 ruebam
251 3253 434 3314 adversariis
457 3252 587 3313 ludibrio
611 3274 812 3334 exponamus.
856 3253 925 3313 Non
942 3258 1012 3331 eget

111 3334 224 3396 molesia
236 3335 349 3396 Christi
362 3336 475 3395 nostris
499 3335 681 3413 mendaciis,
705 3357 796 3416 super
807 3336 879 3398 fidei
895 3342 1012 3415 petram

112 3416 257 3494 stabilitur,
292 3439 353 3478 non
394 3418 538 3478 abhorret
567 3419 676 3480 discuti
713 3428 743 3479 et
773 3421 893 3498 inquiri.
937 3417 1011 3479 Inde

114 3494 205 3587 lactum
240 3508 302 3576 est,
337 3508 370 3560 ut
391 3503 601 3562 Romanorum
634 3502 811 3582 pontificum
835 3502 1012 3562 adulatores

117 3596 138 3671 ¹1}
154 3582 208 3643 hoc
229 3585 361 3664 primatu
374 3586 436 3643 ium
452 3583 502 3643 diu
517 3587 723 3664 suspicionem
738 3586 907 3665 tyrannidis
931 3585 1013 3664 passi

118 3667 175 3757 mut,
204 3667 274 3727 dum
305 3667 389 3728 velut
418 3667 517 3727 malae
548 3667 618 3728 fidei
642 3688 838 3749 possessores
861 3688 923 3728 non
947 3687 1013 3747 per·

120 3757 242 3811 urserunt
256 3751 348 3813 huius
370 3752 414 3811 rei
428 3752 589 3812 veritatem
612 3752 707 3814 libere
729 3752 881 3831 inquirere
903 3752 934 3813 et
955 3750 1012 3814 dis-
