2346 4208
120 261 184 329 222
307 280 311 296 ·
480 264 578 320 Sermo
598 265 708 318 Lutberi

122 473 174 514 sus
198 451 443 532 desperandum,
482 459 513 512 et
545 452 630 513 nullo
664 451 757 512 modo
790 450 887 514 libe'ro
915 452 1032 520 arbitrio

122 534 339 597 confidendum
363 542 419 613 est,
442 536 534 595 etiam
556 535 595 594 ad
611 537 767 595 minimum
790 553 868 615 opus
883 536 952 597 Deo
972 556 1033 617 gra·

121 627 183 679 tum
208 618 411 681 efficiendum.

204 702 357 777 Quocirca
382 701 462 762 bene
493 701 699 780 Hieronymus
737 721 829 782 super
856 701 919 762 hoe
948 704 1034 763 evan-

121 785 204 866 gelio
227 785 309 864 dioit,
332 785 450 845 seilicet
472 784 641 845 notandum
665 804 743 863 esse,
765 784 925 863 quomodo
959 785 1034 846 (thri-

122 876 186 929 stus
209 869 377 948 discipulos
407 886 479 928 suos
510 869 696 947 interroget,
734 866 804 946 quid
826 868 971 929 homines
1000 868 1035 929 de

121 971 155 1012 se
177 952 356 1031 loquantur,
389 956 515 1031 postea,
539 950 610 1028 quid
632 952 691 1030 ipsi
714 951 752 1010 de
776 970 809 1011 se
831 951 1034 1030 loquerentur,

44 1062 49 1079 ·
121 1036 209 1113 quasi
236 1036 295 1114 ipsi
325 1034 465 1094 homines
495 1052 557 1095 non
586 1041 699 1094 essent.
743 1033 901 1114 Siquidem
936 1054 1034 1098 verum

122 1124 189 1196 est,
212 1119 368 1179 homiuem
391 1118 490 1196 gratia
511 1116 647 1176 adiutum
676 1118 745 1197 plus
768 1116 914 1196 quiddam
938 1124 971 1178 et
989 1137 1034 1177 au·

25 1214 28 1221 '
122 1203 240 1280 gnatius
263 1220 348 1277 esse,
381 1220 473 1279 quam
501 1200 655 1258 hominem
708 1208 801 1279 atque
830 1200 910 1261 adeo
943 1202 1059 1281 gratia.

121 1284 178 1343 Dei
200 1285 210 1343 i
233 1304 298 1343 sum
327 1284 507 1344 deiformem
544 1281 645 1343 reddit
692 1284 812 1362 tquasi
835 1282 976 1364 deffleat,
1007 1288 1036 1343 ut

121 1373 153 1426 et
174 1303 330 1446 Sobptura
351 1368 456 1447 ipsum*
473 1366 582 1443 Deum,
605 1373 636 1448 et
656 1367 714 1426 Dei
736 1365 830 1426 filium
854 1374 959 1427 voeet.
1027 1404 1031 1411 ·

138 1487 154 1507 ,·
202 1449 249 1510 Ite
271 1450 426 1510 hominem
442 1468 544 1528 ,supra
566 1468 690 1509 earnem
712 1456 743 1509 et
765 1448 1035 1530 sanguinembxui

122 1536 254 1612 oportet,
277 1540 308 1592 et
329 1533 396 1612 plus
419 1551 510 1612 quam
527 1532 683 1592 hominem
705 1531 789 1609 fieri,
822 1534 848 1592 si
870 1533 969 1593 iustus
991 1551 1035 1593 eo
1063 1578 1067 1583 -

120 1634 186 1675 ram
208 1616 275 1675 Deo
298 1635 367 1676 esse
390 1618 502 1695 oupiat.
545 1615 614 1675 Hoe
637 1623 698 1675 turn
722 1615 764 1694 fit,
788 1635 856 1684 eum
880 1617 1036 1697 eognoseit

120 1697 215 1759 homo
236 1699 297 1759 hoo
319 1700 376 1759 eibi
398 1698 607 1779 impossibile,
646 1704 677 1758 et
698 1698 818 1759 deiecto
841 1700 947 1767 animo
974 1718 1034 1781 gre

122 1782 194 1841 tiam
218 1782 275 1842 Dei
297 1784 432 1861 quaerit,
465 1800 503 1841 ao
530 1783 562 1840 in
593 1783 716 1861 seipso
738 1783 861 1861 penitus
886 1781 1035 1863 desperat,

12 1932 15 1939 ,
121 1871 231 1944 postea
264 1865 387 1925 demum
420 1866 503 1925 bona
535 1883 630 1944 opera
659 1872 835 1955 gequuntur.
880 1856 957 1926 Cum
980 1867 1035 1926 iam

121 1949 165 2007 ita
187 1948 315 2008 obtenta
336 1956 384 2008 est
405 1948 513 2028 gratia,
536 1957 599 2006 tum
622 1967 694 2007 vere
710 1947 836 2008 liberam
850 1948 1036 2010 voluntatem

121 2029 236 2110 habes,
262 2039 323 2092 tum
347 2031 430 2110 quod
453 2033 482 2090 in
506 2038 536 2091 te
549 2039 606 2091 est
626 2031 731 2092 faeito.
769 2032 848 2091 Fieri
870 2033 988 2111 nequit,
1008 2037 1037 2092 ut

121 2113 204 2175 Deus
227 2115 320 2174 alieni
340 2116 468 2194 gratiam
492 2135 577 2174 suam
601 2123 712 2194 neget,
735 2116 787 2193 qui
809 2114 849 2174 ad
871 2115 955 2174 hune
976 2134 1035 2176 mo

122 2197 195 2257 dum
217 2217 256 2257 ex
278 2203 344 2257 toto
368 2197 461 2258 eorde
481 2196 724 2259 imbecillitatem
748 2207 778 2258 et
799 2217 886 2257 suam
908 2198 1036 2279 indigni·

121 2286 216 2342 tatem
238 2282 395 2362 agnoseit,
430 2289 460 2342 et
488 2280 528 2340 de
556 2299 589 2340 se
610 2300 734 2360 prorsus
757 2282 911 2360 desperat.
956 2281 1037 2343 Haeo

16 2412 20 2420 .
123 2364 240 2443 optima
262 2372 292 2424 et
315 2366 456 2443 proxima
478 2373 525 2424 est
546 2364 584 2423 ad
607 2365 736 2444 gratiam
758 2366 972 2444 praeparatio,
1006 2369 1038 2425 ut

123 2447 194 2507 diva
217 2447 311 2527 Virgo
333 2449 364 2507 in
386 2467 442 2508 suo
464 2448 579 2527 hymno
604 2446 696 2506 dooet
716 2466 753 2507 ao
776 2446 868 2506 dioit:
898 2447 1036 2508 Esurien-

120 2535 169 2590 tes
191 2530 280 2591 bonis
302 2531 418 2610 implet,
442 2537 474 2590 et
496 2531 605 2591 divites
626 2532 734 2590 inanes
757 2529 891 2593 dimittit.

205 2613 290 2675 Haeo
322 2613 529 2694 praedieanda
564 2623 683 2691 essent,
714 2620 745 2673 et
776 2613 919 2673 homines
956 2614 1037 2694 prim

122 2697 255 2759 exuendi
277 2718 332 2758 sua
354 2699 478 2777 propria
498 2699 715 2776 persuasione,
751 2704 782 2756 et
812 2697 889 2756 falsa
917 2695 1038 2774 fidueio,

122 2784 194 2860 post
225 2801 298 2843 vero
335 2782 425 2841 bonis
455 2779 598 2862 operibus
634 2779 791 2858 implendi.
841 2779 959 2840 Contra
994 2780 1037 2840 illi

121 2866 210 2944 plura
231 2864 271 2924 de
292 2864 380 2925 bonis
400 2863 543 2943 operibus
566 2862 695 2922 subinde
717 2862 888 2939 ineuleant,
912 2873 944 2923 et
965 2865 1041 2923 mire

121 2967 222 3028 pauoa
253 2947 292 3007 de
319 2949 406 3007 initio
430 2946 562 3006 faciendi
583 2945 667 3006 bona
688 2965 801 3025 opera,
831 2947 861 3005 in
885 2963 949 3024 quo
972 2946 1039 3026 pluo

123 3032 212 3091 situm
235 3041 296 3102 est,
321 3051 411 3109 quam
433 3032 463 3088 in
488 3030 576 3089 bonis
600 3029 754 3109 operibus
797 3028 857 3090 Ubi
871 3029 962 3089 euim
984 3030 1038 3091 ini·

122 3116 165 3174 tia
194 3134 256 3174 non
285 3114 365 3174 bene
385 3114 515 3192 habeut,
548 3132 617 3172 raro
651 3115 751 3172 exitus
784 3112 858 3173 felix
889 3114 1037 3192 sequitur,

123 3198 174 3258 ubi
196 3205 298 3258 autem
320 3199 420 3278 gratia
441 3198 497 3257 Dei
521 3195 648 3256 obtenta
670 3207 732 3273 est,
766 3195 888 3256 abunde
909 3214 1038 3276 operum

122 3291 275 3342 senetur.
1010 3298 1015 3305 ·

158 3301 176 3360 q
204 3364 386 3424 Huiusmodi
417 3363 591 3442 desperatio
620 3362 666 3420 sui
688 3366 720 3421 et
741 3363 858 3441 gratiae
880 3360 1039 3440 inquisitio

123 3468 186 3508 uon
208 3449 316 3509 horam
351 3453 403 3506 aut
424 3447 612 3525 aliquantum
636 3447 781 3523 temporis
803 3444 913 3505 durare
937 3444 1039 3521 debet,

122 3538 194 3613 post
216 3531 371 3607 desinere,
406 3549 510 3589 verum
540 3529 644 3589 omnia
666 3546 761 3606 opera
782 3534 902 3604 nostra,
936 3528 1040 3605 verbm

122 3615 336 3695 eogitationee,
360 3613 462 3692 quoad
482 3613 532 3671 hio
547 3612 686 3689 vivimus,
711 3630 772 3670 non
796 3611 885 3671 aliter
898 3612 1044 3672 ordinem

122 3699 193 3775 sint,
213 3716 305 3777 quam
327 3716 382 3774 eo,
405 3704 438 3756 ut
460 3713 615 3774 nunquam
638 3713 701 3754 non
723 3694 813 3754 nobis
836 3695 911 3773 ipsis
932 3695 1039 3775 despo-

122 3780 251 3843 rabundi
273 3782 386 3859 aimus,
420 3787 452 3841 et
478 3780 509 3839 in
530 3778 589 3839 Dei
617 3779 737 3858 gratiae
758 3775 913 3839 desiderio
936 3778 1038 3841 atriti
