<?xml version="1.0" encoding="UTF-8"?>
<!DOCTYPE html PUBLIC "-//W3C//DTD XHTML 1.0 Transitional//EN"
    "http://www.w3.org/TR/xhtml1/DTD/xhtml1-transitional.dtd">
<html xmlns="http://www.w3.org/1999/xhtml" xml:lang="en" lang="en">
 <head>
  <title>
</title>
<meta http-equiv="Content-Type" content="text/html;charset=utf-8" />
  <meta name='ocr-system' content='tesseract 3.04.00' />
  <meta name='ocr-capabilities' content='ocr_page ocr_carea ocr_par ocr_line ocrx_word'/>
</head>
<body>
  <div class='ocr_page' id='page_1' title='image "./dmartinilutheri04luthgoog_0533.png"; bbox 0 0 2346 4208; ppageno 0'>
   <div class='ocr_carea' id='block_1_1' title="bbox 195 269 878 341">
    <p class='ocr_par' dir='ltr' id='par_1_1' title="bbox 195 269 878 341">
     <span class='ocr_line' id='line_1_1' title="bbox 195 269 878 341; baseline -0.003 -16"><span class='ocrx_word' id='word_1_1' title='bbox 195 270 237 335; x_wconf 76' lang='grc'>14</span> <span class='ocrx_word' id='word_1_2' title='bbox 410 269 455 324; x_wconf 82' lang='lat' dir='ltr'>Ad</span> <span class='ocrx_word' id='word_1_3' title='bbox 475 273 674 341; x_wconf 79' lang='lat' dir='ltr'>Aegocerctem</span> <span class='ocrx_word' id='word_1_4' title='bbox 693 271 878 324; x_wconf 85' lang='lat' dir='ltr'>Emserannm</span> 
     </span>
    </p>
   </div>
   <div class='ocr_carea' id='block_1_2' title="bbox 129 454 1115 3785">
    <p class='ocr_par' dir='ltr' id='par_1_2' title="bbox 195 454 1115 782">
     <span class='ocr_line' id='line_1_2' title="bbox 198 454 1114 538; baseline 0.004 -26"><span class='ocrx_word' id='word_1_5' title='bbox 198 455 379 532; x_wconf 87' lang='lat' dir='ltr'>praesertim</span> <span class='ocrx_word' id='word_1_6' title='bbox 416 462 477 517; x_wconf 89' lang='lat' dir='ltr'>tam</span> <span class='ocrx_word' id='word_1_7' title='bbox 501 456 600 516; x_wconf 87' lang='lat' dir='ltr'>subito</span> <span class='ocrx_word' id='word_1_8' title='bbox 634 464 665 517; x_wconf 89' lang='lat' dir='ltr'>et</span> <span class='ocrx_word' id='word_1_9' title='bbox 696 464 767 538; x_wconf 90' lang='lat' dir='ltr'>post</span> <span class='ocrx_word' id='word_1_10' title='bbox 799 464 913 517; x_wconf 80' lang='lat' dir='ltr'><strong>tantam</strong></span> <span class='ocrx_word' id='word_1_11' title='bbox 946 456 996 515; x_wconf 88' lang='lat' dir='ltr'>vel</span> <span class='ocrx_word' id='word_1_12' title='bbox 1017 454 1114 516; x_wconf 81' lang='lat' dir='ltr'>Timo·</span> 
     </span>
     <span class='ocr_line' id='line_1_3' title="bbox 195 537 1115 620; baseline 0.003 -25"><span class='ocrx_word' id='word_1_13' title='bbox 195 537 288 596; x_wconf 89' lang='lat' dir='ltr'>niana</span> <span class='ocrx_word' id='word_1_14' title='bbox 328 539 474 600; x_wconf 87' lang='lat' dir='ltr'>maiorem</span> <span class='ocrx_word' id='word_1_15' title='bbox 514 540 677 618; x_wconf 82' lang='lat' dir='ltr'>invidiam,</span> <span class='ocrx_word' id='word_1_16' title='bbox 722 541 854 601; x_wconf 87' lang='lat' dir='ltr'>Luthero</span> <span class='ocrx_word' id='word_1_17' title='bbox 894 541 1018 620; x_wconf 89' lang='lat' dir='ltr'>penitus</span> <span class='ocrx_word' id='word_1_18' title='bbox 1054 557 1115 598; x_wconf 90' lang='lat' dir='ltr'>non</span> 
     </span>
     <span class='ocr_line' id='line_1_4' title="bbox 196 621 1115 704; baseline 0.002 -25"><span class='ocrx_word' id='word_1_19' title='bbox 196 621 369 700; x_wconf 77' lang='lat' dir='ltr'>cogitante,</span> <span class='ocrx_word' id='word_1_20' title='bbox 405 623 487 683; x_wconf 89' lang='lat' dir='ltr'>etin</span> <span class='ocrx_word' id='word_1_21' title='bbox 511 622 575 682; x_wconf 89' lang='lat' dir='ltr'>dies</span> <span class='ocrx_word' id='word_1_22' title='bbox 597 623 727 684; x_wconf 83' lang='lat' dir='ltr'>Emsero</span> <span class='ocrx_word' id='word_1_23' title='bbox 752 625 850 704; x_wconf 87' lang='lat' dir='ltr'>magis</span> <span class='ocrx_word' id='word_1_24' title='bbox 878 641 916 683; x_wconf 91' lang='lat' dir='ltr'>ac</span> <span class='ocrx_word' id='word_1_25' title='bbox 938 624 1036 703; x_wconf 87' lang='lat' dir='ltr'>magis</span> <span class='ocrx_word' id='word_1_26' title='bbox 1059 621 1115 683; x_wconf 88' lang='lat' dir='ltr'>dis·</span> 
     </span>
     <span class='ocr_line' id='line_1_5' title="bbox 195 702 337 782; baseline 0.028 -21"><span class='ocrx_word' id='word_1_27' title='bbox 195 702 337 782; x_wconf 83' lang='lat' dir='ltr'>plicante.</span> 
     </span>
    </p>

    <p class='ocr_par' dir='ltr' id='par_1_3' title="bbox 129 787 1115 1449">
     <span class='ocr_line' id='line_1_6' title="bbox 279 787 1115 868; baseline 0.002 -23"><span class='ocrx_word' id='word_1_28' title='bbox 279 787 409 847; x_wconf 79' lang='lat' dir='ltr'>Securus</span> <span class='ocrx_word' id='word_1_29' title='bbox 433 796 510 867; x_wconf 85' lang='lat' dir='ltr'>esto,</span> <span class='ocrx_word' id='word_1_30' title='bbox 533 808 551 848; x_wconf 91' lang='lat' dir='ltr'>o</span> <span class='ocrx_word' id='word_1_31' title='bbox 574 789 647 848; x_wconf 84' lang='lat' dir='ltr'>lelix</span> <span class='ocrx_word' id='word_1_32' title='bbox 669 789 816 865; x_wconf 81' lang='lat' dir='ltr'>Daedale,</span> <span class='ocrx_word' id='word_1_33' title='bbox 840 788 988 849; x_wconf 87' lang='lat' dir='ltr'>Lutherus</span> <span class='ocrx_word' id='word_1_34' title='bbox 1011 806 1115 868; x_wconf 86' lang='lat' dir='ltr'>grave-</span> 
     </span>
     <span class='ocr_line' id='line_1_7' title="bbox 195 869 1115 952; baseline 0.001 -24"><span class='ocrx_word' id='word_1_35' title='bbox 195 869 267 929; x_wconf 89' lang='lat' dir='ltr'>dine</span> <span class='ocrx_word' id='word_1_36' title='bbox 290 877 321 929; x_wconf 88' lang='lat' dir='ltr'>et</span> <span class='ocrx_word' id='word_1_37' title='bbox 342 873 451 949; x_wconf 80' lang='lat' dir='ltr'>pituita</span> <span class='ocrx_word' id='word_1_38' title='bbox 472 874 654 952; x_wconf 88' lang='lat' dir='ltr'>gravissima</span> <span class='ocrx_word' id='word_1_39' title='bbox 678 871 837 951; x_wconf 83' lang='lat' dir='ltr'>laborans,</span> <span class='ocrx_word' id='word_1_40' title='bbox 866 873 946 932; x_wconf 90' lang='lat' dir='ltr'>hano</span> <span class='ocrx_word' id='word_1_41' title='bbox 974 871 1115 930; x_wconf 82' lang='lat' dir='ltr'>technam</span> 
     </span>
     <span class='ocr_line' id='line_1_8' title="bbox 195 953 1114 1036; baseline 0 -24"><span class='ocrx_word' id='word_1_42' title='bbox 195 972 258 1013; x_wconf 93' lang='lat' dir='ltr'>non</span> <span class='ocrx_word' id='word_1_43' title='bbox 280 953 432 1034; x_wconf 81' lang='lat' dir='ltr'>intelligit,</span> <span class='ocrx_word' id='word_1_44' title='bbox 455 957 586 1036; x_wconf 83' lang='lat' dir='ltr'>simplex</span> <span class='ocrx_word' id='word_1_45' title='bbox 609 956 866 1035; x_wconf 90' lang='lat' dir='ltr'>simplicissimum</span> <span class='ocrx_word' id='word_1_46' title='bbox 885 956 1027 1034; x_wconf 90' lang='lat' dir='ltr'>agnoscit</span> <span class='ocrx_word' id='word_1_47' title='bbox 1048 953 1114 1012; x_wconf 83' lang='lat' dir='ltr'>Em-</span> 
     </span>
     <span class='ocr_line' id='line_1_9' title="bbox 129 1035 1114 1117; baseline 0 -22"><span class='ocrx_word' id='word_1_48' title='bbox 129 1056 137 1062; x_wconf 52' lang='lat'>*</span> <span class='ocrx_word' id='word_1_49' title='bbox 195 1055 311 1113; x_wconf 74' lang='lat' dir='ltr'>serum,</span> <span class='ocrx_word' id='word_1_50' title='bbox 351 1045 384 1097; x_wconf 87' lang='lat' dir='ltr'>ut</span> <span class='ocrx_word' id='word_1_51' title='bbox 417 1057 507 1117; x_wconf 86' lang='lat' dir='ltr'>quem</span> <span class='ocrx_word' id='word_1_52' title='bbox 530 1041 649 1098; x_wconf 88' lang='lat' dir='ltr'>sincere</span> <span class='ocrx_word' id='word_1_53' title='bbox 679 1040 776 1099; x_wconf 85' lang='lat' dir='ltr'>credit</span> <span class='ocrx_word' id='word_1_54' title='bbox 812 1040 841 1098; x_wconf 91' lang='lat' dir='ltr'>in</span> <span class='ocrx_word' id='word_1_55' title='bbox 871 1039 931 1098; x_wconf 94' lang='lat' dir='ltr'>hoc</span> <span class='ocrx_word' id='word_1_56' title='bbox 953 1035 1114 1116; x_wconf 89' lang='lat' dir='ltr'>epistolam</span> 
     </span>
     <span class='ocr_line' id='line_1_10' title="bbox 194 1119 1115 1199; baseline 0 -21"><span class='ocrx_word' id='word_1_57' title='bbox 194 1119 371 1198; x_wconf 76' lang='lat' dir='ltr'>scripsisse,</span> <span class='ocrx_word' id='word_1_58' title='bbox 406 1140 467 1199; x_wconf 91' lang='lat' dir='ltr'>quo</span> <span class='ocrx_word' id='word_1_59' title='bbox 497 1122 642 1181; x_wconf 88' lang='lat' dir='ltr'>Martinus</span> <span class='ocrx_word' id='word_1_60' title='bbox 679 1130 761 1182; x_wconf 89' lang='lat' dir='ltr'>esset</span> <span class='ocrx_word' id='word_1_61' title='bbox 791 1122 932 1181; x_wconf 91' lang='lat' dir='ltr'>omnibus</span> <span class='ocrx_word' id='word_1_62' title='bbox 963 1119 1115 1180; x_wconf 88' lang='lat' dir='ltr'>catholico</span> 
     </span>
     <span class='ocr_line' id='line_1_11' title="bbox 194 1203 1115 1282; baseline 0.001 -21"><span class='ocrx_word' id='word_1_63' title='bbox 194 1203 320 1262; x_wconf 88' lang='lat' dir='ltr'>nomine</span> <span class='ocrx_word' id='word_1_64' title='bbox 343 1205 593 1282; x_wconf 84' lang='lat' dir='ltr'>commendatus,</span> <span class='ocrx_word' id='word_1_65' title='bbox 633 1206 692 1264; x_wconf 90' lang='lat' dir='ltr'>hoc</span> <span class='ocrx_word' id='word_1_66' title='bbox 715 1213 776 1282; x_wconf 76' lang='lat' dir='ltr'>cst⁷</span> <span class='ocrx_word' id='word_1_67' title='bbox 813 1205 1038 1264; x_wconf 88' lang='lat' dir='ltr'>baereticorum</span> <span class='ocrx_word' id='word_1_68' title='bbox 1066 1222 1115 1282; x_wconf 81' lang='lat' dir='ltr'>pa·</span> 
     </span>
     <span class='ocr_line' id='line_1_12' title="bbox 194 1286 1114 1368; baseline 0 -24"><span class='ocrx_word' id='word_1_69' title='bbox 194 1294 317 1363; x_wconf 87' lang='lat' dir='ltr'>tronus,</span> <span class='ocrx_word' id='word_1_70' title='bbox 346 1295 377 1346; x_wconf 90' lang='lat' dir='ltr'>et</span> <span class='ocrx_word' id='word_1_71' title='bbox 405 1289 578 1367; x_wconf 86' lang='lat' dir='ltr'>turpissima</span> <span class='ocrx_word' id='word_1_72' title='bbox 609 1289 734 1368; x_wconf 87' lang='lat' dir='ltr'>ignavia</span> <span class='ocrx_word' id='word_1_73' title='bbox 756 1289 878 1368; x_wconf 87' lang='lat' dir='ltr'>Lipsiae</span> <span class='ocrx_word' id='word_1_74' title='bbox 907 1305 963 1366; x_wconf 90' lang='lat' dir='ltr'>per</span> <span class='ocrx_word' id='word_1_75' title='bbox 988 1286 1114 1348; x_wconf 82' lang='lat' dir='ltr'>Eccium</span> 
     </span>
     <span class='ocr_line' id='line_1_13' title="bbox 192 1372 363 1449; baseline 0.018 -22"><span class='ocrx_word' id='word_1_76' title='bbox 192 1372 363 1449; x_wconf 85' lang='lat' dir='ltr'>superatus.</span> 
     </span>
    </p>

    <p class='ocr_par' dir='ltr' id='par_1_4' title="bbox 129 1451 1114 2279">
     <span class='ocr_line' id='line_1_14' title="bbox 277 1451 1112 1534; baseline -0.001 -23"><span class='ocrx_word' id='word_1_77' title='bbox 277 1451 356 1525; x_wconf 75' lang='lat' dir='ltr'>Quid</span> <span class='ocrx_word' id='word_1_78' title='bbox 386 1472 440 1534; x_wconf 93' lang='lat' dir='ltr'>pro</span> <span class='ocrx_word' id='word_1_79' title='bbox 471 1454 529 1512; x_wconf 88' lang='lat' dir='ltr'>hac</span> <span class='ocrx_word' id='word_1_80' title='bbox 557 1455 657 1534; x_wconf 88' lang='lat' dir='ltr'>gratia</span> <span class='ocrx_word' id='word_1_81' title='bbox 685 1453 874 1513; x_wconf 86' lang='lat' dir='ltr'>retribuam?</span> <span class='ocrx_word' id='word_1_82' title='bbox 911 1452 1036 1511; x_wconf 81' lang='lat' dir='ltr'>interim</span> <span class='ocrx_word' id='word_1_83' title='bbox 1059 1470 1112 1532; x_wconf 94' lang='lat' dir='ltr'>pro</span> 
     </span>
     <span class='ocr_line' id='line_1_15' title="bbox 193 1535 1113 1617; baseline -0.001 -24"><span class='ocrx_word' id='word_1_84' title='bbox 193 1535 377 1614; x_wconf 84' lang='lat' dir='ltr'>gratitudine</span> <span class='ocrx_word' id='word_1_85' title='bbox 400 1535 452 1596; x_wconf 90' lang='lat' dir='ltr'>tibi</span> <span class='ocrx_word' id='word_1_86' title='bbox 471 1554 618 1617; x_wconf 90' lang='lat' dir='ltr'>comparo</span> <span class='ocrx_word' id='word_1_87' title='bbox 636 1536 780 1596; x_wconf 89' lang='lat' dir='ltr'>Iacobum</span> <span class='ocrx_word' id='word_1_88' title='bbox 796 1537 880 1596; x_wconf 89' lang='lat' dir='ltr'>illurn</span> <span class='ocrx_word' id='word_1_89' title='bbox 900 1535 1113 1610; x_wconf 79' lang='lat' dir='ltr'>fortissimum,</span> 
     </span>
     <span class='ocr_line' id='line_1_16' title="bbox 194 1617 1114 1700; baseline 0.001 -24"><span class='ocrx_word' id='word_1_90' title='bbox 194 1624 226 1677; x_wconf 89' lang='lat' dir='ltr'>et</span> <span class='ocrx_word' id='word_1_91' title='bbox 256 1619 493 1680; x_wconf 89' lang='lat' dir='ltr'>illustrissimum</span> <span class='ocrx_word' id='word_1_92' title='bbox 524 1621 693 1700; x_wconf 89' lang='lat' dir='ltr'>principem</span> <span class='ocrx_word' id='word_1_93' title='bbox 715 1620 841 1680; x_wconf 88' lang='lat' dir='ltr'>militiae</span> <span class='ocrx_word' id='word_1_94' title='bbox 862 1617 980 1695; x_wconf 79' lang='lat' dir='ltr'>David,</span> <span class='ocrx_word' id='word_1_95' title='bbox 1014 1624 1046 1677; x_wconf 89' lang='lat' dir='ltr'>et</span> <span class='ocrx_word' id='word_1_96' title='bbox 1072 1619 1114 1677; x_wconf 93' lang='lat' dir='ltr'>in·</span> 
     </span>
     <span class='ocr_line' id='line_1_17' title="bbox 129 1701 1113 1783; baseline -0.002 -21"><span class='ocrx_word' id='word_1_97' title='bbox 129 1752 135 1762; x_wconf 88' lang='lat'>.</span> <span class='ocrx_word' id='word_1_98' title='bbox 193 1702 313 1781; x_wconf 83' lang='lat' dir='ltr'>signem</span> <span class='ocrx_word' id='word_1_99' title='bbox 353 1703 474 1763; x_wconf 82' lang='lat' dir='ltr'>Israelis</span> <span class='ocrx_word' id='word_1_100' title='bbox 521 1704 771 1783; x_wconf 80' lang='lat' dir='ltr'>hyperaspisten,</span> <span class='ocrx_word' id='word_1_101' title='bbox 823 1702 901 1763; x_wconf 89' lang='lat' dir='ltr'>adeo</span> <span class='ocrx_word' id='word_1_102' title='bbox 942 1708 1013 1760; x_wconf 90' lang='lat' dir='ltr'>tuae</span> <span class='ocrx_word' id='word_1_103' title='bbox 1060 1701 1113 1760; x_wconf 93' lang='lat' dir='ltr'>lin·</span> 
     </span>
     <span class='ocr_line' id='line_1_18' title="bbox 194 1783 1113 1866; baseline -0.001 -23"><span class='ocrx_word' id='word_1_104' title='bbox 194 1804 275 1865; x_wconf 89' lang='lat' dir='ltr'>guae</span> <span class='ocrx_word' id='word_1_105' title='bbox 308 1787 457 1847; x_wconf 87' lang='lat' dir='ltr'>convenit</span> <span class='ocrx_word' id='word_1_106' title='bbox 479 1805 547 1846; x_wconf 89' lang='lat' dir='ltr'>curn</span> <span class='ocrx_word' id='word_1_107' title='bbox 570 1786 651 1845; x_wconf 92' lang='lat' dir='ltr'>illius</span> <span class='ocrx_word' id='word_1_108' title='bbox 674 1786 794 1866; x_wconf 84' lang='lat' dir='ltr'>gladio,</span> <span class='ocrx_word' id='word_1_109' title='bbox 829 1795 861 1846; x_wconf 91' lang='lat' dir='ltr'>et</span> <span class='ocrx_word' id='word_1_110' title='bbox 890 1783 1024 1845; x_wconf 90' lang='lat' dir='ltr'>moribus</span> <span class='ocrx_word' id='word_1_111' title='bbox 1055 1784 1113 1844; x_wconf 90' lang='lat' dir='ltr'>tuis</span> 
     </span>
     <span class='ocr_line' id='line_1_19' title="bbox 193 1867 1112 1948; baseline 0 -22"><span class='ocrx_word' id='word_1_112' title='bbox 193 1886 261 1927; x_wconf 94' lang='lat' dir='ltr'>cum</span> <span class='ocrx_word' id='word_1_113' title='bbox 291 1869 371 1929; x_wconf 90' lang='lat' dir='ltr'>illius</span> <span class='ocrx_word' id='word_1_114' title='bbox 400 1871 518 1948; x_wconf 74' lang='lat' dir='ltr'>tunica,</span> <span class='ocrx_word' id='word_1_115' title='bbox 556 1876 588 1930; x_wconf 87' lang='lat' dir='ltr'>et</span> <span class='ocrx_word' id='word_1_116' title='bbox 608 1869 679 1929; x_wconf 89' lang='lat' dir='ltr'>huic</span> <span class='ocrx_word' id='word_1_117' title='bbox 706 1872 737 1929; x_wconf 93' lang='lat' dir='ltr'>in</span> <span class='ocrx_word' id='word_1_118' title='bbox 759 1889 808 1929; x_wconf 89' lang='lat' dir='ltr'>me</span> <span class='ocrx_word' id='word_1_119' title='bbox 833 1878 885 1929; x_wconf 91' lang='lat' dir='ltr'>tuo</span> <span class='ocrx_word' id='word_1_120' title='bbox 908 1867 1112 1947; x_wconf 87' lang='lat' dir='ltr'>pulcherrimo</span> 
     </span>
     <span class='ocr_line' id='line_1_20' title="bbox 193 1950 1114 2033; baseline -0.001 -23"><span class='ocrx_word' id='word_1_121' title='bbox 193 1950 295 2011; x_wconf 85' lang='lat' dir='ltr'>officio</span> <span class='ocrx_word' id='word_1_122' title='bbox 319 1970 387 2011; x_wconf 92' lang='lat' dir='ltr'>cum</span> <span class='ocrx_word' id='word_1_123' title='bbox 415 1952 497 2011; x_wconf 91' lang='lat' dir='ltr'>illius</span> <span class='ocrx_word' id='word_1_124' title='bbox 521 1971 629 2033; x_wconf 74' lang='lat' dir='ltr'>opere,</span> <span class='ocrx_word' id='word_1_125' title='bbox 666 1952 749 2032; x_wconf 88' lang='lat' dir='ltr'>quod</span> <span class='ocrx_word' id='word_1_126' title='bbox 784 1955 816 2012; x_wconf 92' lang='lat' dir='ltr'>in</span> <span class='ocrx_word' id='word_1_127' title='bbox 839 1951 944 2012; x_wconf 87' lang='lat' dir='ltr'>Abner</span> <span class='ocrx_word' id='word_1_128' title='bbox 971 1957 1003 2010; x_wconf 89' lang='lat' dir='ltr'>et</span> <span class='ocrx_word' id='word_1_129' title='bbox 1025 1954 1114 2014; x_wconf 87' lang='lat' dir='ltr'>Ama-</span> 
     </span>
     <span class='ocr_line' id='line_1_21' title="bbox 147 2034 1113 2115; baseline -0.001 -22"><span class='ocrx_word' id='word_1_130' title='bbox 147 2102 150 2108; x_wconf 33' lang='lat'><em>,</em></span> <span class='ocrx_word' id='word_1_131' title='bbox 193 2053 269 2113; x_wconf 85' lang='lat' dir='ltr'>sam,</span> <span class='ocrx_word' id='word_1_132' title='bbox 292 2034 400 2114; x_wconf 90' lang='lat' dir='ltr'>grandi</span> <span class='ocrx_word' id='word_1_133' title='bbox 423 2035 546 2114; x_wconf 86' lang='lat' dir='ltr'>decore,</span> <span class='ocrx_word' id='word_1_134' title='bbox 568 2035 729 2115; x_wconf 88' lang='lat' dir='ltr'>splendide</span> <span class='ocrx_word' id='word_1_135' title='bbox 752 2036 896 2112; x_wconf 83' lang='lat' dir='ltr'>contulit,</span> <span class='ocrx_word' id='word_1_136' title='bbox 929 2052 1113 2113; x_wconf 88' lang='lat' dir='ltr'>quamquam</span> 
     </span>
     <span class='ocr_line' id='line_1_22' title="bbox 193 2116 1110 2199; baseline 0.001 -23"><span class='ocrx_word' id='word_1_137' title='bbox 193 2117 390 2177; x_wconf 79' lang='lat' dir='ltr'>dormitantis</span> <span class='ocrx_word' id='word_1_138' title='bbox 421 2116 556 2197; x_wconf 82' lang='lat' dir='ltr'>quadarn</span> <span class='ocrx_word' id='word_1_139' title='bbox 581 2121 753 2199; x_wconf 77' lang='lat' dir='ltr'>scriptoris,</span> <span class='ocrx_word' id='word_1_140' title='bbox 793 2119 832 2180; x_wconf 93' lang='lat' dir='ltr'>ob</span> <span class='ocrx_word' id='word_1_141' title='bbox 867 2118 927 2177; x_wconf 88' lang='lat' dir='ltr'>hoc</span> <span class='ocrx_word' id='word_1_142' title='bbox 955 2118 1110 2198; x_wconf 89' lang='lat' dir='ltr'>egregium</span> 
     </span>
     <span class='ocr_line' id='line_1_23' title="bbox 192 2201 983 2279; baseline -0.001 -20"><span class='ocrx_word' id='word_1_143' title='bbox 192 2201 320 2279; x_wconf 85' lang='lat' dir='ltr'>facinus,</span> <span class='ocrx_word' id='word_1_144' title='bbox 343 2202 422 2261; x_wconf 91' lang='lat' dir='ltr'>inter</span> <span class='ocrx_word' id='word_1_145' title='bbox 443 2202 586 2262; x_wconf 90' lang='lat' dir='ltr'>robustos</span> <span class='ocrx_word' id='word_1_146' title='bbox 609 2202 703 2262; x_wconf 87' lang='lat' dir='ltr'>lsrael</span> <span class='ocrx_word' id='word_1_147' title='bbox 726 2221 788 2262; x_wconf 90' lang='lat' dir='ltr'>non</span> <span class='ocrx_word' id='word_1_148' title='bbox 812 2209 983 2262; x_wconf 87' lang='lat' dir='ltr'>censeatur.</span> 
     </span>
    </p>

    <p class='ocr_par' dir='ltr' id='par_1_5' title="bbox 190 2284 1112 3282">
     <span class='ocr_line' id='line_1_24' title="bbox 274 2284 1111 2364; baseline 0.001 -23"><span class='ocrx_word' id='word_1_149' title='bbox 274 2285 336 2342; x_wconf 89' lang='lat' dir='ltr'>Aut</span> <span class='ocrx_word' id='word_1_150' title='bbox 358 2285 384 2342; x_wconf 90' lang='lat' dir='ltr'>si</span> <span class='ocrx_word' id='word_1_151' title='bbox 405 2285 493 2343; x_wconf 89' lang='lat' dir='ltr'>huius</span> <span class='ocrx_word' id='word_1_152' title='bbox 506 2288 695 2364; x_wconf 89' lang='lat' dir='ltr'>comparatio</span> <span class='ocrx_word' id='word_1_153' title='bbox 717 2286 891 2345; x_wconf 88' lang='lat' dir='ltr'>remotioris</span> <span class='ocrx_word' id='word_1_154' title='bbox 908 2291 955 2344; x_wconf 85' lang='lat' dir='ltr'>cst</span> <span class='ocrx_word' id='word_1_155' title='bbox 968 2284 1111 2363; x_wconf 86' lang='lat' dir='ltr'>exempli,</span> 
     </span>
     <span class='ocr_line' id='line_1_25' title="bbox 191 2367 1111 2447; baseline 0 -23"><span class='ocrx_word' id='word_1_156' title='bbox 191 2386 283 2446; x_wconf 88' lang='lat' dir='ltr'>quarn</span> <span class='ocrx_word' id='word_1_157' title='bbox 319 2375 351 2426; x_wconf 92' lang='lat' dir='ltr'>ut</span> <span class='ocrx_word' id='word_1_158' title='bbox 383 2367 536 2429; x_wconf 86' lang='lat' dir='ltr'>delectare</span> <span class='ocrx_word' id='word_1_159' title='bbox 564 2378 593 2428; x_wconf 88' lang='lat' dir='ltr'>te</span> <span class='ocrx_word' id='word_1_160' title='bbox 625 2370 739 2447; x_wconf 85' lang='lat' dir='ltr'>possit,</span> <span class='ocrx_word' id='word_1_161' title='bbox 779 2371 828 2447; x_wconf 92' lang='lat' dir='ltr'>qui</span> <span class='ocrx_word' id='word_1_162' title='bbox 863 2387 926 2428; x_wconf 92' lang='lat' dir='ltr'>non</span> <span class='ocrx_word' id='word_1_163' title='bbox 958 2386 1111 2426; x_wconf 90' lang='lat' dir='ltr'>sacrarum</span> 
     </span>
     <span class='ocr_line' id='line_1_26' title="bbox 190 2450 1111 2528; baseline -0.001 -19"><span class='ocrx_word' id='word_1_164' title='bbox 190 2450 363 2528; x_wconf 83' lang='lat' dir='ltr'>literarum,</span> <span class='ocrx_word' id='word_1_165' title='bbox 398 2451 452 2511; x_wconf 91' lang='lat' dir='ltr'>sed</span> <span class='ocrx_word' id='word_1_166' title='bbox 484 2472 640 2512; x_wconf 88' lang='lat' dir='ltr'>sacrorum</span> <span class='ocrx_word' id='word_1_167' title='bbox 675 2471 826 2511; x_wconf 89' lang='lat' dir='ltr'>canonum</span> <span class='ocrx_word' id='word_1_168' title='bbox 856 2471 888 2511; x_wconf 89' lang='lat' dir='ltr'>es</span> <span class='ocrx_word' id='word_1_169' title='bbox 917 2451 1111 2527; x_wconf 83' lang='lat' dir='ltr'>Licentiatus‚</span> 
     </span>
     <span class='ocr_line' id='line_1_27' title="bbox 190 2534 1111 2615; baseline -0.001 -23"><span class='ocrx_word' id='word_1_170' title='bbox 190 2534 271 2593; x_wconf 90' lang='lat' dir='ltr'>illius</span> <span class='ocrx_word' id='word_1_171' title='bbox 294 2534 419 2614; x_wconf 78' lang='lat' dir='ltr'>saltem,</span> <span class='ocrx_word' id='word_1_172' title='bbox 455 2553 545 2613; x_wconf 90' lang='lat' dir='ltr'>quem</span> <span class='ocrx_word' id='word_1_173' title='bbox 575 2536 752 2596; x_wconf 89' lang='lat' dir='ltr'>universum</span> <span class='ocrx_word' id='word_1_174' title='bbox 780 2535 889 2615; x_wconf 90' lang='lat' dir='ltr'>vulgus</span> <span class='ocrx_word' id='word_1_175' title='bbox 913 2535 1014 2610; x_wconf 78' lang='lat' dir='ltr'>novit,</span> <span class='ocrx_word' id='word_1_176' title='bbox 1050 2552 1111 2592; x_wconf 90' lang='lat' dir='ltr'>non</span> 
     </span>
     <span class='ocr_line' id='line_1_28' title="bbox 191 2616 1109 2699; baseline 0 -24"><span class='ocrx_word' id='word_1_177' title='bbox 191 2616 405 2697; x_wconf 82' lang='lat' dir='ltr'>dedignaberis</span> <span class='ocrx_word' id='word_1_178' title='bbox 428 2620 621 2699; x_wconf 78' lang='lat' dir='ltr'>analogiam,</span> <span class='ocrx_word' id='word_1_179' title='bbox 656 2638 745 2697; x_wconf 86' lang='lat' dir='ltr'>quern</span> <span class='ocrx_word' id='word_1_180' title='bbox 775 2639 836 2679; x_wconf 92' lang='lat' dir='ltr'>non</span> <span class='ocrx_word' id='word_1_181' title='bbox 870 2618 960 2696; x_wconf 90' lang='lat' dir='ltr'>pauci</span> <span class='ocrx_word' id='word_1_182' title='bbox 982 2617 1109 2696; x_wconf 89' lang='lat' dir='ltr'>primum</span> 
     </span>
     <span class='ocr_line' id='line_1_29' title="bbox 190 2701 1110 2781; baseline -0.001 -22"><span class='ocrx_word' id='word_1_183' title='bbox 190 2701 269 2760; x_wconf 88' lang='lat' dir='ltr'>inter</span> <span class='ocrx_word' id='word_1_184' title='bbox 290 2702 450 2781; x_wconf 89' lang='lat' dir='ltr'>apostolos</span> <span class='ocrx_word' id='word_1_185' title='bbox 475 2702 568 2761; x_wconf 87' lang='lat' dir='ltr'>fuisse</span> <span class='ocrx_word' id='word_1_186' title='bbox 590 2701 789 2780; x_wconf 86' lang='lat' dir='ltr'>arbitrantur,</span> <span class='ocrx_word' id='word_1_187' title='bbox 824 2702 910 2761; x_wconf 89' lang='lat' dir='ltr'>salva</span> <span class='ocrx_word' id='word_1_188' title='bbox 938 2706 1041 2760; x_wconf 90' lang='lat' dir='ltr'>tamen</span> <span class='ocrx_word' id='word_1_189' title='bbox 1067 2720 1110 2759; x_wconf 87' lang='lat' dir='ltr'>re-</span> 
     </span>
     <span class='ocr_line' id='line_1_30' title="bbox 191 2783 1111 2865; baseline -0.002 -22"><span class='ocrx_word' id='word_1_190' title='bbox 191 2785 328 2845; x_wconf 89' lang='lat' dir='ltr'>verentia</span> <span class='ocrx_word' id='word_1_191' title='bbox 351 2785 557 2865; x_wconf 84' lang='lat' dir='ltr'>Aegocsrotis</span> <span class='ocrx_word' id='word_1_192' title='bbox 580 2786 639 2862; x_wconf 82' lang='lat' dir='ltr'>tui,</span> <span class='ocrx_word' id='word_1_193' title='bbox 668 2805 723 2864; x_wconf 90' lang='lat' dir='ltr'>pro</span> <span class='ocrx_word' id='word_1_194' title='bbox 747 2786 840 2845; x_wconf 82' lang='lat' dir='ltr'>Eccio</span> <span class='ocrx_word' id='word_1_195' title='bbox 863 2784 1030 2850; x_wconf 87' lang='lat' dir='ltr'>fortissimo</span> <span class='ocrx_word' id='word_1_196' title='bbox 1054 2783 1111 2844; x_wconf 84' lang='lat' dir='ltr'>lor·</span> 
     </span>
     <span class='ocr_line' id='line_1_31' title="bbox 190 2868 1108 2948; baseline -0.002 -21"><span class='ocrx_word' id='word_1_197' title='bbox 190 2868 307 2928; x_wconf 90' lang='lat' dir='ltr'>tissime</span> <span class='ocrx_word' id='word_1_198' title='bbox 328 2870 508 2948; x_wconf 82' lang='lat' dir='ltr'>pugnantis,</span> <span class='ocrx_word' id='word_1_199' title='bbox 532 2875 563 2929; x_wconf 90' lang='lat' dir='ltr'>et</span> <span class='ocrx_word' id='word_1_200' title='bbox 583 2868 613 2928; x_wconf 94' lang='lat' dir='ltr'>id</span> <span class='ocrx_word' id='word_1_201' title='bbox 636 2870 666 2928; x_wconf 92' lang='lat' dir='ltr'>in</span> <span class='ocrx_word' id='word_1_202' title='bbox 691 2869 820 2948; x_wconf 87' lang='lat' dir='ltr'>gloriam</span> <span class='ocrx_word' id='word_1_203' title='bbox 844 2876 944 2945; x_wconf 87' lang='lat' dir='ltr'>tuam,</span> <span class='ocrx_word' id='word_1_204' title='bbox 967 2868 1017 2945; x_wconf 92' lang='lat' dir='ltr'>qui</span> <span class='ocrx_word' id='word_1_205' title='bbox 1041 2885 1108 2926; x_wconf 91' lang='lat' dir='ltr'>curn</span> 
     </span>
     <span class='ocr_line' id='line_1_32' title="bbox 191 2950 1110 3032; baseline -0.002 -22"><span class='ocrx_word' id='word_1_206' title='bbox 191 2952 404 3031; x_wconf 89' lang='lat' dir='ltr'>apostolorum</span> <span class='ocrx_word' id='word_1_207' title='bbox 426 2953 565 3032; x_wconf 90' lang='lat' dir='ltr'>principe</span> <span class='ocrx_word' id='word_1_208' title='bbox 588 2971 682 3032; x_wconf 87' lang='lat' dir='ltr'>queas</span> <span class='ocrx_word' id='word_1_209' title='bbox 706 2952 852 3029; x_wconf 81' lang='lat' dir='ltr'>conferri,</span> <span class='ocrx_word' id='word_1_210' title='bbox 887 2957 920 3010; x_wconf 92' lang='lat' dir='ltr'>ut</span> <span class='ocrx_word' id='word_1_211' title='bbox 950 2951 1029 3009; x_wconf 91' lang='lat' dir='ltr'>sicut</span> <span class='ocrx_word' id='word_1_212' title='bbox 1058 2950 1110 3009; x_wconf 87' lang='lat' dir='ltr'>ille</span> 
     </span>
     <span class='ocr_line' id='line_1_33' title="bbox 190 3033 1108 3115; baseline -0.002 -21"><span class='ocrx_word' id='word_1_213' title='bbox 190 3034 343 3094; x_wconf 80' lang='lat' dir='ltr'>Christum</span> <span class='ocrx_word' id='word_1_214' title='bbox 366 3036 454 3115; x_wconf 90' lang='lat' dir='ltr'>signo</span> <span class='ocrx_word' id='word_1_215' title='bbox 478 3037 562 3115; x_wconf 90' lang='lat' dir='ltr'>pacis</span> <span class='ocrx_word' id='word_1_216' title='bbox 586 3034 709 3096; x_wconf 89' lang='lat' dir='ltr'>tradidit</span> <span class='ocrx_word' id='word_1_217' title='bbox 729 3034 867 3112; x_wconf 78' lang='lat' dir='ltr'>ludaeis,</span> <span class='ocrx_word' id='word_1_218' title='bbox 889 3035 933 3093; x_wconf 88' lang='lat' dir='ltr'>ita</span> <span class='ocrx_word' id='word_1_219' title='bbox 955 3041 986 3092; x_wconf 93' lang='lat' dir='ltr'>tu</span> <span class='ocrx_word' id='word_1_220' title='bbox 1008 3033 1108 3093; x_wconf 85' lang='lat' dir='ltr'>Marti-</span> 
     </span>
     <span class='ocr_line' id='line_1_34' title="bbox 191 3118 1112 3198; baseline -0.002 -20"><span class='ocrx_word' id='word_1_221' title='bbox 191 3138 262 3178; x_wconf 91' lang='lat' dir='ltr'>num</span> <span class='ocrx_word' id='word_1_222' title='bbox 301 3118 356 3178; x_wconf 91' lang='lat' dir='ltr'>sub</span> <span class='ocrx_word' id='word_1_223' title='bbox 391 3119 479 3198; x_wconf 88' lang='lat' dir='ltr'>signo</span> <span class='ocrx_word' id='word_1_224' title='bbox 510 3119 607 3179; x_wconf 89' lang='lat' dir='ltr'>laudis</span> <span class='ocrx_word' id='word_1_225' title='bbox 636 3118 700 3179; x_wconf 93' lang='lat' dir='ltr'>orbi</span> <span class='ocrx_word' id='word_1_226' title='bbox 730 3119 832 3178; x_wconf 90' lang='lat' dir='ltr'>tradas</span> <span class='ocrx_word' id='word_1_227' title='bbox 862 3118 1049 3177; x_wconf 86' lang='lat' dir='ltr'>haereticum</span> <span class='ocrx_word' id='word_1_228' title='bbox 1081 3122 1112 3176; x_wconf 89' lang='lat' dir='ltr'>et</span> 
     </span>
     <span class='ocr_line' id='line_1_35' title="bbox 190 3202 511 3282; baseline 0.003 -20"><span class='ocrx_word' id='word_1_229' title='bbox 190 3203 364 3282; x_wconf 88' lang='lat' dir='ltr'>turpissime</span> <span class='ocrx_word' id='word_1_230' title='bbox 386 3202 511 3263; x_wconf 89' lang='lat' dir='ltr'>victum.</span> 
     </span>
    </p>

    <p class='ocr_par' dir='ltr' id='par_1_6' title="bbox 189 3284 1111 3785">
     <span class='ocr_line' id='line_1_36' title="bbox 274 3284 1111 3363; baseline -0.004 -17"><span class='ocrx_word' id='word_1_231' title='bbox 274 3286 413 3347; x_wconf 79' lang='lat' dir='ltr'>Sentitne</span> <span class='ocrx_word' id='word_1_232' title='bbox 433 3286 540 3346; x_wconf 85' lang='lat' dir='ltr'>infelix</span> <span class='ocrx_word' id='word_1_233' title='bbox 563 3294 615 3346; x_wconf 89' lang='lat' dir='ltr'>tua</span> <span class='ocrx_word' id='word_1_234' title='bbox 637 3285 842 3362; x_wconf 80' lang='lat' dir='ltr'>conscientia,</span> <span class='ocrx_word' id='word_1_235' title='bbox 876 3303 967 3363; x_wconf 90' lang='lat' dir='ltr'>quarn</span> <span class='ocrx_word' id='word_1_236' title='bbox 1001 3284 1111 3344; x_wconf 83' lang='lat' dir='ltr'>frustra</span> 
     </span>
     <span class='ocr_line' id='line_1_37' title="bbox 190 3366 1110 3450; baseline -0.005 -19"><span class='ocrx_word' id='word_1_237' title='bbox 190 3390 297 3450; x_wconf 91' lang='lat' dir='ltr'>parum</span> <span class='ocrx_word' id='word_1_238' title='bbox 320 3376 422 3430; x_wconf 89' lang='lat' dir='ltr'>astuta</span> <span class='ocrx_word' id='word_1_239' title='bbox 442 3370 559 3430; x_wconf 90' lang='lat' dir='ltr'>invidia</span> <span class='ocrx_word' id='word_1_240' title='bbox 584 3376 635 3428; x_wconf 90' lang='lat' dir='ltr'>tua</span> <span class='ocrx_word' id='word_1_241' title='bbox 658 3388 706 3428; x_wconf 91' lang='lat' dir='ltr'>me</span> <span class='ocrx_word' id='word_1_242' title='bbox 729 3367 834 3448; x_wconf 79' lang='lat' dir='ltr'>petat?</span> <span class='ocrx_word' id='word_1_243' title='bbox 867 3366 946 3440; x_wconf 75' lang='lat' dir='ltr'>Quid</span> <span class='ocrx_word' id='word_1_244' title='bbox 968 3369 1028 3427; x_wconf 85' lang='lat' dir='ltr'>hac</span> <span class='ocrx_word' id='word_1_245' title='bbox 1049 3368 1110 3448; x_wconf 88' lang='lat' dir='ltr'>epi-</span> 
     </span>
     <span class='ocr_line' id='line_1_38' title="bbox 191 3450 1109 3532; baseline -0.005 -18"><span class='ocrx_word' id='word_1_246' title='bbox 191 3455 271 3516; x_wconf 85' lang='lat' dir='ltr'>stola</span> <span class='ocrx_word' id='word_1_247' title='bbox 290 3453 435 3532; x_wconf 83' lang='lat' dir='ltr'>effecisti,</span> <span class='ocrx_word' id='word_1_248' title='bbox 468 3455 525 3513; x_wconf 91' lang='lat' dir='ltr'>nisi</span> <span class='ocrx_word' id='word_1_249' title='bbox 549 3451 631 3532; x_wconf 91' lang='lat' dir='ltr'>qnod</span> <span class='ocrx_word' id='word_1_250' title='bbox 660 3450 827 3512; x_wconf 88' lang='lat' dir='ltr'>effeminati</span> <span class='ocrx_word' id='word_1_251' title='bbox 850 3451 892 3510; x_wconf 90' lang='lat' dir='ltr'>tui</span> <span class='ocrx_word' id='word_1_252' title='bbox 915 3451 1009 3510; x_wconf 91' lang='lat' dir='ltr'>animi</span> <span class='ocrx_word' id='word_1_253' title='bbox 1034 3470 1109 3510; x_wconf 90' lang='lat' dir='ltr'>mor·</span> 
     </span>
     <span class='ocr_line' id='line_1_39' title="bbox 189 3535 1110 3618; baseline -0.007 -18"><span class='ocrx_word' id='word_1_254' title='bbox 189 3538 261 3600; x_wconf 92' lang='lat' dir='ltr'>bum</span> <span class='ocrx_word' id='word_1_255' title='bbox 285 3538 425 3600; x_wconf 89' lang='lat' dir='ltr'>omnibus</span> <span class='ocrx_word' id='word_1_256' title='bbox 447 3537 573 3618; x_wconf 87' lang='lat' dir='ltr'>prodis?</span> <span class='ocrx_word' id='word_1_257' title='bbox 596 3537 646 3615; x_wconf 92' lang='lat' dir='ltr'>qui</span> <span class='ocrx_word' id='word_1_258' title='bbox 669 3554 737 3594; x_wconf 89' lang='lat' dir='ltr'>cum</span> <span class='ocrx_word' id='word_1_259' title='bbox 761 3535 800 3595; x_wconf 93' lang='lat' dir='ltr'>de</span> <span class='ocrx_word' id='word_1_260' title='bbox 822 3554 871 3593; x_wconf 90' lang='lat' dir='ltr'>me</span> <span class='ocrx_word' id='word_1_261' title='bbox 884 3535 1021 3613; x_wconf 88' lang='lat' dir='ltr'>pessima</span> <span class='ocrx_word' id='word_1_262' title='bbox 1043 3553 1110 3594; x_wconf 89' lang='lat' dir='ltr'>sen·</span> 
     </span>
     <span class='ocr_line' id='line_1_40' title="bbox 189 3617 1109 3697; baseline -0.007 -16"><span class='ocrx_word' id='word_1_263' title='bbox 189 3623 246 3683; x_wconf 89' lang='lat' dir='ltr'>tias</span> <span class='ocrx_word' id='word_1_264' title='bbox 271 3630 302 3683; x_wconf 90' lang='lat' dir='ltr'>et</span> <span class='ocrx_word' id='word_1_265' title='bbox 324 3621 520 3696; x_wconf 82' lang='lat' dir='ltr'>machineris,</span> <span class='ocrx_word' id='word_1_266' title='bbox 554 3639 617 3681; x_wconf 91' lang='lat' dir='ltr'>non</span> <span class='ocrx_word' id='word_1_267' title='bbox 645 3626 748 3679; x_wconf 86' lang='lat' dir='ltr'>tamen</span> <span class='ocrx_word' id='word_1_268' title='bbox 771 3624 819 3678; x_wconf 89' lang='lat' dir='ltr'>est</span> <span class='ocrx_word' id='word_1_269' title='bbox 845 3619 876 3676; x_wconf 93' lang='lat' dir='ltr'>in</span> <span class='ocrx_word' id='word_1_270' title='bbox 900 3623 930 3677; x_wconf 88' lang='lat' dir='ltr'>ts</span> <span class='ocrx_word' id='word_1_271' title='bbox 953 3617 1109 3697; x_wconf 89' lang='lat' dir='ltr'>sanguinis</span> 
     </span>
     <span class='ocr_line' id='line_1_41' title="bbox 189 3699 1109 3785; baseline -0.01 -18"><span class='ocrx_word' id='word_1_272' title='bbox 189 3726 270 3767; x_wconf 87' lang='lat' dir='ltr'>vena</span> <span class='ocrx_word' id='word_1_273' title='bbox 293 3707 356 3767; x_wconf 87' lang='lat' dir='ltr'>ulla</span> <span class='ocrx_word' id='word_1_274' title='bbox 377 3707 511 3785; x_wconf 79' lang='lat' dir='ltr'>paterni,</span> <span class='ocrx_word' id='word_1_275' title='bbox 546 3722 605 3763; x_wconf 89' lang='lat' dir='ltr'>nec</span> <span class='ocrx_word' id='word_1_276' title='bbox 632 3709 749 3762; x_wconf 86' lang='lat' dir='ltr'>tantum</span> <span class='ocrx_word' id='word_1_277' title='bbox 771 3700 922 3760; x_wconf 90' lang='lat' dir='ltr'>virilitatis</span> <span class='ocrx_word' id='word_1_278' title='bbox 946 3708 977 3761; x_wconf 87' lang='lat' dir='ltr'>et</span> <span class='ocrx_word' id='word_1_279' title='bbox 997 3699 1109 3760; x_wconf 91' lang='lat' dir='ltr'>indolis</span> 
     </span>
    </p>
   </div>
   <div class='ocr_carea' id='block_1_3' title="bbox 99 3785 1108 3870">
    <p class='ocr_par' dir='ltr' id='par_1_7' title="bbox 99 3785 1108 3870">
     <span class='ocr_line' id='line_1_42' title="bbox 99 3785 1108 3870; baseline -0.01 -18"><span class='ocrx_word' id='word_1_280' title='bbox 99 3855 102 3864; x_wconf 71' lang='grc'>,</span> <span class='ocrx_word' id='word_1_281' title='bbox 191 3791 357 3868; x_wconf 71' lang='lat' dir='ltr'>masculae,</span> <span class='ocrx_word' id='word_1_282' title='bbox 380 3795 532 3870; x_wconf 88' lang='lat' dir='ltr'>utaperto</span> <span class='ocrx_word' id='word_1_283' title='bbox 546 3787 644 3847; x_wconf 88' lang='lat' dir='ltr'>Marte</span> <span class='ocrx_word' id='word_1_284' title='bbox 671 3785 855 3864; x_wconf 88' lang='lat' dir='ltr'>collatisque</span> <span class='ocrx_word' id='word_1_285' title='bbox 876 3785 972 3865; x_wconf 90' lang='lat' dir='ltr'>signis</span> <span class='ocrx_word' id='word_1_286' title='bbox 989 3803 1108 3845; x_wconf 88' lang='lat' dir='ltr'>meeum</span> 
     </span>
    </p>
   </div>
   <div class='ocr_carea' id='block_1_4' title="bbox 0 0 1178 4208">
    <p class='ocr_par' dir='ltr' id='par_1_8' title="bbox 0 0 1178 4208">
     <span class='ocr_line' id='line_1_43' title="bbox 0 0 1178 4208; baseline 0 1"><span class='ocrx_word' id='word_1_287' title='bbox 0 0 1178 4208; x_wconf 95' lang='lat' dir='ltr'> </span> 
     </span>
    </p>
   </div>
  </div>
 </body>
</html>
