2346 4208
339 263 409 317 Xlll.
429 263 463 317 de
482 270 619 332 potestate
637 265 737 332 Papae.
943 263 1004 329 341

430 350 451 401 8

84 450 171 523 stum,
193 445 249 525 qni
270 463 340 507 cum
360 448 465 509 ovium
485 467 609 509 suarum
632 467 736 509 curam
753 448 844 511 Petro
868 452 1006 511 commit·

84 533 175 605 bret,
197 527 412 593 conditionem
434 533 597 612 apposuit,
620 531 740 592 dicens:
764 531 796 593 Si
820 531 922 613 diligis
945 553 1003 613 me,

84 629 175 691 peace
197 630 276 674 oves
306 632 392 689 meas
425 621 484 675 cta.
526 613 618 676 Adeo
648 615 779 696 perculsi
808 624 878 676 sunt
899 614 1004 697 Papae

84 700 112 755 rt
129 692 298 757 Romanae
319 696 423 758 coriae
444 717 590 777 proceres
624 699 714 759 unius
741 697 830 759 huius
864 699 1003 781 episcopi

84 778 196 839 interro
241 778 345 858 tione,
367 787 415 861 ut,
444 779 516 861 quid
538 780 778 863 responderent,
800 801 864 843 non
885 782 1005 844 inveni·

84 866 165 939 rent,
214 880 298 923 once
318 861 448 942 Spiritus
470 864 595 925 Domini
626 883 681 925 ecs
704 865 764 924 huc
791 871 921 943 rotaret,
952 864 1001 927 ubi

84 940 226 1007 amnibus
259 944 477 1023 ostenderent,
510 947 541 1007 in
569 946 640 1027 lege
662 947 786 1011 Domini
816 946 1002 1009 necrolun-

84 1032 186 1107 mm,
209 1046 270 1089 nec
291 1026 522 1091 meditationem
544 1031 589 1090 eis
611 1029 714 1093 fuisse.
759 1031 858 1111 Agam
881 1031 1001 1092 interim

84 1114 185 1189 partes
207 1110 445 1193 archiepiscopi.

118 1190 154 1255 si
162 1194 342 1275 exemplum
354 1193 466 1259 Christi
477 1195 589 1277 placet,
612 1195 736 1255 etvalet
747 1196 828 1276 apud
852 1204 891 1274 te,
915 1197 1001 1258 oPa-

84 1274 205 1355 rohalis,
227 1295 284 1338 cur
297 1297 360 1340 non
376 1279 525 1341 imitaris?
547 1278 654 1339 Sinon
667 1278 779 1359 placet,
799 1298 853 1340 cur
864 1279 1001 1359 adducis,

84 1366 175 1421 rnrtn
184 1376 312 1441 quoque
323 1380 385 1422 non
398 1370 562 1425 contentus
574 1380 733 1441 quaerere,
746 1381 785 1422 an
799 1362 908 1444 diligat
919 1363 1002 1424 Chri·

84 1446 178 1523 m,
201 1443 270 1505 aine
289 1444 463 1507 iuramento
484 1444 650 1507 committis
672 1463 748 1505 oves
771 1444 903 1506 Christi?
925 1446 1001 1509 Oum

84 1524 205 1607 placent
223 1527 411 1608 exemplum,
432 1547 486 1589 cur
507 1547 570 1589 non
584 1526 699 1588 sufficit
720 1535 752 1588 et
773 1528 930 1591 conditio?
953 1530 1001 1589 An

84 1608 191 1671 molior
221 1614 255 1671 et
288 1610 426 1673 sanctior
458 1619 505 1673 est
546 1609 682 1672 conditio
715 1611 878 1672 iuramenti
910 1631 1001 1692 quam

84 1690 218 1755 moris?
237 1692 288 1753 An
312 1692 401 1775 plura
421 1713 528 1792 speras
550 1713 620 1755 eum
644 1692 810 1773 facturum,
841 1695 892 1774 qui
915 1713 1002 1757 coac

84 1782 126 1837 ru
146 1774 246 1853 iurat,
278 1795 369 1856 quam
397 1797 447 1858 qm
471 1784 584 1859 sponte
606 1776 713 1837 amat?
748 1776 884 1838 chistus
908 1777 1002 1839 solvit

84 1858 202 1921 Pavum
239 1858 351 1940 alege
379 1869 412 1920 et
443 1881 463 1921 a
495 1861 658 1922 coactione
690 1861 753 1921 voti
777 1798 809 1921 el
824 1862 1002 1939 juramenti,

84 1940 179 2003 solam
203 1940 354 2003 libertatis
377 1951 410 2004 et
430 1944 566 2005 caritatis
590 1944 620 2002 in
645 1962 683 2005 eo
697 1944 816 2023 quaerit
836 1942 939 2005 fidem.
962 1942 1003 2004 Dt

84 2032 110 2109 hs
129 2024 307 2087 libertatem
330 2026 453 2106 tollens,
475 2026 546 2109 lege
567 2028 730 2087 iuramenti
744 2026 851 2107 cogis?
873 2026 932 2088 Ubi
956 2034 1004 2090 est

84 2105 257 2188 exemplum
281 2108 416 2170 Christi?
450 2111 501 2169 ubi
524 2109 711 2170 conditionis
734 2108 922 2171 similitudo?
944 2108 1002 2171 Det

84 2190 294 2270 perverbum,
317 2192 455 2273 diligere,
477 2191 711 2273 intelligendum
735 2193 960 2254 iuramentum?

158 2272 317 2353 Numquid
341 2274 478 2336 Christus
509 2276 640 2337 aPetro
670 2278 873 2336 iuramentum
897 2277 1002 2357 exegit

84 2376 134 2439 pro
150 2357 301 2429 ,Romana
324 2358 478 2419 ecclesia?
511 2358 592 2434 Quid
621 2358 681 2418 hcc
710 2358 749 2417 ad
783 2379 857 2419 oves
880 2359 1001 2433 Christi,

84 2439 161 2523 qnod
183 2438 239 2501 tihi
262 2442 377 2501 iuratur
400 2442 593 2503 eteoclesiae
607 2442 698 2502 tuae?
720 2441 805 2503 Tuae
824 2451 895 2501 sunt
916 2462 1001 2520 oves,

84 2544 116 2585 ιιι
139 2522 276 2585 Christi?
306 2525 348 2585 At
368 2530 418 2605 tu,
455 2526 570 2604 optime
592 2525 698 2603 Pater,
721 2544 759 2585 an
784 2525 935 2585 Christum
960 2524 1001 2584 di·

84 2608 164 2689 liget,
186 2623 313 2687 prorsus
336 2606 410 2667 nihil
433 2628 531 2685 ouras,
554 2607 659 2668 sordet
679 2607 758 2668 haec
781 2607 844 2686 tibi,
868 2614 901 2668 ut
922 2609 1024 2681 vilis-¹

84 2691 156 2753 nme
170 2687 320 2768 conditio,
342 2690 398 2751 tibi
413 2700 445 2750 ut
456 2690 556 2751 fidelis
580 2692 628 2761 sit,
640 2692 812 2751 iuramento
826 2689 1002 2771 adstringis3

84 2772 180 2835 adhuc
191 2778 254 2832 stat
271 2774 472 2855 interrogatio
488 2773 725 2855 archicpiccopi,
738 2793 800 2835 non
815 2773 1001 2835 satisfecisti.

160 2855 275 2916 Adhuc
304 2859 474 2935 quaeritur:
511 2855 579 2931 Quo
614 2857 679 2916 iure
711 2857 791 2916 hanc
820 2855 1000 2916 fidelitatem

84 2939 291 3019 extorqueas?
314 2939 382 3000 Tua
402 2941 565 3020 responsio
583 2939 764 3021 profundius
787 2946 817 3000 te
839 2939 949 3019 mergit
972 2948 1003 3000 et

84 3022 172 3105 rapit.
216 3020 357 3102 Deinde,
385 3024 447 3100 cni,
479 3042 610 3102 quaese,
643 3029 675 3082 tu
697 3024 778 3083 iuras
800 3021 1002 3083 fidelitatem?

84 3108 140 3169 our
168 3104 302 3167 sasima
321 3107 455 3187 imponis
477 3106 565 3167 alteri
588 3125 681 3183 onus,
715 3105 797 3184 quod
819 3105 916 3186 digito
939 3125 1001 3165 non

84 3190 124 3251 ris
146 3207 285 3267 movere,
309 3196 419 3249 contra
440 3196 471 3250 et
493 3190 649 3249 caritatem
674 3197 705 3248 et
727 3189 826 3269 legem
851 3189 1002 3250 naturae?

160 3270 301 3351 Deinde,
341 3271 441 3333 adhuc
473 3273 612 3352 quaestio
647 3273 738 3332 etiam
769 3273 822 3331 illa
844 3279 919 3332 stat:
942 3272 1003 3334 Our

84 3354 303 3437 praecedentes
315 3355 478 3434 pontifices
501 3375 563 3418 non
586 3364 756 3435 exegerunt
777 3356 1001 3417 iuramentum?

84 3440 140 3503 our
162 3438 217 3501 alii
239 3457 302 3499 non
326 3438 566 3518 praestiterunt?
589 3438 835 3498 undenovaists
858 3439 1001 3520 exactio?

84 3520 133 3583 vis
155 3520 280 3583 dicam?
302 3520 351 3581 Ex
371 3523 471 3583 malae
493 3521 565 3581 fidei
587 3541 734 3602 possessa
754 3525 907 3601 potestate
931 3541 1001 3584 con-

84 3606 209 3667 menna
231 3606 348 3683 metuit,
371 3606 486 3665 iustitis
500 3603 766 3684 consuffragstur.
813 3606 887 3666 ideo
911 3622 1000 3685 quae-

84 3690 151 3749 ritur
173 3695 328 3767 utcunque
351 3689 495 3750 solatium
520 3696 550 3747 et
571 3687 806 3748 firmamentum.

159 3771 267 3852 ltaque
289 3770 383 3833 hodie
404 3771 577 3852 pontificari
610 3790 673 3832 non
704 3770 791 3850 licet,
823 3772 883 3833 nisi
915 3772 996 3834 iures
