2346 4208
175 272 241 337 440
407 273 453 328 m.
490 274 595 338 counio
613 274 650 328 de
667 276 843 328 missum

177 462 308 522 ueourrit
339 467 372 521 et
406 460 570 521 oonhrmot
598 481 654 523 nos
686 463 716 520 in
746 461 807 521 tide
830 462 1025 537 sturitate,
1059 479 1098 520 ue

178 543 301 605 taudem
325 544 420 605 semei
453 564 491 603 ex
519 544 580 605 hoo
609 545 716 605 seculo
749 547 779 604 io
805 545 913 606 noetus
943 544 1095 604 transfert.

178 627 300 688 iuterim
323 635 442 706 autem,
465 627 536 688 dum
559 629 610 688 hie
629 629 771 704 vivimus,
793 629 872 688 alim
895 629 987 688 atium
1008 628 1097 699 feret

177 711 257 770 dont
278 709 416 770 Christus
437 729 561 789 quoque
583 731 641 770 nos
665 712 748 790 tulit,
785 730 886 790 neque
913 711 995 771 enim
1016 712 1096 789 quis

177 812 268 872 quom
291 792 448 853 homiuum
472 802 520 853 est
542 796 703 872 perfectus.

186 894 190 903 ·
260 875 368 955 Neque
396 896 470 936 vero
503 877 563 936 hoo
592 879 660 938 solo
682 877 778 937 verho
806 887 837 936 et
864 878 1008 957 exemplo
1041 896 1096 937 suo

65 972 75 989 ⁸
177 959 315 1021 Christus
336 960 427 1020 nobis
439 961 610 1048 proposuit,
632 962 687 1020 sed
703 961 785 1020 idem
800 963 892 1020 etium
917 979 1095 1040 expressum

178 1051 227 1103 ost
247 1044 383 1102 externis
415 1043 510 1122 siguis
543 1046 630 1123 punis
655 1053 685 1103 et
706 1044 779 1104 viui,
823 1044 875 1104 Sie
901 1046 984 1103 euim
1005 1045 1096 1103 senti·

178 1143 255 1202 mus,
272 1126 354 1185 huno
368 1145 479 1205 punem
503 1144 575 1188 esse
587 1146 700 1206 eorpus
714 1126 836 1203 Christi,
857 1136 889 1186 et
910 1128 971 1186 hoo
992 1127 1095 1186 viuum

177 1228 248 1269 esee
269 1207 380 1268 christi
402 1211 595 1287 sanguinem.
639 1210 730 1269 Aliud
763 1211 855 1289 igitur
875 1209 982 1269 vident
1003 1209 1094 1285 oculi,

177 1290 261 1352 uliud
283 1290 360 1352 fides
383 1291 478 1352 verbo
500 1293 661 1354 admonita
682 1293 794 1371 oredit,
825 1313 905 1372 quoe
935 1292 1008 1353 fidei
1028 1311 1096 1371 pro

177 1373 243 1455 prio
264 1374 384 1456 effigies
414 1383 445 1435 et
476 1378 579 1456 imugo
602 1382 672 1436 est.'
701 1376 779 1436 Nom
802 1394 872 1435 oum
901 1389 1095 1435 sacramento

176 1457 239 1519 hoo
259 1459 384 1535 utimur7
418 1466 449 1518 et
469 1459 612 1519 eudinms
633 1478 757 1538 quoque
780 1460 921 1535 verbum,
960 1458 1021 1519 duo
1043 1457 1097 1518 ius

114 1557 119 1564 ’
177 1549 305 1602 externa
325 1550 524 1619 concurrunt,
547 1543 688 1619 verbum,
712 1543 793 1620 quod
816 1545 846 1601 in
871 1562 980 1618 aures,
1001 1549 1034 1602 et
1054 1543 1096 1620 ip·

177 1643 244 1684 sum
266 1623 395 1697 suetum,
423 1626 506 1704 quod
529 1627 558 1684 in
582 1626 689 1686 oeulos
712 1628 847 1684 incurrit,
890 1625 1096 1685 Nihilominus

177 1713 279 1768 tumen
312 1709 342 1766 iu
379 1707 440 1768 iliis
469 1711 603 1767 externis
626 1719 657 1768 et
688 1709 833 1768 subiectis
867 1709 970 1768 sensui
1006 1706 1096 1768 rebus
1148 1717 1170 1737 '¹

176 1797 333 1850 ueternum
357 1793 465 1866 vitam‚
489 1793 592 1851 omnin
612 1795 686 1851 item
710 1791 862 1851 bonorum
884 1810 1011 1871 genero,
1032 1792 1095 1851 imo

176 1872 273 1934 Deum
310 1891 433 1952 quoque
469 1875 568 1952 ipsum
603 1876 738 1933 omnium
777 1875 927 1934 bonorum
956 1885 1095 1933 autorem

177 1955 446 2036 apprehendimus.

259 2035 366 2112 Qualis
383 2047 484 2098 nutem
508 2039 589 2112 tides
612 2041 681 2099 tuiis
695 2060 818 2119 quoque
840 2042 976 2102 caritatis
993 2043 1096 2120 imago

176 2121 207 2181 iu
229 2121 290 2181 hoo
311 2132 504 2181 suoromeuto
527 2131 572 2181 est
595 2141 759 2201 expresso,
792 2142 829 2182 uo
852 2125 949 2202 primo
972 2122 1096 2201 quidem

176 2205 206 2263 in
240 2222 330 2282 pone.
374 2203 478 2265 Graue
500 2207 598 2273 enim,
636 2207 809 2284 priusquam
846 2207 995 2266 molitoris
1031 2220 1120 2280 orte

176 2287 207 2344 iu
230 2305 322 2345 uuum
347 2288 502 2366 pulverem
532 2297 696 2367 cogentum
725 2289 964 2367 unumquodque
987 2308 1043 2368 per
1064 2309 1096 2347 se

176 2369 330 2448 proprium
354 2390 390 2429 no
413 2373 564 2451 integrum
588 2390 698 2451 eorpus
721 2382 784 2448 est,
813 2371 863 2431 ubi
884 2380 987 2431 nutem
1011 2391 1096 2434 ooni-

176 2452 293 2511 minuta
313 2452 437 2530 fuerint⁷
473 2473 563 2512 unum
598 2454 753 2532 quoddam
783 2455 947 2515 oonfioiunt
971 2474 1094 2532 eorpus.

175 2532 226 2593 sic
254 2543 285 2594 et
312 2537 341 2594 in
374 2539 461 2611 vino,
497 2539 671 2616 priusquam
700 2540 730 2597 in
764 2538 899 2597 torcular
931 2538 1093 2597 oouieotae

175 2637 254 2677 uvue
282 2628 493 2693 conteruntum
535 2639 716 2698 unaquoque
750 2639 808 2679 nvo
842 2640 928 2679 suum
962 2620 1093 2680 formum

174 2701 286 2760 retinet
306 2703 472 2782 integram,
496 2703 544 2762 ubi
568 2711 671 2762 sutem
694 2706 797 2762 vinum
821 2706 1027 2782 expresseris,
1057 2724 1094 2763 ex

175 2781 300 2844 infinitis
335 2787 401 2845 uvis
430 2807 507 2845 unus
531 2795 619 2864 potus
643 2786 812 2853 conficitur.
856 2785 962 2864 Neque
986 2784 1094 2846 ooutir·

176 2885 259 2926 more
282 2870 349 2946 quis
372 2877 489 2947 potesta
513 2869 572 2928 hoo
596 2871 643 2928 vel
668 2889 706 2928 ex
730 2869 783 2929 illa
804 2870 853 2928 vel
876 2870 938 2929 uiis
960 2869 1092 2948 quedam

174 2967 233 3009 uve
278 2951 470 3029 profluxisse.
523 2951 791 3026 Quemadmodum
839 2971 963 3032 quoque
1002 2971 1094 3013 uerno

175 3039 279 3110 potest
301 3052 455 3110 asserere,
494 3036 620 3094 turinum
651 3036 700 3094 vei
735 3056 773 3093 ex
810 3037 870 3094 hoo
899 3036 947 3094 vei
976 3037 1094 3095 exilio

173 3116 420 3194 grandinatum,
449 3120 492 3177 sio
516 3120 595 3176 enim
620 3121 767 3177 contusae
790 3127 822 3176 et
843 3138 921 3177 uvne
945 3128 973 3177 et
998 3138 1094 3198 grone

174 3204 260 3274 sunt,
284 3208 317 3259 ut
338 3200 469 3260 discerni
492 3202 622 3279 amplius
646 3221 706 3261 uon
731 3202 858 3280 possint.

257 3282 356 3360 Atque
378 3284 408 3342 in
432 3284 512 3343 hune
536 3284 660 3342 modum
680 3284 710 3346 Β.
724 3284 836 3344 Paulus
861 3303 983 3363 quoque
1006 3304 1093 3344 uoue-

174 3366 257 3442 pisse
277 3366 336 3424 istu
353 3365 472 3426 videtur
496 3372 522 3427 1,
537 3366 671 3427 Corinth.
688 3372 742 3433 10:
765 3366 918 3442 Quoniam
942 3385 1019 3426 unus
1042 3385 1094 3448 pu-

158 3447 236 3521 ·nis,
268 3468 358 3507 unum
395 3468 506 3528 eorpus
536 3470 592 3510 nos
615 3452 701 3512 multi
724 3470 838 3512 sumus
882 3449 959 3510 Num
984 3469 1093 3511 omnes

173 3549 210 3589 ex
234 3530 345 3591 eodem
384 3551 463 3612 pone
497 3535 721 3614 participemus.
767 3532 846 3608 Quia
880 3533 961 3593 euim
997 3533 1092 3594 verbo

172 3611 339 3689 oredimus,
380 3615 599 3675 munduoumue
633 3636 744 3697 oorpus
778 3618 846 3677 iesu
878 3615 1007 3691 Christi,
1041 3618 1092 3695 qui

173 3693 258 3756 uibus
280 3698 412 3758 unimam
435 3698 534 3759 reficit
554 3718 591 3759 so
613 3702 720 3778 posuit.

254 3779 349 3841 Porro
385 3783 543 3862 proximus
577 3801 663 3843 meus
685 3784 818 3844 vioissim
844 3802 893 3844 mo
914 3780 1092 3861 nunduoot,
