2346 4208
426 273 463 334 ds
479 283 548 334 voto
565 279 744 351 religionum.
978 273 1041 344 347

143 460 200 526 34.
218 460 291 522 Vox
311 462 354 524 iis
364 465 542 526 voventium
555 470 603 527 esi
623 465 714 528 hseo:
737 465 846 527 Voveo
862 463 927 543 libi,
948 462 1042 544 Deus,

126 545 223 605 totius
246 546 329 607 vilse
351 548 532 628 sacrilegam
553 550 753 629 impietatem.

147 628 199 692 35.
221 626 313 689 Tales
334 630 472 710 religiosi
494 639 565 693 sunt
589 632 704 693 similes
727 630 776 692 vel
798 631 921 712 peiores
944 629 1043 692 (iuliis

122 716 157 770 ei
178 709 354 772 Vestalibus
375 715 523 794 gentium.

145 793 198 858 36.
219 793 285 854 Imo
309 813 377 855 oum
394 797 537 858 Moussse
558 798 653 878 impio
675 798 808 858 euiiores
831 793 1042 858 suniMoiooh

121 876 156 935 in
180 875 261 937 valle
282 876 405 940 Ennon.

84 1025 86 1028 ,
148 955 200 1023 37.
223 958 302 1034 Quin
324 967 398 1024 vois
420 983 476 1023 sus
487 963 635 1042 opinione
656 965 789 1025 iustitiae
811 969 842 1024 et
862 962 968 1023 salutis
989 981 1042 1022 vo·

122 1047 209 1120 veni,
232 1062 288 1122 per
308 1042 376 1124 ipsu
397 1044 562 1125 parandae.

146 1125 199 1189 38.
222 1123 323 1208 Quom
356 1129 536 1207 opinionem
571 1129 630 1190 soli
652 1130 808 1189 miserenti
830 1129 897 1190 Deo
920 1126 1044 1207 debent,

124 1213 158 1267 ei
181 1206 255 1269 dani
276 1227 344 1268 eam
367 1211 511 1292 operibus
533 1213 605 1276 suis.

147 1291 198 1355 39.
221 1289 273 1352 sie
293 1311 348 1371 per
369 1300 444 1356 vois
470 1314 526 1357 suo
547 1314 625 1375 opus
648 1314 792 1357 manuum
822 1314 945 1356 suorum
968 1293 1043 1355 odo·

129 1380 210 1452 roni,
233 1379 264 1433 ei
286 1375 392 1436 uolunt
412 1396 469 1458 pro
491 1377 570 1441 Deo,

147 1457 201 1519 40.
222 1455 312 1518 Fides
335 1459 416 1519 enim
454 1465 502 1521 esi
522 1481 560 1522 se
594 1462 700 1541 opinio
724 1459 842 1541 cordis,
877 1478 937 1539 qus
958 1459 1044 1521 solus

125 1558 206 1598 unus
228 1559 318 1601 verus
340 1542 422 1603 Deus
445 1543 593 1604 ooleudus
615 1551 670 1604 esi.

144 1622 198 1684 41.
221 1622 287 1684 imo
308 1623 473 1687 iniideiiiss
498 1632 529 1689 ei
540 1628 727 1708 perversitas
749 1624 852 1688 sordis
874 1630 905 1685 ei
925 1643 1045 1687 summu

122 1705 279 1784 impietus.

147 1789 197 1850 42.
221 1788 434 1870 Metuendum,
455 1791 503 1852 his
524 1789 714 1853 infidelitatis
737 1790 943 1872 temporibus,
964 1790 1044 1851 inter

125 1870 213 1930 mille
234 1873 286 1931 vix
309 1893 402 1933 unum
423 1876 474 1954 pie
496 1893 622 1937 vovere.
826 1938 828 1943 ,
981 1950 985 1954 .

145 1955 195 2016 43.
219 1953 382 2017 Probabile
414 1958 495 2018 euim
529 1965 597 2035 esi,
630 1974 691 2016 non
714 1956 809 2016 inisse
831 1961 977 2033 volutos,
1016 1955 1043 2015 si
1131 2033 1134 2037 ,

124 2037 258 2097 soissent
268 2057 327 2099 nee
337 2040 493 2116 iustitiam,
506 2039 699 2101 neosuluiem
708 2059 763 2119 per
770 2044 843 2101 vota
854 2038 1043 2120 contingere.

146 2119 199 2181 44.
222 2117 359 2194 Quorum
380 2141 442 2184 vox
463 2122 495 2183 id
517 2123 693 2199 nominetur,
717 2123 837 2183 disens:
866 2119 946 2196 Quid
969 2119 1043 2182 olio·

127 2202 180 2281 qui
203 2202 336 2264 facerem
357 2205 390 2264 in
411 2208 609 2270 monasterio.
720 2234 724 2244 ·

147 2285 197 2348 45.
221 2285 336 2347 Omnes
363 2287 441 2348 iulos
469 2288 616 2350 odrersus
639 2289 804 2350 Dominum
837 2294 869 2350 ei
890 2287 1043 2349 Christum

126 2368 195 2427 eius
218 2369 399 2450 sacrilegam
423 2372 531 2431 vivunt
551 2373 743 2452 religionem.

147 2451 199 2513 46.
221 2449 311 2512 Unde
339 2459 370 2512 et
392 2453 489 2533 n'gide
510 2454 667 2533 puniendo
694 2462 765 2513 suut
786 2453 938 2514 eiusmodi
961 2457 1043 2533 vois,

126 2531 243 2593 nedum
265 2534 444 2614 rumpenda.

147 2616 197 2680 47.
222 2615 264 2676 Ei
296 2637 334 2678 en
361 2620 550 2679 monasteris
577 2638 633 2681 eeu
668 2624 797 2680 satanae
829 2623 863 2694 ei
895 2616 991 2679 lusirs
1012 2619 1044 2679 ei

125 2697 296 2778 prostibulo
317 2701 385 2762 solo
408 2701 579 2781 aequande.

145 2781 196 2844 48.
218 2781 283 2842 Nee
305 2802 360 2848 eos
374 2784 537 2864 quisquam
559 2787 652 2858 iuvat,
676 2783 758 2864 quod
781 2802 836 2844 sue
857 2783 988 2863 informi,
1009 2782 1040 2844 id

125 2869 184 2938 esi,
206 2861 278 2925 fietu
299 2864 360 2927 flde
383 2887 417 2928 se
439 2886 553 2928 vovere
575 2871 606 2929 ei
627 2869 730 2929 vivere
751 2866 876 2927 inolent.

146 2947 197 3010 49.
219 2945 288 3009 Neo
305 2948 510 3010 voluntarium
531 2950 607 3011 illud
630 2949 766 3032 prodest,
788 2949 871 3029 quod
894 2969 912 3010 e
933 2951 1043 3011 uotum

125 3035 159 3089 et
180 3027 276 3090 libero
298 3030 421 3095 arbitrio
443 3031 572 3114 fingunt.

146 3113 195 3175 50.
217 3111 275 3173 Est
294 3115 398 3194 iisque
420 3114 477 3177 sibi
497 3118 639 3178 oonseius
661 3117 789 3196 uliquis,
824 3133 893 3176 sese
913 3115 973 3175 hue
995 3133 1041 3175 ss·

125 3193 260 3275 orilegue
283 3198 436 3276 opinionis
458 3199 616 3279 impietate
639 3201 771 3262 vovisse.

146 3280 197 3339 51.
221 3277 288 3339 Hie
301 3280 383 3342 nihil
398 3282 511 3343 morari
533 3282 625 3344 debet
638 3283 819 3363 pepisiioem
842 3281 1038 3341 sutoriioiem

125 3366 179 3418 nul
200 3361 284 3440 vulgi
308 3364 516 3443 opprobrium.

146 3445 196 3506 52.
219 3442 280 3504 Sed
303 3445 409 3507 salutis
439 3466 512 3508 suae
541 3449 691 3508 rationem
715 3447 867 3528 praeferat
889 3445 1042 3526 omuibus,

126 3530 158 3584 ei
179 3533 283 3587 volum
307 3545 375 3588 oum
397 3530 590 3609 professione
611 3532 771 3610 relinquat.

147 3609 197 3672 53.
219 3609 327 3670 Melius
349 3619 397 3672 esi
411 3619 583 3693 apostolum
598 3634 666 3677 esse
683 3615 792 3676 inferni
816 3619 847 3674 ei
866 3613 1042 3693 impietatis,

125 3694 320 3837 qpppprooeli
342 3700 374 3758 ei
393 3695 527 3777 pisionis,
551 3702 583 3756 ui
601 3696 836 3760 Proverbiorum
858 3702 947 3761 sexto
970 3716 1042 3759 oon-

124 3793 140 3835 s
233 3819 242 3838 .
