2346 4208
51 3862 63 3943 i

171 277 236 345 370
472 281 628 346 Disputatio
647 281 681 334 D.
700 280 735 335 n.
753 277 785 335 L.

169 468 258 530 ficem
299 489 361 530 non
396 472 532 530 veritatis
566 469 668 532 studio
706 470 844 548 moveri,
890 470 947 532 sed
981 493 1082 554 magno

170 553 325 632 evangelii
348 553 420 613 odio
443 554 560 614 ardere.

189 637 238 699 92.
261 635 371 696 Sedet
392 639 514 716 ipsimet
535 637 657 697 Christo
673 643 705 697 et
716 636 813 698 Paulo
836 638 934 718 impie
947 647 1085 720 puguant,

170 720 222 797 qui
249 717 414 799 digamiam
450 721 599 800 episcopo
628 719 784 800 prohiberi
820 721 1021 800 pertinaciter
1048 741 1085 783 as·

171 809 285 863 serunt.

190 885 241 948 93.
264 884 402 944 Christus
430 886 510 945 enim
543 885 675 965 absque·
693 905 897 966 personarum
926 887 1087 948 differentis

170 967 261 1027 etiam
285 967 325 1029 ad
347 969 433 1047 ipsos
456 968 617 1048 apostolos
640 968 791 1048 loquitur:
836 968 899 1044 Qui
921 978 1029 1052 potest
1048 990 1086 1031 ca·

169 1064 255 1129 pere,
278 1052 397 1130 capiat,
420 1058 464 1110 et:
502 1051 573 1112 Non
597 1071 705 1111 ornnes
728 1053 854 1132 capiunt
876 1055 940 1129 hoc
961 1055 1087 1115 verbum.

190 1133 240 1195 94.
271 1133 446 1193 Anathema
474 1153 549 1195 vero
577 1135 633 1211 sit,
662 1134 755 1195 verbe
782 1133 896 1196 Christi
932 1145 1087 1217 personati

170 1214 292 1276 adiecto
322 1215 509 1296 depravere,
546 1236 626 1296 quae
658 1219 790 1297 ipsemet
821 1219 894 1278 sine
929 1228 1087 1300 personatu

169 1297 253 1357 dicta
274 1304 305 1358 et
325 1299 485 1360 intellecta
505 1300 612 1362 voluit.

191 1383 241 1445 95.
269 1381 310 1441 Et
330 1382 442 1442 Penius
466 1388 481 1445 1
505 1383 576 1445 Cor.
598 1388 635 1446 7:
665 1383 925 1463 Unumquemque
949 1385 1089 1466 praecipit

170 1482 226 1524 sua
249 1483 345 1525 uxore
368 1472 543 1527 contentum
567 1485 647 1544 esse,
670 1485 729 1527 nec
750 1467 902 1547 episcopi,
925 1487 990 1529 neo
1009 1468 1088 1528 ullius

170 1565 335 1627 personam
358 1549 536 1614 excludens.

191 1631 240 1694 96.
262 1631 304 1691 ut
325 1633 432 1693 melius
455 1653 524 1694 esse
545 1631 671 1712 nubere,
694 1651 784 1712 quam
808 1633 864 1711 nri,
886 1633 987 1714 piane
1005 1632 1088 1695 omui-

170 1712 242 1789 bus,
268 1716 322 1856 ¹qui
344 1715 483 1776 Corinthi
516 1723 604 1777 erent
636 1718 687 1795 (ut
709 1716 879 1796 epigraphe
914 1713 1088 1798 monstrat),

169 1814 267 1858 consu
281 1799 332 1859 uit.

190 1883 240 1945 97.
269 1881 336 1942 Nec
369 1882 510 1962 laqueum
546 1882 600 1942 ulli
629 1882 695 1942 vult
722 1883 848 1942 iniicere
870 1883 903 1942 iu
926 1883 1088 1965 periculum

170 1966 395 2044 conscientiae,
424 1964 489 2044 sed,
519 1964 603 2045 quod
630 1965 794 2026 honestum
818 1972 849 2025 et
871 1965 950 2026 utile
973 1968 1033 2043 sit,
1051 1967 1089 2026 iu·

169 2046 282 2108 dicare.

191 2131 241 2194 98.
271 2131 336 2191 lmo
370 2150 439 2190 cum
468 2133 640 2211 nuptiarum
671 2130 903 2208 interdictores,
932 2131 975 2193 ad
997 2132 1089 2192 ‘iimc

169 2213 289 2291 theom,
319 2213 425 2292 palam
455 2222 574 2274 asserat
605 2214 824 2274 daemoniacos
847 2214 999 2275 doctores
1021 2233 1090 2285 esse,

171 2303 286 2356 certum
310 2303 366 2373 est,
389 2297 516 2357 liberam
541 2297 706 2377 digamiam
729 2299 878 2378 episcopo
902 2298 1046 2359 concedi.

189 2382 239 2443 99.
268 2379 408 2459 Denique
431 2380 557 2440 verbum
578 2379 670 2441 illud:
701 2381 835 2442 Crescite
858 2387 890 2441 et
914 2381 1090 2462 multiplica-

169 2464 252 2540 mini,
274 2465 460 2544 generaliter
477 2462 629 2541 omnibus,
652 2464 856 2544 quihomines
869 2472 953 2543 sunt,
977 2483 1090 2526 accres-

169 2550 233 2609 tum
255 2556 286 2607 et
309 2548 485 2607 necessario
507 2549 683 2627 impositum
706 2555 761 2608 est.

192 2632 261 2696 100.
285 2630 400 2691 Contra
421 2630 504 2709 quod
526 2631 601 2691 nulli
624 2638 757 2691 statuere
793 2636 846 2690 unt
878 2631 987 2692 vivere
1018 2631 1090 2703 lieet,

169 2715 228 2774 uisi
249 2713 311 2774 elio
335 2716 465 2775 certiore
489 2714 600 2793 verb0,
622 2714 721 2792 facte,
750 2721 803 2774 sut
824 2712 908 2774 dono
933 2714 995 2776 Dei
1017 2715 1090 2776 exci-

190 2799 278 2856 iatur.

168 2817 259 2943 p101.
283 2878 368 2939 Sicut
389 2880 469 2939 euim
493 2880 568 2939 nulii
589 2881 663 2941 licet
684 2899 718 2940 se
740 2881 839 2960 ipsum
863 2879 1023 2959 occidere,
1044 2887 1090 2941 aut

168 2980 260 3020 manu
283 2965 407 3042 propria
429 2972 580 3042 castrare,
615 2965 659 3023 ita
679 2963 754 3023 nulii
777 2961 850 3022 lieet
872 2981 985 3023 sexum
1009 2983 1089 3024 suum

169 3057 187 3185 ἑ)
189 3045 246 3103 nisi
260 3046 384 3106 volente
395 3046 481 3124 Deo)
512 3047 721 3128 exstinguere,
744 3052 796 3106 aut
817 3043 856 3106 ab
880 3044 989 3107 officio
1014 3046 1090 3108 cohi·

189 3146 249 3187 ere.

189 3209 257 3274 102.
289 3213 365 3272 Cum
388 3231 463 3272 vero
486 3213 571 3272 nulla
593 3220 655 3273 stet
676 3212 839 3292 promissio
860 3211 938 3293 Dei,
977 3215 1091 3297 episco-

168 3312 226 3373 pos
248 3295 314 3356 fore
336 3296 374 3354 ab
396 3295 450 3354 ilio
473 3296 609 3375 generali
633 3296 727 3356 verbo
751 3301 909 3374 exceptos.

189 3381 257 3443 103.
287 3379 391 3455 Patet,
421 3397 483 3438 nou
510 3398 603 3458 posse
631 3380 694 3440 ullo
723 3383 838 3438 statuto
862 3379 1036 3461 episcopos
1058 3379 1092 3441 ad

167 3461 351 3522 coelibatum
375 3461 468 3520 ulium
492 3464 572 3542 cogi,
596 3463 652 3522 nisi
677 3483 732 3542 per
755 3462 898 3522 doctores
912 3461 1091 3526 daemonia·

165 3563 218 3606 cos
242 3552 273 3606 et
294 3545 486 3605 adversarios
508 3546 576 3606 Dei.
877 3592 882 3600 .

187 3630 256 3694 104.
280 3628 310 3688 si
323 3629 465 3707 Papistse
477 3628 646 3708 reprobant
658 3647 723 3703 eos,
741 3628 793 3706 qui
809 3646 843 3688 se
856 3628 947 3708 ipsos
960 3640 1093 3693 castrant

162 3711 382 3794 corporaliter,
416 3717 561 3789 tanquam
592 3711 761 3771 ministerio
786 3717 817 3770 et
841 3713 1033 3798 episcopatu
1055 3719 1093 3777 in·

158 3797 285 3883 dignos.
