2346 4208
166 262 230 336 374
407 270 505 326 Resol.
525 268 553 326 t.
573 278 658 340 seper
675 264 869 340 Propositith'e

167 459 345 523 veneranda
366 462 523 521 sensuras
539 466 656 538 vestra,
687 478 742 540 per
762 467 901 520 sanetum
924 456 1094 521 Chalcedo-

168 558 296 606 densam
319 543 488 623 synodum,
520 541 658 623 pontifici
687 541 769 602 sedis
800 543 993 623 apostolieae
1028 545 1094 617 (eui

167 629 235 688 Deo
258 625 442 706 disponente
463 626 624 702 deservio)
657 626 718 686 hoc
745 626 951 686 universitatis
979 644 1094 686 nornen

168 711 305 773 oblatum
335 716 391 769 est.
436 709 496 770 Sed
529 708 629 768 nullus
657 727 791 787 unquam
820 709 1093 789 praedecessorum

168 804 307 856 uteorum
338 792 400 853 hoc
434 801 496 852 tam
525 791 656 872 profano
679 791 832 853 vocabulo
862 793 905 852 uti
927 794 1095 870 consensit,

168 879 240 957 qula
260 874 414 952 videlicet,
437 877 462 936 ei
484 893 562 934 unus
584 874 758 955 patriarcha
769 874 952 935 universalis
975 875 1094 952 dieitur,

168 959 407 1042 patriarcharum
436 977 550 1018 nomen
582 959 692 1018 ceteris
714 957 888 1038 derogatur.
932 957 993 1019 Sed
1015 958 1097 1019 absit

168 1045 230 1104 hoo
249 1061 268 1101 e
287 1041 460 1102 Christiana
481 1047 596 1117 mente,
617 1041 649 1100 id
671 1041 728 1102 sibi
750 1041 831 1101 velle
854 1042 1027 1121 quempiam
1050 1061 1096 1102 au

116 1157 119 1161 ⁴
168 1128 285 1207 ripere,
318 1124 399 1184 unde
428 1125 552 1185 fratrum
584 1143 708 1184 suorum
736 1124 887 1184 honorem
913 1125 1097 1185 imminuere

169 1228 209 1270 ex
232 1208 500 1286 quantulacunque
521 1213 608 1287 parte
630 1207 778 1266 videatur.
826 1205 905 1290 [Sed
927 1225 1047 1282 nonne,
1070 1209 1096 1267 si

171 1293 217 1351 ius
240 1290 376 1350 divinum
400 1298 447 1350 est
467 1292 614 1370 primatus
628 1290 741 1370 Papae,
765 1298 826 1350 tem
849 1292 907 1371 ipsi
929 1289 1096 1371 pontifices

169 1375 301 1435 Romani
316 1373 605 1450 haeretieifuerunt,
628 1392 719 1452 quam
732 1373 912 1434 concilium:
934 1373 988 1450 illi,
1012 1373 1096 1453 quod

168 1459 216 1516 ius
238 1457 372 1516 divinum
397 1476 458 1517 non
482 1464 724 1536 assumpserunt,
747 1457 801 1517 sed
826 1457 1097 1530 conculcaverunt,

169 1539 239 1617 hoe,
262 1539 344 1617 quod
357 1539 477 1617 obtulit,
499 1557 578 1618 quae
599 1548 768 1600 nouerant
790 1541 836 1599 sui
857 1541 931 1600 iuris
953 1537 1092 1622 offerre]

252 1621 292 1681 Et
313 1623 390 1682 iufra
412 1621 451 1682 de
469 1622 593 1683 eodem:
610 1623 762 1684 Universa
784 1631 882 1683 tentat
903 1621 961 1683 sibi
982 1622 1095 1682 adscri-

169 1706 252 1785 bere,
275 1713 306 1766 et
327 1707 431 1766 omnia
458 1703 649 1787 [membro],
673 1725 754 1784 quae
776 1706 834 1766 soli
857 1708 908 1765 uni
930 1707 1024 1784 capiti
1046 1723 1097 1765 co·

172 1789 302 1850 haerent
333 1789 494 1866 (videlicet
522 1788 675 1864 Christo),
697 1808 754 1869 per
781 1789 947 1850 eletionem
969 1805 1097 1868 pompa-

173 1873 224 1932 tioi
244 1873 405 1949 sermonis,
428 1871 565 1931 eiusdem
586 1871 696 1931 Christi
719 1871 775 1932 sibi
798 1871 901 1932 studet
922 1870 1097 1951 subiugare.

171 1954 321 2031 Obsecro,
345 1954 417 2034 quid
439 1962 621 2033 mereretur,
645 1955 695 2033 qui
717 1954 810 2015 hodie
833 1956 877 2013 sic
898 1954 1097 2032 loqueretur?

171 2037 223 2097 hio
250 2037 418 2117 Gregorius
444 2038 602 2097 Romanus
634 2039 775 2116 pontifex
806 2039 999 2117 persequitur
1033 2041 1098 2098 tan-

171 2140 264 2199 quam
287 2120 458 2200 profanum,
482 2121 565 2199 quod
588 2122 684 2180 nostri
707 2127 855 2197 statuunt,
876 2121 966 2201 quasi
990 2121 1099 2181 eitius

171 2203 319 2266 divinum.
381 2244 384 2249 -

252 2285 510 2364 stupratores.
534 2287 572 2346 ad
595 2288 762 2367 ipsummet
784 2286 953 2347 Iohannem
979 2287 1098 2366 episeo-

170 2387 242 2448 pum
266 2368 424 2447 praedicte
448 2370 563 2429 iterans
587 2377 619 2430 et
640 2371 798 2449 copiosius
822 2368 981 2447 explicans
1004 2369 1096 2429 dicit:

171 2451 382 2512 correpturus
401 2453 571 2532 apostolus,
594 2471 661 2512 cum
677 2452 796 2513 audiret
810 2451 959 2529 quosdam
978 2452 1098 2513 dicere:

170 2533 237 2613 Ego
260 2554 326 2593 sum
349 2535 445 2614 Pauli,
467 2555 527 2616 ego
552 2535 678 2615 Apollo,
701 2554 760 2615 ego
782 2554 857 2594 vero
877 2535 993 2615 Cepha,
1015 2535 1097 2595 hano

170 2617 420 2687 dilacerationem
445 2621 582 2699 corporis
605 2618 767 2696 dominici,
803 2637 858 2699 per
887 2636 978 2696 quem
1003 2637 1095 2678 mem-

169 2701 225 2761 bra
252 2702 316 2761 eius
340 2701 407 2761 aliis
437 2721 470 2761 se
498 2702 648 2781 capitibus
672 2701 902 2781 quodammodo
924 2701 1095 2777 sociabant,

169 2783 437 2844 vehementissime
470 2785 709 2864 perhorrescens
732 2784 917 2844 exclamavit
943 2792 974 2844 et
1002 2784 1095 2843 dixit:

168 2867 322 2946 Numquid
346 2867 456 2925 Paulus
487 2888 543 2948 pro
578 2868 666 2929 vobis
690 2866 853 2927 crucifixus
886 2867 956 2927 est?
983 2875 1036 2927 aut
1064 2868 1095 2926 in

170 2950 254 3010 Pauli
277 2951 402 3010 nornine
425 2950 568 3029 baptisati
591 2951 688 3012 estis?
733 2950 764 3011 Si
787 2969 860 3030 ergo
883 2949 936 3010 ille
958 2948 1097 3010 membra

170 3033 314 3095 dominici
344 3035 481 3112 corporis
511 3036 600 3094 certis
635 3042 722 3094 extra
746 3033 898 3093 Christum
937 3034 1023 3112 quasi
1046 3051 1095 3093 ce·

170 3115 281 3194 pitibus
309 3124 339 3175 et
363 3117 436 3196 ipsis
459 3116 581 3196 quidem
604 3117 753 3196 apostolis
777 3116 884 3177 subiici
905 3115 1095 3196 particulari-

170 3210 216 3260 ter
247 3200 389 3258 evitavit:
424 3207 472 3274 tu,
504 3200 576 3279 quid
606 3197 730 3262 Christo
759 3199 940 3259 universalis
968 3206 1095 3259 sanctae

170 3282 329 3341 Ecclesiae
353 3284 446 3361 capiti
472 3285 503 3344 in
533 3285 661 3344 extremi
683 3283 787 3344 iudicii
809 3301 842 3343 es
866 3281 1000 3343 dicturus
1023 3301 1094 3343 exa

171 3366 263 3439 mine,
285 3366 335 3444 qui
358 3374 468 3426 cuneta
490 3368 554 3426 eius
579 3366 716 3427 membra
737 3365 857 3426 tibimet
878 3365 999 3427 conaris
1021 3364 1093 3426 Uni-

169 3447 297 3508 versslis
337 3449 546 3529 appellatione
579 3450 775 3530 supponere?
834 3446 893 3530 [At
925 3466 1030 3508 nonne
1062 3454 1096 3509 et

169 3530 230 3592 hoo
251 3549 371 3591 summo
393 3533 509 3610 impetu
532 3533 657 3611 faciunt,
680 3540 711 3593 et
734 3539 893 3608 conantur,
917 3531 1094 3612 oGregorl,

170 3615 213 3674 tui
237 3614 468 3698 successores?]

251 3697 291 3757 ut
311 3697 406 3770 infra,
431 3705 514 3760 certe
536 3696 642 3759 Petrus
664 3696 824 3780 apostolus
846 3698 975 3778 primum
998 3714 1095 3758 mem·

171 3779 256 3841 hrum
280 3787 405 3842 saumae
432 3787 465 3844 et
492 3781 674 3844 universalis
702 3780 856 3844 ecelesiae
877 3786 941 3860 est,
968 3779 1094 3862 Paulus,
