2346 4208
133 262 200 333 270
477 266 558 320 Balla
577 266 674 321 Leonis
693 267 727 320 X.

180 451 209 534 i)
233 451 333 528 Quam
355 455 451 515 multa
477 455 526 515 bic
554 453 685 516 dicenda
707 459 828 534 essent,
861 453 917 514 sed
939 470 1056 535 paroen-

180 537 251 597 dum
274 538 326 614 iis,
360 539 410 680 quti
432 539 562 618 posteris
595 539 655 618 ipsi
677 538 739 597 suis
760 554 825 598 non
847 546 1055 681 pepercerunt

180 621 239 682 Dic
261 619 332 679 mihi
355 627 408 680 aut
409 640 468 700 em,
491 637 689 699 quamvocas
703 619 891 681 ecclesiaeli
915 619 1057 682 ertatem?

180 702 219 762 Et
242 720 301 781 qua
324 702 367 762 illi
394 720 472 800 opus
494 703 562 765 est?
583 703 759 764 Licentiane
781 701 967 800 diripiendi,
988 703 1058 764 iren
1099 680 1101 763 l

181 784 284 862 dandi,
298 804 405 846 ornnes
417 787 537 867 iniuria,
554 784 705 847 beneficio
716 787 874 846 nemiuem
888 785 1101 848 afficiendi?
1099 828 1101 865 ι

181 869 219 943 k)
245 868 314 928 Non
348 868 547 950 degenerabit
578 870 730 929 svirtute
751 868 907 930 Malorum
942 888 1059 931 suornm
1099 888 1101 949 ι

180 950 360 1029 Germania,
395 971 435 1011 ne
465 953 555 1014 time:
593 951 747 1031 quaedam
771 952 865 1012 etiam
889 952 1060 1014 emendabit
1099 964 1101 971 '

180 1053 342 1114 perperam
365 1035 403 1095 ab
426 1034 486 1095 illis
508 1036 654 1098 instituta.

180 1115 209 1190 l)
235 1116 327 1196 Atqui
360 1136 423 1178 non
453 1137 522 1179 esse
543 1137 614 1179 reor
645 1119 677 1178 in
699 1116 870 1178 Germania
891 1117 1060 1178 haereticos

180 1198 286 1275 bodie,
307 1201 365 1260 uisi
388 1218 465 1279 quos
489 1209 520 1261 tu
543 1200 624 1261 alis
615 1221 647 1260 ιιι
663 1218 861 1261 communem
884 1201 1060 1281 perniciem.

182 1280 230 1364 m)
255 1281 334 1342 Satis
356 1281 517 1362 malificati
495 1283 596 1344 ttibi
617 1289 696 1343 sunt.

181 1363 219 1445 n)
244 1365 272 1424 A
294 1366 381 1426 vobis
404 1365 579 1426 confirmari
608 1372 745 1446 oportet,
777 1367 803 1425 si
831 1365 908 1446 quid
933 1372 1061 1428 statuant

181 1450 279 1508 nostri
298 1448 525 1529 Imperatores?
548 1450 575 1510 Ο
596 1448 738 1530 indignos
760 1448 821 1509 hoc
843 1467 997 1529 munere,
1018 1449 1060 1529 (ιιι

180 1528 221 1589 ad
241 1530 369 1591 aliorum
392 1533 580 1612 praescripta
601 1532 760 1612 imperant

182 1609 221 1694 ο)
182 1613 309 1674 oNos
332 1614 455 1694 quidem
478 1634 582 1676 carere
601 1614 800 1693 decrevimus,
823 1633 959 1696 magno,
982 1632 1061 1713 quac

181 1713 301 1791 cunque
324 1698 447 1758 fortuna
468 1699 516 1777 sit,
538 1699 641 1759 animo
660 1696 865 1758 libertatem
856 1698 1010 1759 invasuri.
1029 1695 1061 1756 Et

181 1779 240 1838 iam
264 1799 325 1840 non
348 1783 495 1878 potestati
527 1780 684 1878 guidemt
685 1799 758 1858 uae,
792 1778 849 1839 sed
871 1779 1060 1862 improbitati

179 1864 358 1924 resistimus.
381 1863 439 1941 Τιι,
461 1865 487 1923 si
508 1861 785 1959 nimiumconlidis,
808 1880 880 1923 esse
900 1861 958 1923 hic
980 1864 1061 1924 eatan

180 1944 288 2006 leones
311 1948 495 2026 memineris,
517 1948 542 2007 si
566 1965 629 2008 non
652 1946 725 2006 satis
748 1951 818 2005 sunt
840 1945 983 2026 aquilae.

221 2027 322 2089 Testis
345 2037 392 2090 est
421 2030 452 2089 in
475 2030 606 2091 concilio
631 2029 904 2104 Constantiensia)
932 2028 1061 2090 Hussits

140 2129 205 2170 rum
228 2130 265 2170 ac
287 2113 552 2191 Vuiclevistarum,
574 2130 633 2172 nec
654 2129 716 2172 non
735 2111 1061 2194 HieronymiPr-agen·

141 2194 182 2252 sis
212 2193 357 2254 damnata
386 2213 423 2255 ac
456 2197 562 2276 punita
590 2193 726 2275 perfidia.
769 2194 872 2254 Testis
905 2201 958 2255 est
980 2198 1061 2256 toties

142 2282 214 2335 cont
216 2296 249 2336 ra
281 2278 436 2339 Bohemos
475 2278 701 2339 Germanorum
731 2278 857 2357 sanguis
893 2277 1060 2356 effususb)

139 2357 223 2418 Test
202 2365 240 2419 trs
263 2359 394 2456 denique
417 2367 471 2422 est
484 2360 709 2442 praedictorum
732 2379 889 2437 errorum,
915 2380 975 2422 seu
996 2360 1059 2421 mul-

140 2448 239 2502 torum
263 2463 302 2503 ex
326 2446 385 2526 eis,
419 2464 474 2525 per
496 2444 712 2505 Coloniensem
742 2450 773 2504 et
795 2442 1058 2542 Lovauiensem¹l

140 2524 427 2606 Universitatescl,
462 2535 568 2609 utpote
596 2529 661 2609 agri
690 2524 878 2602 dominicid)
914 2529 1059 2607 piissimas

141 2609 450 2690 religiosissimosque
471 2612 627 2689 cultrices
650 2629 712 2670 non
734 2612 834 2669 minus
858 2608 959 2671 docta
980 2628 1058 2693 quan

140 2704 254 2834 verae)
278 2712 314 2753 ac
337 2694 460 2754 sanctas
466 2703 476 2770 )
501 2694 640 2755 confutat
595 2695 670 2754 taio
681 2691 910 2772 ,reprobatio,
936 2703 968 2755 et
989 2693 1057 2755 dam

141 2781 194 2834 nat
194 2776 234 2836 io.
279 2777 355 2837 Mult
344 2784 375 2837 ta
388 2796 511 2857 quoque
522 2777 583 2837 alia
594 2776 729 2857 allegare
744 2794 911 2872 possemus
925 2776 970 2859 g),
983 2794 1056 2858 quae,

139 2875 179 2916 ue
201 2858 357 2919 historiam
381 2867 486 2921 texere
509 2860 677 2937 videamur,
699 2858 981 2940 praetermittenda
1001 2877 1055 2920 ceu·

140 2958 263 3001 surmus.

181 3030 214 3100 a)
242 3023 268 3085 O
291 3025 482 3105 praeclarum
511 3024 691 3103 concilium,
725 3022 806 3103 quod
830 3023 921 3085 nulla
945 3024 1054 3105 public

183 3105 234 3187 (ut
256 3107 376 3188 debuit)
401 3108 535 3186 libertas,
558 3106 612 3167 sed
634 3113 737 3168 vestra
761 3106 861 3186 (quod
885 3108 1054 3188 pudendun

181 3194 245 3265 est)
270 3193 407 3271 tyrannis
420 3191 645 3267 moderabatur,
667 3200 699 3251 ιιι
720 3190 941 3252 nuncRomae
963 3192 1054 3253 nescio

180 3274 252 3352 quid
275 3273 470 3334 conciliabuli
491 3273 604 3352 habes,
634 3275 664 3333 in
688 3292 748 3353 quo
770 3291 868 3352 nuper
894 3280 1054 3336 statuerunt

180 3357 304 3417 tandem
327 3357 484 3453 Gopiistae
505 3359 564 3434 tui,
594 3357 727 3417 animam
756 3374 823 3416 esse
845 3356 1053 3420 immortalem.

182 3439 217 3521 b)
234 3441 326 3502 Cuius
348 3441 391 3517 rei
412 3446 535 3501 autores
551 3439 672 3500 fuerunt
693 3439 880 3520 sanguinarii
906 3440 1053 3502 Romanae

181 3524 331 3584 ecclesiae
355 3523 513 3603 episcopi,
541 3541 604 3583 non
627 3523 728 3620 digni,
762 3521 870 3619 quibus
896 3523 939 3585 de
963 3525 1052 3605 loque

180 3613 283 3667 rentur
316 3608 415 3666 amice
444 3605 553 3686 populi
575 3604 651 3686 Sep
652 3606 815 3682 entrronrs,
853 3606 976 3668 nedum
1011 3621 1051 3688 pro

210 3737 241 3804 1)
263 3738 294 3790 ln
313 3736 354 3790 ed
376 3734 508 3788 lddncbii:
537 3732 716 3786 colonienses
743 3735 770 3783 et
788 3729 984 3785 Lovanienses
1003 3729 1049 3782 uu

138 3810 290 3863 versitates.
