2346 4208
119 243 163 310 94
347 246 457 302 ylbssttr.
475 246 589 301 consol.
608 245 644 300 D.
661 245 696 300 ll.
717 246 827 303 bauan
888 243 891 249 ’

120 430 213 492 dendi
232 438 307 494 arte.
351 432 397 492 lta
418 432 565 511 vivimus,
600 439 633 492 ιιι
666 452 706 492 na
736 436 894 493 momento
919 429 1039 510 quidm

121 516 221 576 seeuri
243 517 336 574 simus
360 515 503 577 debono
527 516 687 595 proposito
709 522 827 576 nostro.

205 597 376 678 Cyprianus
410 599 505 658 multa
530 598 705 659 huiusmodi
736 597 1042 660 commemoramini

121 681 265 762 Epistola
298 681 337 741 ds
360 681 546 742 mortalitate
568 682 660 742 docet
682 681 851 761 optandam
873 699 945 742 esse
960 698 1042 743 mot-

121 771 183 824 tem
206 771 351 844 tauquam
383 764 607 825 subventrieem
645 764 783 825 velooem
813 763 854 823 ad
884 762 1043 825 evadende

121 847 200 908 haee
222 849 311 907 mala.
355 848 402 906 Ae
424 867 495 908 vere
518 848 568 909 ubi
590 848 702 908 fuerint
724 846 909 908 bonioordes
937 847 968 906 hi
989 847 1040 908 bo·

123 931 231 1008 mines,
249 931 301 1009 qui
323 929 400 990 haee
412 931 548 1010 pericula
564 931 683 992 infinita
694 930 804 991 inferni
826 929 921 1010 digno
940 930 1041 991 anino

121 1020 263 1091 tractant,
287 1013 426 1073 videmus
449 1033 503 1074 eos
526 1019 707 1094 contempta
731 1015 792 1074 vita
812 1019 844 1074 et
866 1019 967 1076 morte
994 1011 1042 1087 [ill

121 1105 183 1174 est,
214 1096 355 1157 omnibus
378 1096 466 1156 malis
487 1097 664 1176 praedietis)
689 1104 797 1176 optare
819 1097 909 1192 solvi,
931 1103 966 1156 ut
984 1095 1043 1157 boe

121 1141 204 1239 malo
227 1187 442 1275 peecatorum
474 1181 505 1239 in
540 1198 628 1259 qno
613 1187 718 1258 suut⁷
741 1185 774 1239 ut
795 1181 898 1258 priore
920 1186 1040 1259 speotm

122 1261 267 1341 diximus,
297 1264 357 1322 et
349 1283 381 1322 m
403 1263 486 1342 quod
509 1264 621 1324 eadere
642 1270 788 1344 possunt
761 1263 855 1323 tde
877 1281 958 1342 quo
962 1279 1042 1323 nune

123 1344 262 1420 dicimus,
285 1346 375 1405 simul
395 1347 564 1410 solvantur
614 1346 653 1406 Et
680 1353 752 1405 sunt
781 1363 855 1407 saue
882 1344 1042 1407 osennae

121 1430 258 1488 rationes
288 1430 475 1491 iustissimae
504 1449 567 1490 non
597 1436 713 1490 tantum
749 1430 855 1490 mortis
877 1427 1041 1508 optandos,

122 1511 179 1572 sed
202 1519 234 1572 et
256 1513 392 1572 omnium
414 1512 567 1573 >malorum
590 1530 650 1573 oon
653 1512 902 1589 temnendam,
930 1511 1041 1573 uadum

122 1596 211 1654 unius
233 1595 304 1656 mali
327 1596 435 1656 leviter
455 1595 591 1676 ferendi,
619 1596 646 1655 si
666 1597 715 1655 eui
744 1595 863 1656 dederit
888 1595 1042 1676 doninus,

121 1685 155 1739 ιιι
177 1680 221 1738 eis
244 1686 462 1758 promoveatur
484 1677 535 1761 ¹),
564 1679 679 1741 donum
709 1680 812 1758 itaque
832 1679 891 1740 Dei
919 1688 969 1740 est
1000 1679 1041 1741 eis

122 1781 249 1822 movarr.

206 1844 280 1920 Quis
306 1846 386 1904 enim
417 1851 501 1905 reete
522 1844 711 1905 Christianus
742 1863 805 1905 non
834 1851 922 1924 optet
951 1845 1041 1905 stiam

93 1919 209 2006 'mort
235 1928 347 1987 nedum
372 1927 534 2006 infirmari,
568 1928 619 2006 qui
652 1925 756 1987 videat
786 1945 823 1987 ae
853 1928 968 1988 sentiat
999 1945 1041 2005 ss,

123 2011 195 2071 dum
219 2031 311 2072 sanus
333 2012 426 2088 vivit,
459 2012 648 2091 inpeccatis
677 2029 761 2089 esse,
791 2017 823 2070 et
842 2012 990 2072 continue
1010 2011 1041 2071 in

122 2095 211 2175 plura
234 2114 322 2154 ruere
344 2113 448 2175 posse,
471 2103 502 2155 et
521 2093 661 2173 qnotidie
682 2107 785 2170 ruere,
808 2112 846 2154 ae
866 2095 912 2154 sie
933 2100 1042 2155 eontra

123 2177 373 2238 amabilissimum
409 2177 618 2238 amabilissimi
646 2178 744 2238 Patris
773 2179 819 2237 sui
852 2176 1042 2239 voluntatem

120 2264 187 2323 sine
209 2262 436 2321 intermissione
457 2261 570 2341 agere?
613 2260 681 2321 Hoe
710 2262 790 2320 enim
820 2259 1041 2340 indignationis

121 2352 209 2406 aestu
230 2352 261 2404 et
282 2344 393 2404 Paulus
418 2345 525 2422 (Rom.
548 2349 595 2417 7.)
622 2351 806 2421 commotus,
827 2361 897 2403 eum
920 2361 1040 2404 senon

121 2447 215 2508 agere
237 2428 361 2506 bonum,
383 2427 466 2506 qnod
480 2427 583 2505 vellet,
607 2427 661 2487 sed
686 2427 808 2506 malum,
828 2425 911 2505 quod
933 2427 1041 2504 nollet

121 2517 245 2592 questus
270 2512 391 2589 luisset,
415 2511 614 2571 exclamavit:
636 2510 747 2571 lnfelix
767 2529 826 2590 ego
846 2511 952 2588 homo,
974 2510 1041 2590 quis

123 2615 172 2657 me
193 2595 336 2656 liberabit
357 2594 396 2655 de
418 2613 548 2674 corpore
570 2595 676 2654 mortis
699 2594 807 2654 huius?
845 2592 953 2654 Gratia
975 2593 1043 2669 Dei,

120 2681 228 2760 inquit,
250 2699 305 2759 per
325 2678 425 2739 lesum
440 2677 593 2738 Christum
609 2684 667 2739 ete.
700 2677 809 2738 Parum
832 2676 934 2756 diligit
943 2677 1042 2739 Deum

120 2764 242 2824 Patrem
264 2781 368 2840 suum,
397 2764 448 2840 qui
476 2781 538 2822 non
566 2761 700 2840 praefert
729 2761 834 2820 mortis
870 2760 955 2820 melo
984 2761 1044 2823 boo

120 2845 270 2926 pensandi
292 2846 416 2923 malum,
439 2864 506 2905 oum
529 2845 582 2904 ille
604 2850 733 2904 mortem
755 2845 786 2903 in
808 2843 869 2904 hoo
883 2843 1044 2920 ordinarit,

121 2938 154 2991 ut
174 2930 236 2991 hoe
258 2929 371 2991 malum
384 2928 551 3008 aliquando
573 2926 669 3005 liniat,
693 2934 724 2986 et
745 2929 785 2987 sit
802 2945 884 2986 mors
907 2929 993 2988 vitae
1007 2947 1044 2989 aa

120 3015 254 3074 iustitiae
276 3014 421 3090 ministra,
444 3011 613 3091 dequibus
635 3011 723 3072 inlra.

123 3231 250 3312 Caput
270 3231 319 3295 111.
343 3229 388 3291 de
410 3237 571 3311 spectro
595 3231 732 3308 tertio,
754 3227 862 3309 quod
885 3237 946 3291 est
969 3234 1045 3294 ma'-

246 3315 321 3375 lum
345 3314 613 3396 praeteritum,
637 3334 702 3374 sen
724 3319 815 3394 post
836 3333 915 3380 nos

207 3454 238 3513 ln
260 3450 320 3512 hoo
341 3451 454 3511 eximie
476 3469 551 3529 prae
572 3451 682 3510 esteris
703 3450 787 3509 lueet
803 3448 902 3508 duleis
926 3451 1044 3511 miseri-

123 3534 228 3598 eordia
255 3535 312 3595 Dei
335 3534 449 3613 Patris,
483 3540 594 3611 potens
632 3553 689 3593 nos
717 3531 906 3592 consolari
898 3551 930 3590 sn
960 3535 1045 3594 omui

123 3689 545 3710 W*-

194 3784 225 3849 1)
246 3783 275 3835 ln
297 3781 337 3836 ed.
357 3782 430 3835 lem:
450 3783 654 3850 permoveatur.
