2346 4208
120 261 163 331 36
306 266 465 335 orrpuauo
481 226 750 335 rorantur.
770 264 832 318 ιιι

124 451 248 516 rebatur
255 456 391 535 ‚eapite
409 411 499 519 uobis
520 451 714 534 vulpeculas,
736 469 817 532 quae
838 449 1046 519 demoliuntur

122 537 255 609 vineam.
297 537 414 601 Taoeat
444 555 536 618 ergo,
564 550 697 616 quaeso,
727 535 915 598 reverendus
943 534 1044 615 Pater,

122 626 154 681 et
173 619 262 682 nobis
292 639 369 692 non
382 620 509 683 insultat
530 639 599 681 aum
622 617 749 680 Graeois
771 624 803 680 et
824 581 1044 698 Orientalibus,

120 704 174 783 qui
194 723 214 764 a
229 704 319 766 Rom.
342 703 521 765 definientes
544 702 678 765 eoelesia
699 721 718 763 a
738 700 801 765 fide
821 720 955 782 quoque
952 701 1044 763 (luri

120 786 222 851 stiaua
252 787 324 849 faati
350 795 437 850 suut
455 787 587 849 exsules.
632 785 862 847 (lonseotarinm
886 790 948 866 est,
981 803 1043 866 quo

121 876 213 950 paeto
239 870 422 951 aeeipiauda
451 871 490 933 sit
516 870 624 931 illatio.
667 868 724 929 Est
745 867 849 948 radix,
880 887 974 949 ergo
989 867 1044 929 do

122 953 221 1031 ruina·
243 972 307 1014 non
331 955 412 1016 enim
436 953 477 1015 de
497 953 601 1015 radice
619 952 772 1030 loquimur
793 949 880 1031 initii,
902 951 952 1012 vel
969 957 1044 1013 tem·

121 1036 215 1116 poris,
238 1035 292 1097 sed
314 1036 354 1098 da
375 1036 480 1098 radiae
501 1035 635 1099 influxus
657 1042 698 1094 et
709 1034 951 1115 principalitatis
1012 1048 1040 1097 ‚t-

146 1117 321 1194 ,Quarto
347 1120 417 1181 looo
441 1120 546 1179 nititur
567 1118 753 1179 reverendus
775 1117 880 1214 Pater,
903 1136 937 1178 se
959 1117 1043 1179 osolt

29 1256 37 1271 ,
122 1219 195 1263 vere
224 1222 272 1262 ex
293 1202 395 1265 verbis
421 1203 620 1283 Hieronymi,
651 1207 684 1263 et
725 1201 780 1261 illa
814 1202 938 1262 vitare.¹
953 1219 1042 1261 nam

102 1303 242 1366 Ιιιιιιιιιιο
244 1282 418 1347 saoardoti
446 1284 550 1352 tribuit
578 1284 702 1364 quidem
737 1291 779 1345 et
797 1283 863 1347 dari
891 1301 1044 1347 summam

121 1367 312 1448 dignitatem,
334 1368 389 1431 sed
410 1369 470 1429 hoo
490 1367 575 1429 ιιι
567 1367 789 1429 rurehumano.
812 1366 873 1429 aar
895 1384 950 1428 our
971 1370 1045 1429 tuna

121 1452 156 1512 Β.
183 1415 390 1533 Hieronymus
419 1451 587 1515 Damasum
613 1450 781 1511 Pisoatoris
814 1449 952 1530 appellnt
977 1460 1045 1514 suti

122 1553 295 1614 eessomm,
327 1541 360 1596 et
381 1533 547 1597 cathedrae
568 1534 651 1595 Petri
671 1533 738 1594 vult
758 1532 926 1594 assooiaril
966 1532 1045 1596 ittae

123 1617 261 1679 divinum
285 1619 384 1680 aitaris
412 1617 519 1682 Matth.
544 1619 592 1683 16.
616 1634 713 1696 super
737 1615 822 1678 illam
844 1615 1045 1697 pstramluu·

122 1700 225 1761 datam
248 1700 411 1763 eoelesiam
439 1701 515 1765 soio.
558 1698 650 1776 Quod
677 1701 721 1760 ita
746 1700 872 1779 reliquia
897 1698 1044 1763 ‚eooleafls

123 1785 315 1864 appropriari
337 1803 399 1847 non
422 1789 542 1865 potest,
578 1789 611 1844 ut
641 1782 813 1845 Bernartius
834 1783 1044 1862 ratioaiuaturp

122 1873 155 1927 et
174 1866 358 1946 prohdolor
379 1886 448 1929 oum
465 1882 585 1928 summa
601 1865 843 1929 christianornm
863 1866 974 1927 iniuria
997 1878 1045 1930 au·

123 1969 189 2009 mus
212 1952 331 2031 experti
353 1957 424 2030 port
425 1970 459 2011 as
412 1950 648 2013 tinferorum
661 1949 871 2030 praevaluisse
894 1948 1046 2011 seplasiae

121 2033 433 2115 Hierosolymitanea
455 2033 679 2117 Antiooheuae,
700 2031 940 2110 Alexandrinae,
962 2031 1044 2092 addo

122 2133 246 2195 qnoque
267 2117 449 2196 Boeminae,
487 2116 571 2198 quod
592 2122 696 2179 tamen
723 2116 762 2177 de
790 2115 943 2195 seplasia,
964 2133 1045 2195 quae

122 2199 319 2261 fundatat
271 2206 319 2261 est
340 2219 432 2281 super
452 2200 585 2297 Petram,
607 2201 720 2262 veritas
735 2201 920 2299 ino'orrupta
933 2198 1044 2260 Ghristi
1072 2266 1075 2270 ⁴

122 2300 185 2343 nou
207 2283 329 2363 patitur
372 2283 434 2344 Sed
450 2284 643 2344 verissimum
665 2284 742 2344 est
731 2303 773 2343 ιιι
787 2284 842 2362 iis,
874 2300 953 2362 quae
975 2288 1046 2343 suut

122 2364 205 2441 fidei,
226 2365 310 2445 quod
331 2366 568 2447 Hieronymus
560 2387 592 2427 m
612 2365 722 2429 eadem
738 2364 890 2447 Epistola
904 2364 1046 2444 afirmat,

123 2447 297 2594 ubieunque
310 2449 401 2512 inerit
388 2455 543 2531 taorpus,
563 2449 605 2513 ibi
620 2448 892 2532 eougrsgabuntur
913 2451 945 2510 at
961 2449 1046 2528 aqui

180 2531 440 2630 *)Ρ.ιοιιςιιο
461 2554 480 2595 a
504 2532 585 2596 mala
609 2533 722 2595 sobole
740 2533 941 2619 patrimonio,
964 2531 1046 2613 apud

123 2635 180 2693 vos
202 2616 287 2679 solos
310 2617 488 2698 iuoorrupta
507 2616 630 2677 Petrum
652 2617 784 2678 omuino
801 2622 944 2677 servatur
960 2622 1046 2676 auto·

123 2699 208 2761 ritas.
251 2699 294 2760 At
315 2700 405 2763 hoo
396 2721 429 2761 m
450 2700 613 2780 prinoipnli
634 2699 735 2761 adhue
757 2698 915 2761 evidenter
936 2698 1045 2780 pralm

124 2783 240 2860 vimus
263 2801 326 2844 non
348 2785 414 2845 iure
434 2784 570 2846 humano
597 2784 762 2864 primatum
785 2783 934 2845 obtinete
942 2782 1046 2844 aeole-

123 2865 201 2926 siam
223 2864 324 2946 Rom,
346 2866 401 2928 sed
424 2867 538 2928 divino.
1030 2898 1034 2905 ·

133 2971 136 2977 ’
206 2947 347 3013 Praestat
367 2958 470 3011 tamen
493 2950 620 3029 diluere,
641 2968 722 3046 quae
743 2949 948 3011 venerandus
955 2949 1049 3011 Pater

124 3051 182 3129 pro
206 3052 240 3093 ss
261 3053 301 3094 ex
321 3034 447 3101 Hieron.
470 3033 613 3116 adduxit,
635 3033 734 3113 primo
751 3033 979 3114 adilvagrium,
995 3032 1048 3096 ubi

124 3118 306 3196 episeopum
330 3118 450 3180 Romae
479 3123 529 3178 et
537 3115 685 3198 nugubii,
717 3116 1010 3197 Constantinopoli
1007 3124 1048 3178 ιιι

125 3199 231 3279 Regii,
255 3201 391 3262 eiusdem
416 3201 515 3261 meriti
537 3199 612 3263 dioit
633 3207 665 3260 ot
685 3201 866 3262 sacordotii.
901 3199 970 3262 Hoe
992 3201 1047 3261 sai·—

124 3284 240 3360 vimus,
260 3290 436 3363 ¹antequam
458 3283 614 3365 Tbeognis
637 3291 778 3344 naseeret
779 3304 822 3345 ur.
864 3283 974 3363 Neque
993 3283 1048 3344 Pa·

124 3373 213 3446 patus
237 3373 284 3427 est
304 3367 382 3428 ordo
409 3366 488 3427 ultra
510 3367 743 3447 episeopatum‚
766 3386 837 3428 nam
862 3369 964 3428 sio-et
985 3367 1047 3428 alio

125 3449 196 3510 loeo
218 3449 365 3530 aequales
388 3448 462 3509 dieit
482 3449 576 3509 fuisse
597 3449 769 3530 apostolos,
791 3451 841 3513 ubi
857 3457 966 3511 tamen
989 3451 1047 3530 pri·

25 3538 28 3547 '
126 3539 240 3595 matum
263 3533 294 3596 S.
316 3533 407 3595 Petro
431 3552 492 3594 non
515 3532 656 3595 abstulit·
699 3575 703 3583 f

138 3754 150 3835 Ι.
180 3789 212 3856 ⁸)
231 3791 325 3846 matth,
344 3791 407 3875 24.ἱ
