2346 4208
411 261 446 319 ds
464 262 588 335 digamis
605 267 807 336 spiscoporum.
1003 262 1064 332 361

143 546 441 609 Conclusiones
463 546 533 608 hae
555 548 625 608 Dei
652 547 805 610 auxilio
828 547 987 630 publice
1009 549 1066 612 de·

494 629 716 698 laudentur.

393 746 484 808 Anno
506 748 547 811 M.
570 748 607 809 D.
629 747 817 823 XXVlll*).

213 868 240 929 1.
263 863 447 945 Quicunque
481 873 589 928 contra
621 873 760 946 apertum
794 874 826 928 et
864 867 978 928 clarum
1006 868 1067 930 Dei

145 947 276 1010 verbum
299 950 373 1030 agit,
393 950 420 1008 is
442 949 534 1029 plane
555 949 594 1010 ad
617 949 790 1030 gehennam
813 950 963 1012 aedificat.

209 1033 236 1094 2.
260 1030 303 1092 At
328 1031 468 1113 bigamia
501 1033 664 1094 manifeste
692 1052 748 1114 per
780 1034 905 1096 verbum
928 1040 975 1094 est
996 1053 1066 1115 pro-

142 1114 243 1177 hibita
264 1115 295 1175 in
317 1114 489 1176 sacerdote.

209 1199 238 1262 3.
262 1197 378 1259 Contra
394 1204 534 1278 apertum
555 1199 647 1279 igitur
662 1199 716 1258 Dei
740 1199 864 1261 verbum
888 1201 961 1282 agit,
985 1207 1015 1261 et
1028 1199 1068 1261 ad

141 1281 320 1364 gehennom
339 1279 483 1341 aedificat
498 1282 664 1362 episcopus
686 1283 736 1342 vel
758 1280 929 1364 presbyter,
950 1285 1002 1365 qui
1023 1302 1068 1345 se-

142 1363 277 1425 cundam
300 1382 428 1424 uxorem
451 1364 544 1427 ducit.

211 1448 243 1509 4.
265 1445 448 1525 Quicunque
469 1447 563 1527 plana
584 1466 621 1508 uc
643 1448 777 1508 dilucida
799 1448 922 1510 divinae
937 1448 1070 1530 Scriptu-

144 1549 202 1591 rae
224 1529 320 1591 verba
341 1529 511 1611 depravare
533 1531 638 1591 nititur
665 1538 718 1591 aut
740 1531 942 1612 obtorquere,
974 1533 1001 1593 is
1017 1551 1069 1592 au·

142 1611 277 1674 diendus
296 1615 360 1674 non
381 1619 438 1690 est,
460 1612 514 1673 sed
536 1612 756 1692 reprobandus.

208 1699 237 1760 5.
260 1697 403 1776 Apostoli
426 1695 521 1757 verba
542 1695 581 1757 ad
602 1697 812 1773 Timotheum,
846 1697 930 1777 quod
951 1699 1070 1776 episco·
1136 1731 1137 1734 κ

142 1798 219 1862 pum
243 1780 332 1838 unius
356 1779 460 1840 uxoris
483 1780 623 1840 maritum
647 1799 715 1840 esse
730 1787 862 1860 oportet,
884 1780 978 1860 plana
1000 1786 1071 1841 sunt

142 1868 177 1923 et
201 1860 346 1923 dilucida.

209 1947 238 2009 6.
261 1944 302 2004 Et
330 1944 429 2025 magis
467 1946 684 2024 persequentia
725 1945 948 2025 explanantur,
990 1945 1073 2026 quod

145 2026 242 2090 vidua
263 2027 391 2108 allegari
413 2026 515 2103 debet,
536 2046 616 2106 quae
638 2029 727 2088 unius
749 2029 804 2088 viri
828 2048 905 2090 uxor
925 2028 1025 2090 buerit.

210 2114 238 2174 7.
263 2109 446 2188 Quicunque
458 2111 550 2191 igitur
560 2111 591 2170 in
605 2110 767 2172 sacerdote
783 2111 947 2193 bigamiam
964 2111 1073 2188 admit-

150 2195 188 2254 tit
210 2212 265 2254 seu
289 2193 440 2267 defendit,
463 2194 489 2253 is
512 2201 656 2273 tanquam
678 2193 803 2256 divinae
825 2193 999 2276 Scripturas
1021 2195 1072 2257 de-

145 2283 295 2358 pravator
312 2275 524 2357 reprobandus
548 2284 648 2338 estet
671 2277 841 2358 pellendus.

209 2359 237 2424 8.
262 2358 378 2419 Eadem
402 2359 496 2420 verba
518 2361 548 2419 in
571 2360 636 2439 pari
649 2379 721 2420 casu
737 2362 858 2440 prolata
868 2362 982 2441 pariter
1001 2367 1072 2422 sunt

143 2450 177 2503 et
202 2441 414 2523 intelligenda.

209 2527 236 2588 9.
260 2523 441 2602 Quicunque
464 2523 555 2603 igitur
569 2523 714 2602 Apostoli
735 2525 830 2586 verba
851 2528 894 2586 ita
915 2525 1068 2606 intelligit,

145 2617 182 2668 ut
206 2609 371 2688 episcopus
393 2607 443 2666 vel
466 2606 611 2666 sacerdos
635 2607 724 2666 simul
738 2614 777 2677 ,et
798 2607 908 2669 eodem
931 2615 1071 2688 tempore

145 2690 253 2771 plures
276 2709 388 2751 uxores
411 2689 525 2750 habere
547 2708 609 2749 non
634 2689 755 2753 debeat.

189 2777 238 2837 10.
260 2773 289 2836 Is
311 2780 341 2833 et
364 2791 419 2852 per
431 2770 538 2832 eadem
563 2772 656 2833 verba
669 2773 812 2852 Apostoli
832 2773 922 2834 fateri
940 2775 1071 2854 cogitur,

148 2854 235 2939 quod
266 2863 296 2917 et
318 2856 426 2915 mulier
448 2855 551 2934 plures
575 2855 656 2916 viros
680 2856 769 2916 simul
810 2863 841 2916 et
863 2855 974 2917 eodem
997 2863 1071 2917 tem-

144 2958 223 3020 pore
250 2938 364 3000 habere
386 2939 499 3019 possit,
527 2938 552 2997 si
574 2937 702 3019 allegari
723 2958 786 2999 non
809 2937 950 3021 deberet,
986 2938 1069 3018 quod

144 3022 239 3103 plane
260 3020 425 3083 absurdum
450 3028 541 3082 esset.

120 3162 125 3169 .
190 3108 240 3167 11.
263 3104 356 3165 Nulla
367 3103 523 3183 Scriptura
544 3103 720 3164 authentica
734 3103 839 3165 doceri
853 3111 964 3185 potest,
988 3104 1070 3185 quod

113 3175 249 3248 ‘Iudaei
273 3186 417 3268 Apostoli
439 3193 541 3247 aetate
560 3189 717 3266 (exceptis
738 3188 880 3269 regibus)
897 3187 972 3248 duas
995 3208 1070 3249 uxo-

141 3290 193 3332 res
216 3269 326 3332 eodem
350 3276 491 3348 tempore
512 3268 683 3330 habuerint.

189 3356 237 3417 12.
259 3354 361 3413 Multis
383 3353 566 3413 testimoniis
587 3353 710 3433 probari
724 3360 837 3435 potest,
861 3353 944 3433 quod
957 3352 1069 3417 Graeci

148 3496 410 3504 -—-.....--..--—-—
417 3496 545 3504 ...ι-ι--ωα

219 3563 249 3627 *1
270 3563 368 3617 Annus
387 3580 443 3616 non
462 3563 600 3617 indicatur
620 3566 649 3615 in
664 3563 707 3615 ed.
730 3563 808 3630 1538,
830 3567 961 3632 repetitus
981 3570 1070 3619 estex

143 3635 186 3689 ad.
208 3635 278 3690 1558
297 3644 324 3688 ct
342 3636 384 3689 ed.
402 3634 466 3688 den.
504 3635 535 3688 In
560 3634 611 3688 ed.
649 3635 716 3690 1558
746 3637 890 3704 inscriptio
919 3635 986 3689 haec
1014 3644 1071 3692 est:

143 3706 342 3763 conclusiones
362 3707 415 3760 hae
436 3711 534 3760 contra
553 3706 707 3777 digamiam
728 3706 903 3764 secerdotum
923 3707 973 3762 Dei
993 3713 1070 3764 suxi·

141 3778 182 3833 lio
199 3778 310 3848 publice
329 3776 518 3833 defendentur.
537 3778 620 3833 Anno
639 3779 673 3831 ll.
697 3779 729 3834 11.
749 3778 872 3836 XXVIIL
