2346 4208
121 225 185 295 25ss
455 232 536 285 sni·
553 233 651 288 mom
670 235 702 288 x.

178 416 374 497 Exsurguts·
397 417 530 497 denique
543 421 643 481 omnis
658 418 855 495 Sanctorum,
873 437 913 479 so
931 417 1045 498 relique

125 501 308 561 universalis
329 502 517 575 ecclesian).
539 504 626 563 cuius
637 523 711 563 vers
722 522 882 563 sacrorum
893 501 1044 564 utentum

123 586 375 662 interpretatione
398 585 615 664 posthabitae)
645 585 789 664 quidum,
810 604 945 664 quomm
968 604 1045 647 men·

123 676 184 728 tem
207 667 297 726 Peter
320 668 471 729 mendacii
479 667 514 742 2¹)
533 671 728 745 excaecarit,
756 689 799 728 ex
819 670 921 729 veteri
944 668 1047 729 haere

121 751 250 810 uicorum
272 752 421 823 instituto,
442 750 525 831 spud
546 764 644 812 semet
661 754 748 831 ipsos
768 753 942 831 sepientes,
958 751 1048 831 scrip

104 827 205 893 'turus
227 833 351 893 eosdem
374 834 517 911 nlicere),
539 854 630 914 quem
654 835 785 913 Spiritus
814 842 946 895 sanctus
967 833 1048 915 llsgi·

122 926 182 983 tet,
210 918 336 995 proprio
358 916 506 977 duntaxat
529 938 641 993 sensu,
664 912 863 994 ambitionis,
894 935 1049 996 suraeque

122 999 316 1078 popularisfl
353 1018 446 1058 eausn
472 1011 569 1079 (teste
590 1000 765 1080 Apostolot
794 1002 1050 1080 interpretantur,

122 1082 184 1141 imo
208 1102 282 1142 vero
320 1090 477 1160 torquent,
515 1098 544 1143 et
567 1083 807 1161 adulterante),
828 1085 876 1143 ita
910 1089 947 1144 ut
969 1085 1049 1143 iuxta

121 1164 341 1243 Hieronymum
365 1168 425 1225 ism
446 1186 508 1226 non
532 1168 572 1227 sit
594 1167 790 1246 evangelium
801 1165 930 1241 Christi,
954 1162 1048 1247 sedb)

120 1247 264 1323 bominis,
287 1258 350 1324 eut,
372 1250 454 1326 quod
476 1251 563 1329 peius
580 1260 639 1323 est,
659 1249 794 1310 dioboli:
816 1258 990 1329 exsurgat,
1011 1250 1049 1311 in·

121 1348 223 1408 quam,
245 1331 382 1409 praefate
404 1340 510 1392 ennete
532 1333 666 1392 ecclesie
684 1332 801 1407 Deii),
835 1340 868 1392 et
897 1352 964 1393 uns
985 1351 1048 1395 cum

119 1412 302 1472 beatissimis
331 1416 479 1493 apostolis
509 1416 654 1495 praefatis
676 1414 759 1495 opud
779 1415 881 1475 Deum
913 1417 1050 1496 omnipo

120 1502 234 1555 tentem
258 1496 702 1578 intercedet,utpurgutis¹1)
727 1499 831 1558 ovium
855 1517 987 1559 suorum
1008 1518 1051 1559 er·

119 1578 249 1653 roribus,
272 1580 497 1659 eliminatisque
529 1602 548 1640 a
568 1581 703 1640 fidelium
734 1578 848 1641 tinibus
869 1580 1050 1643 haeresibus

120 1663 286 1737 universis,
319 1663 470 1724 ecclesiae
491 1683 566 1723 suae
600 1674 726 1723 sauctae
758 1682 868 1742 pacem
901 1672 937 1725 et
959 1666 1050 1725 unite

120 1742 217 1824 teml]
244 1764 429 1806 conservare
451 1747 603 1826 dignetur.

160 1838 198 1903 a)
223 1828 263 1888 Ut
292 1848 362 1888 cum
391 1830 542 1890 scelerato
573 1828 804 1909 malignantium
842 1830 984 1892 oonsilio
1006 1848 1050 1893 oo

163 1910 248 1971 eidos
271 1919 313 1970 tn.

161 1993 198 2069 b)
224 1993 322 2068 Quem
346 2002 378 2054 tu
400 2002 431 2055 et
451 1996 549 2055 saneti
570 1995 616 2054 illi
637 1992 899 2073 praedecessores
915 1997 963 2056 tui
985 1995 1050 2057 sbo

163 2076 280 2136 levistis
304 2078 365 2136 iam
386 2098 487 2157 paene
508 2085 540 2137 et
560 2076 745 2157 perdidistis
1088 2138 1090 2156 Ι

161 2163 196 2232 e)
225 2159 392 2239 Resumpte
416 2160 475 2222 dic.
518 2159 557 2230 d)
571 2161 706 2234 Rectius,
726 2158 799 2236 Iso,
823 2157 968 2223 diceres:
992 2160 1050 2241 epi·

160 2243 235 2301 ritus
259 2256 382 2302 sanctus
406 2244 576 2304 illustravit.
607 2244 684 2302 llam
708 2261 764 2301 ros
787 2242 883 2302 Peter
905 2244 964 2305 ille
985 2263 1048 2305 evu-

162 2325 248 2383 ritiae
272 2326 373 2386 studio
398 2327 585 2386 obcaecatos
619 2324 657 2385 sd
689 2326 825 2404 pessima
860 2329 975 2388 omnis
1005 2327 1048 2387 de

161 2408 316 2467 cernenda
340 2418 371 2467 et
394 2408 534 2470 l'soiende
556 2409 675 2487 impulit
695 2408 788 2467 toties
811 2409 887 2468 iam.

161 2494 194 2564 e)
222 2490 319 2550 Aliter
340 2511 432 2569 quam
456 2491 637 2552 Pontificum
658 2491 808 2551 avaritiae
831 2497 865 2550 et
888 2492 1046 2555 ambitioni

160 2575 332 2635 conveniat.
378 2576 491 2635 Desine
514 2585 545 2634 tu
568 2594 660 2649 vero,
695 2574 780 2632 onius
817 2573 874 2634 tibi
907 2577 1045 2637 ennesius

159 2658 226 2734 ipse
249 2675 292 2733 es,
316 2659 345 2715 in
370 2659 438 2717 eliis
462 2659 640 2718 calumniari
664 2657 788 2717 crimen.

160 2739 277 2809 lllmo
301 2739 442 2818 publicae
466 2741 666 2816 necessitatis,
689 2758 757 2798 oum
774 2745 827 2798 tue
848 2742 951 2802 venia
973 2741 1042 2803 dico.

159 2826 197 2900 g)
223 2821 339 2882 Contra
360 2822 425 2883 lieri
448 2843 556 2884 omnes
578 2824 644 2883 seni
667 2822 770 2880 vident
791 2820 848 2881 abs
867 2828 902 2883 te
927 2823 1000 2887 hoo.

160 2903 198 2970 h)
223 2904 264 2963 Ut
296 2907 400 2965 nititur
427 2908 458 2966 in
494 2907 572 2966 alios
601 2905 765 2965 transferre
800 2923 893 2965 suum
928 2909 1043 2969 crimen.

160 2985 239 3044 Nem
263 2987 363 3048 adbuc
386 2988 469 3049 alind
500 2989 573 3048 nihil
602 2987 772 3048 audivimus
795 2994 951 3066 egentem
974 3007 1044 3051 eum.

160 3065 188 3147 i)
212 3068 411 3150 Exsurgeret,
435 3074 493 3132 nisi
516 3082 547 3131 tu
565 3072 770 3151 opprimeres:
791 3068 854 3129 hoo
879 3091 979 3133 unum
1002 3070 1043 3135 ob

161 3159 230 3213 stet.
274 3153 312 3233 k)
338 3154 465 3231 Potius,
497 3161 529 3214 ut
551 3153 667 3214 abolita
694 3158 853 3232 pastorum
878 3154 1044 3227 ferocitate,

161 3243 191 3293 et
215 3234 343 3297 liberato
367 3239 405 3297 ab
429 3257 626 3313 urceorum,
657 3256 696 3295 ne
718 3237 757 3295 sit
785 3234 867 3294 ultre
892 3238 926 3299 in
950 3254 1043 3299 escen

160 3318 245 3396 ipsis,
267 3338 362 3400 grege
398 3328 504 3399 poscet
526 3339 601 3380 oves
624 3338 712 3394 sues,
735 3318 856 3397 ipsein
880 3319 1043 3382 indicioct

160 3400 311 3462 occubere
330 3404 437 3479 faeiat,
468 3403 614 3483 quodque
636 3402 769 3481 perierat
787 3401 947 3479 requirat,
972 3399 1042 3483 qnol

162 3484 349 3545 confractum
384 3493 449 3545 erat
480 3486 601 3566 alliget,
636 3483 719 3564 quod
750 3480 909 3545 infirmnm
946 3487 1042 3553 lueret

162 3567 349 3644 consolidet,
385 3568 465 3646 quod
500 3571 614 3649 pingue
637 3575 667 3627 et
689 3568 776 3642 forte,
800 3567 981 3630 custodiet:
1019 3576 1042 3626 nl

162 3648 284 3711 tandem
315 3651 468 3713 auferetur
498 3652 591 3713 lontio
619 3650 863 3727 lascivient-ium,
898 3671 963 3713 neo
996 3652 1040 3712 sin

161 3737 320 3810 pastores,
354 3736 403 3813 qui
426 3742 555 3815 pascent
577 3741 675 3797 semet
693 3735 796 3813 ipsos,
818 3750 956 3814 gregem
981 3750 1040 3797 veru
