<?xml version="1.0" encoding="UTF-8"?>
<!DOCTYPE html PUBLIC "-//W3C//DTD XHTML 1.0 Transitional//EN"
    "http://www.w3.org/TR/xhtml1/DTD/xhtml1-transitional.dtd">
<html xmlns="http://www.w3.org/1999/xhtml" xml:lang="en" lang="en">
 <head>
  <title>
</title>
<meta http-equiv="Content-Type" content="text/html;charset=utf-8" />
  <meta name='ocr-system' content='tesseract 3.04.00' />
  <meta name='ocr-capabilities' content='ocr_page ocr_carea ocr_par ocr_line ocrx_word'/>
</head>
<body>
  <div class='ocr_page' id='page_1' title='image "./dmartinilutheri04luthgoog_0436.png"; bbox 0 0 2346 4208; ppageno 0'>
   <div class='ocr_carea' id='block_1_1' title="bbox 362 260 1135 357">
    <p class='ocr_par' dir='ltr' id='par_1_1' title="bbox 362 260 1135 357">
     <span class='ocr_line' id='line_1_1' title="bbox 362 260 1135 357; baseline 0.013 -36"><span class='ocrx_word' id='word_1_1' title='bbox 362 264 801 357; x_wconf 59' lang='lat' dir='ltr'><strong>omninum</strong></span> <span class='ocrx_word' id='word_1_2' title='bbox 975 260 1040 331; x_wconf 51' lang='grc' dir='ltr'><em>ὦ</em></span> <span class='ocrx_word' id='word_1_3' title='bbox 1128 290 1135 303; x_wconf 87' lang='lat'><em>·</em></span> 
     </span>
    </p>
   </div>
   <div class='ocr_carea' id='block_1_2' title="bbox 115 453 1093 1700">
    <p class='ocr_par' dir='ltr' id='par_1_2' title="bbox 115 453 1041 867">
     <span class='ocr_line' id='line_1_2' title="bbox 199 453 1039 600; baseline 0.001 -84"><span class='ocrx_word' id='word_1_4' title='bbox 199 453 329 530; x_wconf 68' lang='lat' dir='ltr'><strong>Etiamsi</strong></span> <span class='ocrx_word' id='word_1_5' title='bbox 358 456 451 600; x_wconf 56' lang='lat' dir='ltr'><strong>{fitur</strong></span> <span class='ocrx_word' id='word_1_6' title='bbox 481 455 613 517; x_wconf 74' lang='lat' dir='ltr'><strong>saudan</strong></span> <span class='ocrx_word' id='word_1_7' title='bbox 642 457 741 537; x_wconf 81' lang='lat' dir='ltr'><strong>ipsam</strong></span> <span class='ocrx_word' id='word_1_8' title='bbox 774 460 972 537; x_wconf 70' lang='lat' dir='ltr'><strong>pssutomm</strong></span> <span class='ocrx_word' id='word_1_9' title='bbox 991 472 1039 517; x_wconf 80' lang='lat' dir='ltr'><strong>rs·</strong></span> 
     </span>
     <span class='ocr_line' id='line_1_3' title="bbox 117 538 1038 620; baseline 0.004 -23"><span class='ocrx_word' id='word_1_10' title='bbox 117 538 297 601; x_wconf 67' lang='lat' dir='ltr'><strong>misdonsm</strong></span> <span class='ocrx_word' id='word_1_11' title='bbox 319 558 358 601; x_wconf 84' lang='lat' dir='ltr'><strong>au</strong></span> <span class='ocrx_word' id='word_1_12' title='bbox 380 539 426 601; x_wconf 87' lang='lat' dir='ltr'><strong>ias</strong></span> <span class='ocrx_word' id='word_1_13' title='bbox 447 539 712 620; x_wconf 64' lang='lat' dir='ltr'><strong>insomniorum,</strong></span> <span class='ocrx_word' id='word_1_14' title='bbox 750 559 814 601; x_wconf 86' lang='lat' dir='ltr'><strong>uoo</strong></span> <span class='ocrx_word' id='word_1_15' title='bbox 839 546 944 600; x_wconf 77' lang='lat' dir='ltr'><strong>iamsu</strong></span> <span class='ocrx_word' id='word_1_16' title='bbox 965 556 1038 601; x_wconf 83' lang='lat' dir='ltr'><strong>oon·</strong></span> 
     </span>
     <span class='ocr_line' id='line_1_4' title="bbox 116 620 1038 704; baseline 0.002 -21"><span class='ocrx_word' id='word_1_17' title='bbox 116 620 212 684; x_wconf 74' lang='lat' dir='ltr'><strong>iessio</strong></span> <span class='ocrx_word' id='word_1_18' title='bbox 234 630 283 685; x_wconf 80' lang='lat' dir='ltr'><strong>ssi</strong></span> <span class='ocrx_word' id='word_1_19' title='bbox 302 621 508 704; x_wconf 74' lang='lat' dir='ltr'><strong>negligenda,</strong></span> <span class='ocrx_word' id='word_1_20' title='bbox 540 623 734 704; x_wconf 77' lang='lat' dir='ltr'><strong>potissimum</strong></span> <span class='ocrx_word' id='word_1_21' title='bbox 767 629 871 685; x_wconf 77' lang='lat' dir='ltr'><strong>sutem</strong></span> <span class='ocrx_word' id='word_1_22' title='bbox 904 621 946 685; x_wconf 90' lang='lat' dir='ltr'><strong>ob</strong></span> <span class='ocrx_word' id='word_1_23' title='bbox 967 640 1038 685; x_wconf 74' lang='lat' dir='ltr'><em>m</em></span> 
     </span>
     <span class='ocr_line' id='line_1_5' title="bbox 115 703 1041 784; baseline 0.002 -19"><span class='ocrx_word' id='word_1_24' title='bbox 115 703 284 783; x_wconf 76' lang='lat' dir='ltr'><strong>raiiousm,</strong></span> <span class='ocrx_word' id='word_1_25' title='bbox 306 704 390 784; x_wconf 87' lang='lat' dir='ltr'><strong>quod</strong></span> <span class='ocrx_word' id='word_1_26' title='bbox 411 705 466 769; x_wconf 79' lang='lat' dir='ltr'><strong>tibi</strong></span> <span class='ocrx_word' id='word_1_27' title='bbox 488 705 548 768; x_wconf 85' lang='lat' dir='ltr'><strong>soii</strong></span> <span class='ocrx_word' id='word_1_28' title='bbox 569 706 600 766; x_wconf 88' lang='lat' dir='ltr'><strong>in</strong></span> <span class='ocrx_word' id='word_1_29' title='bbox 623 707 820 769; x_wconf 79' lang='lat' dir='ltr'><strong>oonfsssio&#39;us</strong></span> <span class='ocrx_word' id='word_1_30' title='bbox 840 704 984 774; x_wconf 77' lang='lat' dir='ltr'><strong>verbum,</strong></span> <span class='ocrx_word' id='word_1_31' title='bbox 1005 712 1041 767; x_wconf 76' lang='lat' dir='ltr'><strong>ui</strong></span> 
     </span>
     <span class='ocr_line' id='line_1_6' title="bbox 115 788 1024 867; baseline 0.004 -20"><span class='ocrx_word' id='word_1_32' title='bbox 115 788 147 847; x_wconf 83' lang='lat' dir='ltr'><strong>io</strong></span> <span class='ocrx_word' id='word_1_33' title='bbox 169 795 374 867; x_wconf 81' lang='lat' dir='ltr'><strong>saoramouto,</strong></span> <span class='ocrx_word' id='word_1_34' title='bbox 396 789 607 851; x_wconf 74' lang='lat' dir='ltr'><strong>annunciatur.</strong></span> <span class='ocrx_word' id='word_1_35' title='bbox 1020 816 1024 827; x_wconf 91' lang='lat'>·</span> 
     </span>
    </p>

    <p class='ocr_par' dir='ltr' id='par_1_3' title="bbox 116 871 1093 1700">
     <span class='ocr_line' id='line_1_7' title="bbox 200 871 1093 952; baseline 0 -19"><span class='ocrx_word' id='word_1_36' title='bbox 200 871 418 952; x_wconf 70' lang='lat' dir='ltr'><strong>Praeterquam</strong></span> <span class='ocrx_word' id='word_1_37' title='bbox 439 880 558 951; x_wconf 79' lang='lat' dir='ltr'><strong>auiam,</strong></span> <span class='ocrx_word' id='word_1_38' title='bbox 587 872 671 952; x_wconf 86' lang='lat' dir='ltr'><strong>qood</strong></span> <span class='ocrx_word' id='word_1_39' title='bbox 692 874 723 934; x_wconf 85' lang='lat' dir='ltr'><strong>in</strong></span> <span class='ocrx_word' id='word_1_40' title='bbox 753 872 951 934; x_wconf 83' lang='lat' dir='ltr'><strong>soniassious</strong></span> <span class='ocrx_word' id='word_1_41' title='bbox 972 888 1038 933; x_wconf 76' lang='lat' dir='ltr'><strong>var·</strong></span> <span class='ocrx_word' id='word_1_42' title='bbox 1090 900 1093 905; x_wconf 95' lang='lat'>·</span> 
     </span>
     <span class='ocr_line' id='line_1_8' title="bbox 116 953 1040 1035; baseline 0.001 -20"><span class='ocrx_word' id='word_1_43' title='bbox 116 953 189 1015; x_wconf 86' lang='lat' dir='ltr'><strong>buur</strong></span> <span class='ocrx_word' id='word_1_44' title='bbox 224 955 263 1016; x_wconf 87' lang='lat' dir='ltr'><strong>ad</strong></span> <span class='ocrx_word' id='word_1_45' title='bbox 290 964 322 1017; x_wconf 78' lang='lat' dir='ltr'><strong>is</strong></span> <span class='ocrx_word' id='word_1_46' title='bbox 351 974 444 1017; x_wconf 89' lang='lat' dir='ltr'><strong>uuum</strong></span> <span class='ocrx_word' id='word_1_47' title='bbox 467 955 577 1017; x_wconf 80' lang='lat' dir='ltr'><strong>dioitur</strong></span> <span class='ocrx_word' id='word_1_48' title='bbox 598 961 630 1017; x_wconf 81' lang='lat' dir='ltr'><strong>et</strong></span> <span class='ocrx_word' id='word_1_49' title='bbox 649 956 793 1035; x_wconf 80' lang='lat' dir='ltr'><strong>refertur,</strong></span> <span class='ocrx_word' id='word_1_50' title='bbox 826 955 889 1015; x_wconf 88' lang='lat' dir='ltr'><strong>hoo</strong></span> <span class='ocrx_word' id='word_1_51' title='bbox 915 972 1040 1035; x_wconf 79' lang='lat' dir='ltr'><strong>quoquo</strong></span> 
     </span>
     <span class='ocr_line' id='line_1_9' title="bbox 116 1036 1040 1120; baseline 0.002 -23"><span class='ocrx_word' id='word_1_52' title='bbox 116 1037 149 1097; x_wconf 85' lang='lat' dir='ltr'><strong>ia</strong></span> <span class='ocrx_word' id='word_1_53' title='bbox 171 1057 210 1099; x_wconf 83' lang='lat' dir='ltr'><strong>os</strong></span> <span class='ocrx_word' id='word_1_54' title='bbox 230 1044 281 1101; x_wconf 70' lang='lat' dir='ltr'><strong>ssi</strong></span> <span class='ocrx_word' id='word_1_55' title='bbox 299 1038 472 1117; x_wconf 75' lang='lat' dir='ltr'><strong>commodi,</strong></span> <span class='ocrx_word' id='word_1_56' title='bbox 503 1038 585 1120; x_wconf 87' lang='lat' dir='ltr'><strong>quod</strong></span> <span class='ocrx_word' id='word_1_57' title='bbox 613 1038 668 1100; x_wconf 81' lang='lat' dir='ltr'><strong>tibi</strong></span> <span class='ocrx_word' id='word_1_58' title='bbox 698 1037 771 1100; x_wconf 78' lang='lat' dir='ltr'><strong>liost</strong></span> <span class='ocrx_word' id='word_1_59' title='bbox 798 1046 863 1099; x_wconf 76' lang='lat' dir='ltr'><strong>tuto</strong></span> <span class='ocrx_word' id='word_1_60' title='bbox 884 1036 1040 1101; x_wconf 72' lang='lat' dir='ltr'><strong>saosrdoh‘</strong></span> 
     </span>
     <span class='ocr_line' id='line_1_10' title="bbox 116 1119 1040 1202; baseline 0.003 -22"><span class='ocrx_word' id='word_1_61' title='bbox 116 1119 237 1200; x_wconf 80' lang='lat' dir='ltr'><strong>disere,</strong></span> <span class='ocrx_word' id='word_1_62' title='bbox 268 1121 379 1202; x_wconf 82' lang='lat' dir='ltr'><strong>quibus</strong></span> <span class='ocrx_word' id='word_1_63' title='bbox 405 1123 438 1183; x_wconf 88' lang='lat' dir='ltr'><strong>in</strong></span> <span class='ocrx_word' id='word_1_64' title='bbox 459 1122 550 1183; x_wconf 82' lang='lat' dir='ltr'><strong>rebus</strong></span> <span class='ocrx_word' id='word_1_65' title='bbox 572 1122 707 1183; x_wconf 84' lang='lat' dir='ltr'><strong>maxime</strong></span> <span class='ocrx_word' id='word_1_66' title='bbox 730 1120 868 1200; x_wconf 78' lang='lat' dir='ltr'><strong>iabores,</strong></span> <span class='ocrx_word' id='word_1_67' title='bbox 903 1128 936 1183; x_wconf 78' lang='lat' dir='ltr'><strong>et</strong></span> <span class='ocrx_word' id='word_1_68' title='bbox 965 1138 1040 1197; x_wconf 81' lang='lat' dir='ltr'><strong>sou·</strong></span> 
     </span>
     <span class='ocr_line' id='line_1_11' title="bbox 116 1202 1039 1285; baseline 0.002 -21"><span class='ocrx_word' id='word_1_69' title='bbox 116 1202 218 1265; x_wconf 79' lang='lat' dir='ltr'><strong>silium</strong></span> <span class='ocrx_word' id='word_1_70' title='bbox 250 1202 292 1267; x_wconf 90' lang='lat' dir='ltr'><strong>ab</strong></span> <span class='ocrx_word' id='word_1_71' title='bbox 325 1224 364 1266; x_wconf 86' lang='lat' dir='ltr'><strong>eo</strong></span> <span class='ocrx_word' id='word_1_72' title='bbox 398 1205 449 1266; x_wconf 85' lang='lat' dir='ltr'><strong>vsi</strong></span> <span class='ocrx_word' id='word_1_73' title='bbox 486 1205 596 1285; x_wconf 86' lang='lat' dir='ltr'><strong>quovis</strong></span> <span class='ocrx_word' id='word_1_74' title='bbox 629 1204 707 1281; x_wconf 74' lang='lat' dir='ltr'><strong>aiio,</strong></span> <span class='ocrx_word' id='word_1_75' title='bbox 742 1205 880 1285; x_wconf 85' lang='lat' dir='ltr'><strong>quisquis</strong></span> <span class='ocrx_word' id='word_1_76' title='bbox 912 1202 1039 1266; x_wconf 73' lang='lat' dir='ltr'><strong>tandm</strong></span> 
     </span>
     <span class='ocr_line' id='line_1_12' title="bbox 116 1284 1039 1370; baseline 0.002 -23"><span class='ocrx_word' id='word_1_77' title='bbox 116 1287 225 1366; x_wconf 77' lang='lat' dir='ltr'><strong>iussit,</strong></span> <span class='ocrx_word' id='word_1_78' title='bbox 256 1294 371 1369; x_wconf 76' lang='lat' dir='ltr'><strong>peiora.</strong></span> <span class='ocrx_word' id='word_1_79' title='bbox 413 1289 447 1352; x_wconf 77' lang='lat' dir='ltr'><strong>si</strong></span> <span class='ocrx_word' id='word_1_80' title='bbox 469 1307 545 1370; x_wconf 77' lang='lat' dir='ltr'><strong>ergo</strong></span> <span class='ocrx_word' id='word_1_81' title='bbox 573 1288 658 1349; x_wconf 86' lang='lat' dir='ltr'><strong>uuila</strong></span> <span class='ocrx_word' id='word_1_82' title='bbox 679 1288 742 1349; x_wconf 86' lang='lat' dir='ltr'><strong>siis</strong></span> <span class='ocrx_word' id='word_1_83' title='bbox 760 1295 844 1351; x_wconf 79' lang='lat' dir='ltr'><strong>assat</strong></span> <span class='ocrx_word' id='word_1_84' title='bbox 866 1284 1039 1349; x_wconf 80' lang='lat' dir='ltr'><strong>oomurodi-</strong></span> 
     </span>
     <span class='ocr_line' id='line_1_13' title="bbox 116 1369 1039 1451; baseline 0.002 -20"><span class='ocrx_word' id='word_1_85' title='bbox 116 1378 164 1431; x_wconf 74' lang='lat' dir='ltr'><strong>iss</strong></span> <span class='ocrx_word' id='word_1_86' title='bbox 186 1372 217 1431; x_wconf 88' lang='lat' dir='ltr'><strong>iu</strong></span> <span class='ocrx_word' id='word_1_87' title='bbox 240 1371 453 1446; x_wconf 79' lang='lat' dir='ltr'><strong>oouisssious‚</strong></span> <span class='ocrx_word' id='word_1_88' title='bbox 483 1373 509 1432; x_wconf 87' lang='lat' dir='ltr'><strong>si</strong></span> <span class='ocrx_word' id='word_1_89' title='bbox 531 1373 624 1433; x_wconf 78' lang='lat' dir='ltr'><strong>otiam</strong></span> <span class='ocrx_word' id='word_1_90' title='bbox 647 1390 709 1433; x_wconf 88' lang='lat' dir='ltr'><strong>uon</strong></span> <span class='ocrx_word' id='word_1_91' title='bbox 738 1371 917 1451; x_wconf 73' lang='lat' dir='ltr'><strong>loquetatur</strong></span> <span class='ocrx_word' id='word_1_92' title='bbox 936 1369 1039 1433; x_wconf 81' lang='lat' dir='ltr'><strong>uobis·</strong></span> 
     </span>
     <span class='ocr_line' id='line_1_14' title="bbox 116 1454 1041 1535; baseline 0.004 -22"><span class='ocrx_word' id='word_1_93' title='bbox 116 1472 186 1513; x_wconf 85' lang='lat' dir='ltr'><strong>oum</strong></span> <span class='ocrx_word' id='word_1_94' title='bbox 216 1455 247 1514; x_wconf 91' lang='lat' dir='ltr'><strong>io</strong></span> <span class='ocrx_word' id='word_1_95' title='bbox 277 1473 316 1515; x_wconf 83' lang='lat' dir='ltr'><strong>sa</strong></span> <span class='ocrx_word' id='word_1_96' title='bbox 335 1454 488 1531; x_wconf 74' lang='lat' dir='ltr'><strong>Christus,</strong></span> <span class='ocrx_word' id='word_1_97' title='bbox 522 1461 625 1516; x_wconf 73' lang='lat' dir='ltr'><strong>samen</strong></span> <span class='ocrx_word' id='word_1_98' title='bbox 659 1454 754 1516; x_wconf 86' lang='lat' dir='ltr'><strong>nolim</strong></span> <span class='ocrx_word' id='word_1_99' title='bbox 792 1472 905 1535; x_wconf 78' lang='lat' dir='ltr'><strong>magno</strong></span> <span class='ocrx_word' id='word_1_100' title='bbox 933 1472 1041 1517; x_wconf 72' lang='lat' dir='ltr'><strong>sarorio</strong></span> 
     </span>
     <span class='ocr_line' id='line_1_15' title="bbox 117 1536 1073 1617; baseline 0.002 -20"><span class='ocrx_word' id='word_1_101' title='bbox 117 1536 325 1614; x_wconf 82' lang='lat' dir='ltr'><strong>uouisssiouo,</strong></span> <span class='ocrx_word' id='word_1_102' title='bbox 346 1536 419 1599; x_wconf 79' lang='lat' dir='ltr'><strong>ideo</strong></span> <span class='ocrx_word' id='word_1_103' title='bbox 442 1537 525 1617; x_wconf 91' lang='lat' dir='ltr'><strong>quod</strong></span> <span class='ocrx_word' id='word_1_104' title='bbox 547 1537 641 1598; x_wconf 82' lang='lat' dir='ltr'><strong>liosat</strong></span> <span class='ocrx_word' id='word_1_105' title='bbox 661 1539 766 1599; x_wconf 83' lang='lat' dir='ltr'><strong>omnis</strong></span> <span class='ocrx_word' id='word_1_106' title='bbox 789 1555 869 1616; x_wconf 85' lang='lat' dir='ltr'><strong>quas</strong></span> <span class='ocrx_word' id='word_1_107' title='bbox 890 1536 1040 1613; x_wconf 73' lang='lat' dir='ltr'><strong>seniis-ia</strong></span> <span class='ocrx_word' id='word_1_108' title='bbox 1070 1546 1073 1551; x_wconf 86' lang='lat'>&#39;</span> 
     </span>
     <span class='ocr_line' id='line_1_16' title="bbox 116 1618 1040 1700; baseline 0 -19"><span class='ocrx_word' id='word_1_109' title='bbox 116 1619 217 1681; x_wconf 75' lang='lat' dir='ltr'><strong>usuris</strong></span> <span class='ocrx_word' id='word_1_110' title='bbox 238 1621 337 1681; x_wconf 86' lang='lat' dir='ltr'><strong>sinum</strong></span> <span class='ocrx_word' id='word_1_111' title='bbox 361 1620 518 1682; x_wconf 79' lang='lat' dir='ltr'><strong>effundere</strong></span> <span class='ocrx_word' id='word_1_112' title='bbox 538 1626 571 1682; x_wconf 78' lang='lat' dir='ltr'><strong>et</strong></span> <span class='ocrx_word' id='word_1_113' title='bbox 592 1621 740 1700; x_wconf 83' lang='lat' dir='ltr'><strong>oouquori</strong></span> <span class='ocrx_word' id='word_1_114' title='bbox 761 1618 801 1681; x_wconf 82' lang='lat' dir='ltr'><strong>ds</strong></span> <span class='ocrx_word' id='word_1_115' title='bbox 821 1620 876 1695; x_wconf 83' lang='lat' dir='ltr'><strong>iis,</strong></span> <span class='ocrx_word' id='word_1_116' title='bbox 908 1638 988 1699; x_wconf 82' lang='lat' dir='ltr'><strong>quas</strong></span> <span class='ocrx_word' id='word_1_117' title='bbox 1007 1620 1040 1681; x_wconf 82' lang='lat' dir='ltr'><strong>iu</strong></span> 
     </span>
    </p>
   </div>
   <div class='ocr_carea' id='block_1_3' title="bbox 116 1703 1152 1785">
    <p class='ocr_par' dir='ltr' id='par_1_4' title="bbox 116 1703 1152 1785">
     <span class='ocr_line' id='line_1_17' title="bbox 116 1703 1152 1785; baseline 0.002 -22"><span class='ocrx_word' id='word_1_118' title='bbox 116 1710 149 1763; x_wconf 78' lang='lat' dir='ltr'><strong>is</strong></span> <span class='ocrx_word' id='word_1_119' title='bbox 169 1704 390 1765; x_wconf 80' lang='lat' dir='ltr'><strong>oousoisntiam</strong></span> <span class='ocrx_word' id='word_1_120' title='bbox 420 1711 540 1785; x_wconf 69' lang='lat' dir='ltr'><strong>urgeos.</strong></span> <span class='ocrx_word' id='word_1_121' title='bbox 582 1703 692 1782; x_wconf 76' lang='lat' dir='ltr'><strong>Neque</strong></span> <span class='ocrx_word' id='word_1_122' title='bbox 723 1704 804 1765; x_wconf 87' lang='lat' dir='ltr'><strong>onim</strong></span> <span class='ocrx_word' id='word_1_123' title='bbox 833 1709 882 1763; x_wconf 78' lang='lat' dir='ltr'><strong>est</strong></span> <span class='ocrx_word' id='word_1_124' title='bbox 907 1703 975 1765; x_wconf 88' lang='lat' dir='ltr'><strong>alis-</strong></span> <span class='ocrx_word' id='word_1_125' title='bbox 989 1720 1040 1765; x_wconf 79' lang='lat' dir='ltr'><strong>ras</strong></span> <span class='ocrx_word' id='word_1_126' title='bbox 1150 1764 1152 1771; x_wconf 88' lang='grc'><strong>,</strong></span> 
     </span>
    </p>
   </div>
   <div class='ocr_carea' id='block_1_4' title="bbox 109 1786 1045 3862">
    <p class='ocr_par' dir='ltr' id='par_1_5' title="bbox 115 1786 1041 2366">
     <span class='ocr_line' id='line_1_18' title="bbox 116 1786 1041 1867; baseline 0.002 -20"><span class='ocrx_word' id='word_1_127' title='bbox 116 1803 216 1866; x_wconf 78' lang='lat' dir='ltr'><strong>saque</strong></span> <span class='ocrx_word' id='word_1_128' title='bbox 238 1787 365 1866; x_wconf 79' lang='lat' dir='ltr'><strong>misera,</strong></span> <span class='ocrx_word' id='word_1_129' title='bbox 397 1795 491 1867; x_wconf 76' lang='lat' dir='ltr'><strong>atquo</strong></span> <span class='ocrx_word' id='word_1_130' title='bbox 512 1786 720 1864; x_wconf 60' lang='lat' dir='ltr'><strong>eonscientiae,</strong></span> <span class='ocrx_word' id='word_1_131' title='bbox 748 1805 817 1847; x_wconf 86' lang='lat' dir='ltr'><strong>oum</strong></span> <span class='ocrx_word' id='word_1_132' title='bbox 839 1787 988 1867; x_wconf 75' lang='lat' dir='ltr'><strong>promitur</strong></span> <span class='ocrx_word' id='word_1_133' title='bbox 1008 1790 1041 1849; x_wconf 81' lang='lat' dir='ltr'><strong>si</strong></span> 
     </span>
     <span class='ocr_line' id='line_1_19' title="bbox 116 1867 1039 1951; baseline 0.002 -22"><span class='ocrx_word' id='word_1_134' title='bbox 116 1870 257 1951; x_wconf 73' lang='lat' dir='ltr'><strong>angitur,</strong></span> <span class='ocrx_word' id='word_1_135' title='bbox 289 1890 390 1950; x_wconf 81' lang='lat' dir='ltr'><strong>usque</strong></span> <span class='ocrx_word' id='word_1_136' title='bbox 424 1878 527 1932; x_wconf 80' lang='lat' dir='ltr'><strong>tamon</strong></span> <span class='ocrx_word' id='word_1_137' title='bbox 556 1870 718 1932; x_wconf 84' lang='lat' dir='ltr'><strong>oonsiiium</strong></span> <span class='ocrx_word' id='word_1_138' title='bbox 746 1876 807 1930; x_wconf 81' lang='lat' dir='ltr'><strong>aui·</strong></span> <span class='ocrx_word' id='word_1_139' title='bbox 820 1869 964 1930; x_wconf 82' lang='lat' dir='ltr'><strong>solatium</strong></span> <span class='ocrx_word' id='word_1_140' title='bbox 985 1867 1039 1931; x_wconf 80' lang='lat' dir='ltr'><strong>aii·-</strong></span> 
     </span>
     <span class='ocr_line' id='line_1_20' title="bbox 117 1951 1040 2034; baseline 0 -22"><span class='ocrx_word' id='word_1_141' title='bbox 117 1951 200 2030; x_wconf 83' lang='lat' dir='ltr'><strong>quod</strong></span> <span class='ocrx_word' id='word_1_142' title='bbox 227 1954 325 2015; x_wconf 78' lang='lat' dir='ltr'><strong>novit.</strong></span> <span class='ocrx_word' id='word_1_143' title='bbox 367 1952 496 2014; x_wconf 85' lang='lat' dir='ltr'><strong>Planum</strong></span> <span class='ocrx_word' id='word_1_144' title='bbox 524 1972 599 2034; x_wconf 83' lang='lat' dir='ltr'><strong>argo</strong></span> <span class='ocrx_word' id='word_1_145' title='bbox 627 1952 851 2017; x_wconf 81' lang='lat' dir='ltr'><strong>oonsolatiouis</strong></span> <span class='ocrx_word' id='word_1_146' title='bbox 874 1951 915 2033; x_wconf 69' lang='lat' dir='ltr'><strong>ist</strong></span> <span class='ocrx_word' id='word_1_147' title='bbox 934 1952 1040 2021; x_wconf 73' lang='lat' dir='ltr'><strong>huma-</strong></span> 
     </span>
     <span class='ocr_line' id='line_1_21' title="bbox 116 2033 1039 2117; baseline 0.003 -23"><span class='ocrx_word' id='word_1_148' title='bbox 116 2036 221 2096; x_wconf 74' lang='lat' dir='ltr'><strong>nitatis</strong></span> <span class='ocrx_word' id='word_1_149' title='bbox 243 2055 366 2117; x_wconf 84' lang='lat' dir='ltr'><strong>quoque</strong></span> <span class='ocrx_word' id='word_1_150' title='bbox 393 2054 471 2117; x_wconf 85' lang='lat' dir='ltr'><strong>opus</strong></span> <span class='ocrx_word' id='word_1_151' title='bbox 493 2043 554 2116; x_wconf 78' lang='lat' dir='ltr'><strong>ssi,</strong></span> <span class='ocrx_word' id='word_1_152' title='bbox 595 2035 678 2114; x_wconf 81' lang='lat' dir='ltr'><strong>quod</strong></span> <span class='ocrx_word' id='word_1_153' title='bbox 704 2037 736 2097; x_wconf 89' lang='lat' dir='ltr'><strong>in</strong></span> <span class='ocrx_word' id='word_1_154' title='bbox 759 2035 956 2097; x_wconf 78' lang='lat' dir='ltr'><strong>confossione</strong></span> <span class='ocrx_word' id='word_1_155' title='bbox 977 2033 1039 2097; x_wconf 85' lang='lat' dir='ltr'><strong>duo</strong></span> 
     </span>
     <span class='ocr_line' id='line_1_22' title="bbox 117 2119 1039 2197; baseline 0.001 -19"><span class='ocrx_word' id='word_1_156' title='bbox 117 2120 320 2197; x_wconf 71' lang='lat' dir='ltr'><strong>conveniunt,</strong></span> <span class='ocrx_word' id='word_1_157' title='bbox 344 2127 375 2180; x_wconf 83' lang='lat' dir='ltr'><strong>ot</strong></span> <span class='ocrx_word' id='word_1_158' title='bbox 397 2119 476 2180; x_wconf 81' lang='lat' dir='ltr'><strong>alter</strong></span> <span class='ocrx_word' id='word_1_159' title='bbox 495 2119 624 2180; x_wconf 78' lang='lat' dir='ltr'><strong>alterum</strong></span> <span class='ocrx_word' id='word_1_160' title='bbox 648 2120 790 2197; x_wconf 85' lang='lat' dir='ltr'><strong>oonsilio,</strong></span> <span class='ocrx_word' id='word_1_161' title='bbox 811 2119 1039 2197; x_wconf 72' lang='lat' dir='ltr'><strong>consolatione,</strong></span> 
     </span>
     <span class='ocr_line' id='line_1_23' title="bbox 116 2201 1038 2282; baseline 0.002 -21"><span class='ocrx_word' id='word_1_162' title='bbox 116 2220 298 2282; x_wconf 77' lang='lat' dir='ltr'><strong>quacunque</strong></span> <span class='ocrx_word' id='word_1_163' title='bbox 326 2204 399 2263; x_wconf 82' lang='lat' dir='ltr'><strong>item</strong></span> <span class='ocrx_word' id='word_1_164' title='bbox 435 2202 498 2264; x_wconf 87' lang='lat' dir='ltr'><strong>alia</strong></span> <span class='ocrx_word' id='word_1_165' title='bbox 522 2223 554 2263; x_wconf 84' lang='lat' dir='ltr'><strong>re</strong></span> <span class='ocrx_word' id='word_1_166' title='bbox 584 2210 702 2282; x_wconf 74' lang='lat' dir='ltr'><strong>potest,</strong></span> <span class='ocrx_word' id='word_1_167' title='bbox 735 2203 827 2263; x_wconf 79' lang='lat' dir='ltr'><strong>iuvat.</strong></span> <span class='ocrx_word' id='word_1_168' title='bbox 873 2201 931 2262; x_wconf 88' lang='lat' dir='ltr'><strong>Hio</strong></span> <span class='ocrx_word' id='word_1_169' title='bbox 960 2220 1038 2263; x_wconf 84' lang='lat' dir='ltr'><strong>mor·</strong></span> 
     </span>
     <span class='ocr_line' id='line_1_24' title="bbox 115 2283 939 2366; baseline 0.004 -24"><span class='ocrx_word' id='word_1_170' title='bbox 115 2283 187 2343; x_wconf 88' lang='lat' dir='ltr'><strong>bum</strong></span> <span class='ocrx_word' id='word_1_171' title='bbox 212 2305 299 2346; x_wconf 84' lang='lat' dir='ltr'><strong>suum</strong></span> <span class='ocrx_word' id='word_1_172' title='bbox 322 2286 433 2366; x_wconf 78' lang='lat' dir='ltr'><strong>aperit,</strong></span> <span class='ocrx_word' id='word_1_173' title='bbox 455 2285 533 2346; x_wconf 83' lang='lat' dir='ltr'><strong>alter</strong></span> <span class='ocrx_word' id='word_1_174' title='bbox 554 2285 689 2346; x_wconf 79' lang='lat' dir='ltr'><strong>medieas</strong></span> <span class='ocrx_word' id='word_1_175' title='bbox 711 2285 800 2346; x_wconf 79' lang='lat' dir='ltr'><strong>affari</strong></span> <span class='ocrx_word' id='word_1_176' title='bbox 820 2304 939 2346; x_wconf 88' lang='lat' dir='ltr'><strong>manua.</strong></span> 
     </span>
    </p>

    <p class='ocr_par' dir='ltr' id='par_1_6' title="bbox 115 2366 1045 3030">
     <span class='ocr_line' id='line_1_25' title="bbox 199 2366 1039 2449; baseline 0.001 -21"><span class='ocrx_word' id='word_1_177' title='bbox 199 2366 381 2447; x_wconf 76' lang='lat' dir='ltr'><strong>Quanquam</strong></span> <span class='ocrx_word' id='word_1_178' title='bbox 394 2369 486 2448; x_wconf 77' lang='lat' dir='ltr'><strong>igitur</strong></span> <span class='ocrx_word' id='word_1_179' title='bbox 497 2367 645 2429; x_wconf 77' lang='lat' dir='ltr'><strong>mandato</strong></span> <span class='ocrx_word' id='word_1_180' title='bbox 667 2368 705 2428; x_wconf 80' lang='lat' dir='ltr'><strong>ad</strong></span> <span class='ocrx_word' id='word_1_181' title='bbox 720 2368 947 2429; x_wconf 78' lang='lat' dir='ltr'><strong>confessionem</strong></span> <span class='ocrx_word' id='word_1_182' title='bbox 967 2368 1039 2449; x_wconf 76' lang='lat' dir='ltr'><strong>oogi</strong></span> 
     </span>
     <span class='ocr_line' id='line_1_26' title="bbox 116 2449 1037 2530; baseline 0.003 -21"><span class='ocrx_word' id='word_1_183' title='bbox 116 2449 258 2512; x_wconf 83' lang='lat' dir='ltr'><strong>hominos</strong></span> <span class='ocrx_word' id='word_1_184' title='bbox 280 2452 391 2530; x_wconf 83' lang='lat' dir='ltr'><strong>nolim,</strong></span> <span class='ocrx_word' id='word_1_185' title='bbox 414 2471 470 2526; x_wconf 83' lang='lat' dir='ltr'><strong>us,</strong></span> <span class='ocrx_word' id='word_1_186' title='bbox 492 2453 516 2511; x_wconf 86' lang='lat' dir='ltr'><strong>si</strong></span> <span class='ocrx_word' id='word_1_187' title='bbox 540 2453 592 2530; x_wconf 90' lang='lat' dir='ltr'><strong>qui</strong></span> <span class='ocrx_word' id='word_1_188' title='bbox 615 2470 677 2511; x_wconf 88' lang='lat' dir='ltr'><strong>uon</strong></span> <span class='ocrx_word' id='word_1_189' title='bbox 700 2459 773 2512; x_wconf 86' lang='lat' dir='ltr'><strong>ante</strong></span> <span class='ocrx_word' id='word_1_190' title='bbox 796 2452 928 2513; x_wconf 86' lang='lat' dir='ltr'><strong>oonfessi</strong></span> <span class='ocrx_word' id='word_1_191' title='bbox 952 2468 1037 2512; x_wconf 78' lang='lat' dir='ltr'><strong>aooe·</strong></span> 
     </span>
     <span class='ocr_line' id='line_1_27' title="bbox 115 2532 1037 2614; baseline 0.004 -23"><span class='ocrx_word' id='word_1_192' title='bbox 115 2532 192 2594; x_wconf 78' lang='lat' dir='ltr'><strong>dant</strong></span> <span class='ocrx_word' id='word_1_193' title='bbox 216 2533 255 2594; x_wconf 90' lang='lat' dir='ltr'><strong>ad</strong></span> <span class='ocrx_word' id='word_1_194' title='bbox 278 2541 521 2608; x_wconf 73' lang='lat' dir='ltr'><strong>sacramentum,</strong></span> <span class='ocrx_word' id='word_1_195' title='bbox 544 2554 578 2594; x_wconf 83' lang='lat' dir='ltr'><strong>so</strong></span> <span class='ocrx_word' id='word_1_196' title='bbox 600 2553 748 2614; x_wconf 78' lang='lat' dir='ltr'><strong>peccasse</strong></span> <span class='ocrx_word' id='word_1_197' title='bbox 770 2535 919 2612; x_wconf 81' lang='lat' dir='ltr'><strong>sentiant,</strong></span> <span class='ocrx_word' id='word_1_198' title='bbox 941 2535 1037 2595; x_wconf 83' lang='lat' dir='ltr'><strong>maxi·</strong></span> 
     </span>
     <span class='ocr_line' id='line_1_28' title="bbox 115 2616 1037 2692; baseline 0.005 -18"><span class='ocrx_word' id='word_1_199' title='bbox 115 2635 196 2676; x_wconf 87' lang='lat' dir='ltr'><strong>mum</strong></span> <span class='ocrx_word' id='word_1_200' title='bbox 233 2624 335 2678; x_wconf 81' lang='lat' dir='ltr'><strong>tamon</strong></span> <span class='ocrx_word' id='word_1_201' title='bbox 365 2617 539 2678; x_wconf 83' lang='lat' dir='ltr'><strong>thesaurum</strong></span> <span class='ocrx_word' id='word_1_202' title='bbox 563 2617 789 2678; x_wconf 76' lang='lat' dir='ltr'><strong>confessionem</strong></span> <span class='ocrx_word' id='word_1_203' title='bbox 820 2637 889 2677; x_wconf 85' lang='lat' dir='ltr'><strong>esse</strong></span> <span class='ocrx_word' id='word_1_204' title='bbox 922 2616 1037 2692; x_wconf 70' lang='lat' dir='ltr'><strong>iodim,</strong></span> 
     </span>
     <span class='ocr_line' id='line_1_29' title="bbox 115 2700 1037 2781; baseline 0.001 -22"><span class='ocrx_word' id='word_1_205' title='bbox 115 2701 167 2778; x_wconf 86' lang='lat' dir='ltr'><strong>qui</strong></span> <span class='ocrx_word' id='word_1_206' title='bbox 188 2700 281 2777; x_wconf 82' lang='lat' dir='ltr'><strong>nullis</strong></span> <span class='ocrx_word' id='word_1_207' title='bbox 303 2701 413 2781; x_wconf 88' lang='lat' dir='ltr'><strong>opibus</strong></span> <span class='ocrx_word' id='word_1_208' title='bbox 436 2703 474 2761; x_wconf 78' lang='lat' dir='ltr'><strong>sii</strong></span> <span class='ocrx_word' id='word_1_209' title='bbox 491 2700 725 2780; x_wconf 86' lang='lat' dir='ltr'><strong>oomparaudus,</strong></span> <span class='ocrx_word' id='word_1_210' title='bbox 748 2700 890 2779; x_wconf 83' lang='lat' dir='ltr'><strong>adeoquo</strong></span> <span class='ocrx_word' id='word_1_211' title='bbox 910 2701 1037 2761; x_wconf 80' lang='lat' dir='ltr'><strong>minima</strong></span> 
     </span>
     <span class='ocr_line' id='line_1_30' title="bbox 115 2782 1037 2862; baseline 0.003 -22"><span class='ocrx_word' id='word_1_212' title='bbox 115 2783 369 2847; x_wconf 83' lang='lat' dir='ltr'><strong>oontemnsndus.</strong></span> <span class='ocrx_word' id='word_1_213' title='bbox 423 2784 522 2844; x_wconf 85' lang='lat' dir='ltr'><strong>Nemo</strong></span> <span class='ocrx_word' id='word_1_214' title='bbox 561 2784 641 2844; x_wconf 87' lang='lat' dir='ltr'><strong>enim</strong></span> <span class='ocrx_word' id='word_1_215' title='bbox 679 2789 783 2862; x_wconf 73' lang='lat' dir='ltr'><strong>potest</strong></span> <span class='ocrx_word' id='word_1_216' title='bbox 821 2783 947 2844; x_wconf 85' lang='lat' dir='ltr'><strong>verbum</strong></span> <span class='ocrx_word' id='word_1_217' title='bbox 978 2782 1037 2843; x_wconf 85' lang='lat' dir='ltr'><strong>Doi</strong></span> 
     </span>
     <span class='ocr_line' id='line_1_31' title="bbox 115 2866 1045 2948; baseline 0 -23"><span class='ocrx_word' id='word_1_218' title='bbox 115 2885 216 2944; x_wconf 85' lang='lat' dir='ltr'><strong>neque</strong></span> <span class='ocrx_word' id='word_1_219' title='bbox 238 2868 311 2926; x_wconf 82' lang='lat' dir='ltr'><strong>satis</strong></span> <span class='ocrx_word' id='word_1_220' title='bbox 335 2866 629 2948; x_wconf 70' lang='lat' dir='ltr'><strong>diligenteraudire‚</strong></span> <span class='ocrx_word' id='word_1_221' title='bbox 654 2885 755 2946; x_wconf 81' lang='lat' dir='ltr'><strong>nequo</strong></span> <span class='ocrx_word' id='word_1_222' title='bbox 776 2866 960 2926; x_wconf 84' lang='lat' dir='ltr'><strong>inanimum</strong></span> <span class='ocrx_word' id='word_1_223' title='bbox 983 2866 1045 2944; x_wconf 79' lang='lat' dir='ltr'><strong>iia,-</strong></span> 
     </span>
     <span class='ocr_line' id='line_1_32' title="bbox 115 2949 562 3030; baseline 0.007 -23"><span class='ocrx_word' id='word_1_224' title='bbox 115 2949 356 3026; x_wconf 67' lang='lat' dir='ltr'><strong>numerabatur,</strong></span> <span class='ocrx_word' id='word_1_225' title='bbox 378 2950 562 3030; x_wconf 79' lang='lat' dir='ltr'><strong>insculpere.</strong></span> 
     </span>
    </p>

    <p class='ocr_par' dir='ltr' id='par_1_7' title="bbox 112 3029 1035 3610">
     <span class='ocr_line' id='line_1_33' title="bbox 196 3029 1035 3114; baseline 0 -22"><span class='ocrx_word' id='word_1_226' title='bbox 196 3032 267 3092; x_wconf 86' lang='lat' dir='ltr'>Dixi</span> <span class='ocrx_word' id='word_1_227' title='bbox 307 3033 398 3113; x_wconf 78' lang='lat' dir='ltr'><strong>igitur</strong></span> <span class='ocrx_word' id='word_1_228' title='bbox 430 3033 593 3114; x_wconf 78' lang='lat' dir='ltr'><strong>diligenter</strong></span> <span class='ocrx_word' id='word_1_229' title='bbox 625 3033 705 3092; x_wconf 83' lang='lat' dir='ltr'><strong>iuter</strong></span> <span class='ocrx_word' id='word_1_230' title='bbox 744 3052 778 3093; x_wconf 85' lang='lat' dir='ltr'><strong>se</strong></span> <span class='ocrx_word' id='word_1_231' title='bbox 816 3029 1035 3093; x_wconf 75' lang='lat' dir='ltr'><strong>discernendas</strong></span> 
     </span>
     <span class='ocr_line' id='line_1_34' title="bbox 114 3113 1035 3190; baseline 0.002 -17"><span class='ocrx_word' id='word_1_232' title='bbox 114 3113 343 3176; x_wconf 85' lang='lat' dir='ltr'><strong>ooufessionem</strong></span> <span class='ocrx_word' id='word_1_233' title='bbox 382 3122 413 3176; x_wconf 86' lang='lat' dir='ltr'><strong>et</strong></span> <span class='ocrx_word' id='word_1_234' title='bbox 456 3116 700 3190; x_wconf 75' lang='lat' dir='ltr'><strong>absolutionem,</strong></span> <span class='ocrx_word' id='word_1_235' title='bbox 737 3122 770 3175; x_wconf 83' lang='lat' dir='ltr'><strong>ut</strong></span> <span class='ocrx_word' id='word_1_236' title='bbox 807 3114 1035 3175; x_wconf 74' lang='lat' dir='ltr'><strong>absolutionem</strong></span> 
     </span>
     <span class='ocr_line' id='line_1_35' title="bbox 113 3197 1034 3279; baseline -0.002 -20"><span class='ocrx_word' id='word_1_237' title='bbox 113 3199 306 3276; x_wconf 74' lang='lat' dir='ltr'><strong>potissimum</strong></span> <span class='ocrx_word' id='word_1_238' title='bbox 330 3206 467 3279; x_wconf 63' lang='lat' dir='ltr'><strong>apamea,</strong></span> <span class='ocrx_word' id='word_1_239' title='bbox 495 3218 596 3279; x_wconf 81' lang='lat' dir='ltr'><strong>nequo</strong></span> <span class='ocrx_word' id='word_1_240' title='bbox 618 3197 793 3259; x_wconf 77' lang='lat' dir='ltr'><strong>oonfliesris</strong></span> <span class='ocrx_word' id='word_1_241' title='bbox 816 3198 867 3258; x_wconf 85' lang='lat' dir='ltr'><strong>vel</strong></span> <span class='ocrx_word' id='word_1_242' title='bbox 889 3197 928 3258; x_wconf 93' lang='lat' dir='ltr'><strong>ob</strong></span> <span class='ocrx_word' id='word_1_243' title='bbox 951 3216 1034 3257; x_wconf 88' lang='lat' dir='ltr'><strong>mau-</strong></span> 
     </span>
     <span class='ocr_line' id='line_1_36' title="bbox 114 3280 1035 3424; baseline 0.001 -84"><span class='ocrx_word' id='word_1_244' title='bbox 114 3280 229 3360; x_wconf 74' lang='lat' dir='ltr'><strong>darum,</strong></span> <span class='ocrx_word' id='word_1_245' title='bbox 250 3282 300 3341; x_wconf 87' lang='lat' dir='ltr'><strong>vel</strong></span> <span class='ocrx_word' id='word_1_246' title='bbox 315 3289 459 3361; x_wconf 76' lang='lat' dir='ltr'><strong>tanquam</strong></span> <span class='ocrx_word' id='word_1_247' title='bbox 483 3281 597 3344; x_wconf 89' lang='lat' dir='ltr'><strong>bouum</strong></span> <span class='ocrx_word' id='word_1_248' title='bbox 620 3301 707 3361; x_wconf 77' lang='lat' dir='ltr'><strong>opus,</strong></span> <span class='ocrx_word' id='word_1_249' title='bbox 732 3282 815 3360; x_wconf 89' lang='lat' dir='ltr'><strong>quod</strong></span> <span class='ocrx_word' id='word_1_250' title='bbox 829 3287 1035 3424; x_wconf 62' lang='lat' dir='ltr'><strong>Xeooatorum</strong></span> 
     </span>
     <span class='ocr_line' id='line_1_37' title="bbox 112 3363 1034 3445; baseline 0.003 -23"><span class='ocrx_word' id='word_1_251' title='bbox 112 3365 325 3425; x_wconf 82' lang='lat' dir='ltr'><strong>remissionem</strong></span> <span class='ocrx_word' id='word_1_252' title='bbox 349 3371 515 3440; x_wconf 79' lang='lat' dir='ltr'><strong>mereatur,</strong></span> <span class='ocrx_word' id='word_1_253' title='bbox 551 3365 701 3442; x_wconf 80' lang='lat' dir='ltr'><strong>isoiurus,</strong></span> <span class='ocrx_word' id='word_1_254' title='bbox 736 3363 789 3425; x_wconf 85' lang='lat' dir='ltr'><strong>sed</strong></span> <span class='ocrx_word' id='word_1_255' title='bbox 818 3366 828 3424; x_wconf 90' lang='lat' dir='ltr'><strong>i</strong></span> <span class='ocrx_word' id='word_1_256' title='bbox 852 3383 889 3425; x_wconf 90' lang='lat' dir='ltr'><strong>eo</strong></span> <span class='ocrx_word' id='word_1_257' title='bbox 919 3365 1034 3445; x_wconf 76' lang='lat' dir='ltr'><strong>potius,</strong></span> 
     </span>
     <span class='ocr_line' id='line_1_38' title="bbox 113 3446 1034 3529; baseline 0.002 -22"><span class='ocrx_word' id='word_1_258' title='bbox 113 3454 145 3507; x_wconf 82' lang='lat' dir='ltr'><strong>us</strong></span> <span class='ocrx_word' id='word_1_259' title='bbox 165 3448 224 3508; x_wconf 80' lang='lat' dir='ltr'><strong>Dei</strong></span> <span class='ocrx_word' id='word_1_260' title='bbox 246 3448 372 3509; x_wconf 87' lang='lat' dir='ltr'><strong>verbum</strong></span> <span class='ocrx_word' id='word_1_261' title='bbox 394 3448 517 3526; x_wconf 71' lang='lat' dir='ltr'><strong>audias,</strong></span> <span class='ocrx_word' id='word_1_262' title='bbox 548 3467 610 3528; x_wconf 88' lang='lat' dir='ltr'><strong>quo</strong></span> <span class='ocrx_word' id='word_1_263' title='bbox 634 3448 769 3529; x_wconf 82' lang='lat' dir='ltr'><strong>erigatur</strong></span> <span class='ocrx_word' id='word_1_264' title='bbox 791 3466 828 3507; x_wconf 87' lang='lat' dir='ltr'><strong>ao</strong></span> <span class='ocrx_word' id='word_1_265' title='bbox 848 3446 1034 3509; x_wconf 80' lang='lat' dir='ltr'><strong>oonsolstio·</strong></span> 
     </span>
     <span class='ocr_line' id='line_1_39' title="bbox 112 3532 633 3610; baseline 0.006 -21"><span class='ocrx_word' id='word_1_266' title='bbox 112 3549 183 3590; x_wconf 84' lang='lat' dir='ltr'><strong>nom</strong></span> <span class='ocrx_word' id='word_1_267' title='bbox 206 3532 339 3610; x_wconf 82' lang='lat' dir='ltr'><strong>aooipiat</strong></span> <span class='ocrx_word' id='word_1_268' title='bbox 360 3533 552 3592; x_wconf 79' lang='lat' dir='ltr'><strong>oonsoieniia</strong></span> <span class='ocrx_word' id='word_1_269' title='bbox 573 3538 633 3592; x_wconf 82' lang='lat' dir='ltr'><strong>tua.</strong></span> 
     </span>
    </p>

    <p class='ocr_par' dir='ltr' id='par_1_8' title="bbox 109 3613 1036 3862">
     <span class='ocr_line' id='line_1_40' title="bbox 196 3613 1033 3696; baseline 0.005 -23"><span class='ocrx_word' id='word_1_270' title='bbox 196 3614 227 3674; x_wconf 88' lang='lat' dir='ltr'><strong>lu</strong></span> <span class='ocrx_word' id='word_1_271' title='bbox 250 3613 476 3676; x_wconf 78' lang='lat' dir='ltr'><strong>absolutionem</strong></span> <span class='ocrx_word' id='word_1_272' title='bbox 495 3615 587 3696; x_wconf 80' lang='lat' dir='ltr'><strong>igitur</strong></span> <span class='ocrx_word' id='word_1_273' title='bbox 608 3621 671 3674; x_wconf 80' lang='lat' dir='ltr'><strong>ium</strong></span> <span class='ocrx_word' id='word_1_274' title='bbox 684 3614 792 3675; x_wconf 88' lang='lat' dir='ltr'><strong>ooulos</strong></span> <span class='ocrx_word' id='word_1_275' title='bbox 814 3621 877 3675; x_wconf 81' lang='lat' dir='ltr'><strong>tom</strong></span> <span class='ocrx_word' id='word_1_276' title='bbox 900 3620 1033 3677; x_wconf 81' lang='lat' dir='ltr'><strong>mentam</strong></span> 
     </span>
     <span class='ocr_line' id='line_1_41' title="bbox 112 3696 1033 3778; baseline 0.001 -21"><span class='ocrx_word' id='word_1_277' title='bbox 112 3698 305 3775; x_wconf 71' lang='lat' dir='ltr'><strong>potissimum</strong></span> <span class='ocrx_word' id='word_1_278' title='bbox 327 3696 455 3778; x_wconf 80' lang='lat' dir='ltr'><strong>defiges,</strong></span> <span class='ocrx_word' id='word_1_279' title='bbox 477 3699 507 3758; x_wconf 86' lang='lat' dir='ltr'><strong>iu</strong></span> <span class='ocrx_word' id='word_1_280' title='bbox 530 3717 591 3778; x_wconf 83' lang='lat' dir='ltr'><strong>qua</strong></span> <span class='ocrx_word' id='word_1_281' title='bbox 612 3697 716 3757; x_wconf 85' lang='lat' dir='ltr'><strong>diviua</strong></span> <span class='ocrx_word' id='word_1_282' title='bbox 738 3715 820 3757; x_wconf 75' lang='lat' dir='ltr'><strong>voos</strong></span> <span class='ocrx_word' id='word_1_283' title='bbox 837 3703 1033 3777; x_wconf 70' lang='lat' dir='ltr'><strong>poeoniorum</strong></span> 
     </span>
     <span class='ocr_line' id='line_1_42' title="bbox 109 3778 1036 3862; baseline 0.002 -22"><span class='ocrx_word' id='word_1_284' title='bbox 109 3781 251 3841; x_wconf 76' lang='lat' dir='ltr'><strong>remissio</strong></span> <span class='ocrx_word' id='word_1_285' title='bbox 272 3799 328 3861; x_wconf 83' lang='lat' dir='ltr'><strong>per</strong></span> <span class='ocrx_word' id='word_1_286' title='bbox 349 3781 505 3842; x_wconf 77' lang='lat' dir='ltr'><strong>hominem</strong></span> <span class='ocrx_word' id='word_1_287' title='bbox 534 3780 589 3843; x_wconf 80' lang='lat' dir='ltr'><strong>sibi</strong></span> <span class='ocrx_word' id='word_1_288' title='bbox 611 3781 831 3861; x_wconf 81' lang='lat' dir='ltr'><strong>anuunoiatur,</strong></span> <span class='ocrx_word' id='word_1_289' title='bbox 869 3798 950 3862; x_wconf 79' lang='lat' dir='ltr'><strong>quas</strong></span> <span class='ocrx_word' id='word_1_290' title='bbox 972 3778 1036 3843; x_wconf 86' lang='lat' dir='ltr'><strong>flda</strong></span> 
     </span>
    </p>
   </div>
   <div class='ocr_carea' id='block_1_5' title="bbox 0 0 1178 4208">
    <p class='ocr_par' dir='ltr' id='par_1_9' title="bbox 0 0 1178 4208">
     <span class='ocr_line' id='line_1_43' title="bbox 0 0 1178 4208; baseline 0 1"><span class='ocrx_word' id='word_1_291' title='bbox 0 0 1178 4208; x_wconf 95' lang='lat' dir='ltr'><strong> </strong></span> 
     </span>
    </p>
   </div>
  </div>
 </body>
</html>
