2346 4208
268 246 302 301 de
322 246 372 301 illo
392 247 493 301 Christi
515 246 603 302 dicto:
623 247 709 315 Vsde,
728 248 817 303 vende
836 255 886 305 etc.
981 249 1045 316 443

185 437 216 500 2.
237 435 308 497 Non
342 435 425 495 enim
455 435 572 515 poteris
606 435 741 498 vendere
772 446 827 499 aut
862 438 1044 521 relinquere,

126 519 188 580 nisi
211 518 294 598 quod
316 519 396 578 iuste
417 518 596 597 acquisieris
618 523 650 580 et
669 520 898 600 possederisll.

206 604 236 667 3.
258 601 385 680 Alioqui
410 599 470 661 dici
492 603 646 682 oportuit,
668 604 774 664 omnia
795 624 864 666 esse
886 604 1045 668 reddenda

125 692 156 746 et
177 684 377 763 restituenda,
400 703 457 747 ceu
479 684 568 763 furta,
590 692 688 767 rapte,
709 687 832 749 iniusta.

205 768 235 831 4.
258 768 454 828 Manifestum
478 775 534 847 est,
558 769 589 828 in
612 769 749 830 secunda
772 769 877 832 tabula
898 772 1044 853 praecipi,

124 853 230 913 omnis
253 869 401 930 quaerere
424 846 455 913 e't
475 850 652 932 possidere,
687 852 759 913 dum
793 853 879 915 dicit:
918 853 1043 916 Furtum

122 953 186 995 non
208 935 314 997 scoies.

206 1021 235 1082 ὁ.
257 1017 328 1080 Ηοο
350 1024 415 1096 est,
439 1023 546 1096 tuum,
581 1038 644 1080 non
667 1018 805 1081 alienum
825 1017 954 1098 habeas,
989 1039 1044 1081 seu

125 1097 177 1182 (ut
198 1100 310 1161 Paulus
332 1101 392 1178 ait)
418 1100 539 1163 laboret
560 1101 698 1181 quilibet,
721 1102 878 1164 uthsbest
899 1101 1045 1183 quoddet

122 1185 233 1265 egenti.
469 1201 478 1214 ·
1000 1212 1005 1221 ¹

208 1269 238 1331 6.
260 1266 301 1327 Et
334 1266 401 1347 ipse
422 1266 534 1328 Paulus
573 1267 741 1346 quaerebet
771 1287 917 1332 manuum
949 1287 1044 1349 opere

122 1351 247 1430 victum,
270 1356 301 1409 et
321 1348 503 1430 possidebat
524 1369 622 1411 snum.
650 1355 653 1360 '

204 1437 234 1498 7.
257 1433 303 1493 lta
325 1439 356 1494 et
374 1432 444 1492 dum
453 1431 481 1514 ²)
495 1433 637 1513 prohibet
649 1432 811 1512 adulteria,
833 1434 918 1514 cogit
930 1433 1045 1496 habere

122 1535 236 1578 uxores
258 1517 409 1597 proprias,
431 1522 465 1577 ut
474 1516 587 1577 Paulus
609 1515 696 1577 dicit:
718 1516 936 1596 Unusquisque
957 1536 1044 1578 suam

121 1599 244 1662 habent.

205 1684 234 1747 8.
258 1681 383 1743 Certum
405 1687 453 1743 est
475 1687 589 1761 autem,
612 1680 695 1762 quod
711 1681 849 1744 Christus
871 1701 935 1744 non
951 1702 1043 1745 vene·

122 1772 172 1828 rat
193 1766 316 1828 solvere
337 1764 439 1845 legem
451 1764 606 1827 secundae
621 1765 756 1844 tabulae,
779 1765 834 1826 sed
856 1766 954 1847 magis
968 1785 1044 1828 con·

120 1848 254 1910 firmare.
553 1870 556 1875 ·

206 1935 233 1997 9.
259 1930 340 2007 Quin
359 1938 391 1993 et
410 1932 621 2012 magistratum
643 1938 675 1993 et
696 1932 764 1992 iure
784 1931 911 2012 politice
933 1932 1046 2012 ubique

122 2015 303 2094 confirmat,
328 2015 419 2077 etiam
443 2033 547 2077 coram
569 2014 684 2095 Pilato,
707 2014 828 2075 dicens:
863 2015 977 2077 Datum
999 2021 1047 2078 est

121 2098 176 2160 tibi
198 2099 340 2179 desuper.
937 2167 943 2180 ⁸

185 2186 234 2249 10.
256 2181 453 2249 Haereticum
475 2180 647 2261 igiturest,
669 2179 752 2260 quod
766 2182 910 2245 monachi
925 2186 1044 2262 putent,

121 2264 236 2327 Christi
258 2284 338 2327 evan
362 2263 454 2324 elium
478 2264 593 2325 servari
608 2282 671 2326 non
686 2283 782 2345 posse
803 2266 862 2327 nisi
878 2263 1045 2327 secundam

122 2348 257 2411 tabulam
281 2285 437 2410 coedbstu
460 2352 492 2407 et
512 2353 696 2427 paupertate
718 2354 929 2410 contemnant.

189 2435 236 2497 11.
260 2430 378 2510 Estque
412 2429 585 2510 hypocrisis
620 2435 651 2490 et
683 2430 877 2494 mendacium
912 2431 1045 2512 insigna,

122 2514 205 2595 quod
227 2520 423 2597 praetexunt,
445 2530 515 2573 sese
533 2513 668 2574 vendere
691 2522 722 2574 et
742 2514 916 2594 relinquere
931 2514 1044 2577 omnia.

187 2600 236 2662 12.
259 2597 391 2679 Oportet
412 2596 495 2657 enim
517 2595 624 2658 vivere
646 2615 722 2675 eos,
755 2597 806 2660 vel
829 2596 869 2659 de
889 2596 969 2658 dctis
990 2616 1046 2678 per

121 2681 211 2761 alios,
235 2681 284 2743 vel
306 2681 462 2761 acquisitis
484 2698 540 2760 per
561 2699 596 2742 se
617 2681 713 2761 ipsos,
735 2688 769 2743 ut
790 2685 920 2743 testatur
940 2699 990 2742 res
1013 2686 1046 2742 et

121 2764 323 2847 experientis.

188 2852 235 2913 13.
259 2849 302 2909 At
323 2846 394 2907 dum
420 2844 530 2923 edunt,
552 2845 679 2927 bibunt,
712 2848 864 2927 vestiunt,
897 2845 1046 2924 habitant,

124 2937 208 2992 certe
238 2950 301 2992 non
324 2928 463 2990 vendunt
484 2948 543 2990 nec
565 2931 742 3011 relinquunt
763 2931 883 3010 omnia,
917 2928 974 2991 sed
995 2929 1046 2990 hs-

123 3014 198 3076 bent
217 3022 249 3076 et
266 3020 391 3074 utuntur
409 3010 561 3077 omnibus.

183 3099 231 3163 14.
256 3096 317 3159 Sed
339 3096 400 3156 hoc
411 3094 651 3174 pulcherrimum
662 3104 870 3160 commentum
884 3100 940 3174 est,
963 3094 1045 3176 quod

124 3179 164 3241 de
185 3181 295 3242 alienis
317 3180 407 3241 bonis
431 3179 540 3241 vivunt
562 3182 655 3243 otiosi
676 3186 708 3242 at
729 3181 843 3258 securi,
865 3186 897 3241 et
918 3197 1047 3323 pauper·

125 3269 230 3342 tatem,
254 3282 309 3324 sen
332 3261 506 3341 relinquere
530 3266 650 3343 omnia,
670 3264 787 3326 faciunt
806 3263 888 3324 idem
911 3280 972 3343 quo
1015 3263 1046 3323 in

125 3348 282 3409 communi
303 3345 475 3427 possidere.

190 3435 239 3496 15.
261 3429 330 3492 Hoc
352 3435 399 3490 est
421 3431 636 3492 suavissimum
665 3431 838 3512 relinquere
854 3425 889 3515 3)
912 3429 1047 3511 propria,

128 3607 269 3619 —na-

162 3714 190 3777 1)
207 3713 238 3764 ln
250 3710 293 3764 ed.
306 3710 389 3768 1558:
405 3711 566 3782 possideris.
582 3711 615 3782 2)
636 3711 667 3766 In
682 3711 723 3766 ed.
743 3712 843 3783 origin.
863 3714 891 3765 et
901 3708 981 3766 den:
1003 3710 1046 3766 lta

124 3781 200 3840 dum.
236 3782 269 3853 3)
290 3783 321 3838 ln
341 3783 406 3840 edit.
425 3786 512 3855 nrigc
541 3783 602 3840 Hoc
620 3789 671 3852 est,
690 3785 857 3839 suavissime
875 3783 1045 3854 relinquere.
