2346 4208
118 229 180 297 326
364 232 456 287 Resol.
478 233 501 283 t.
522 247 606 301 super
625 232 820 301 Propositione

119 440 181 483 non
204 426 407 500 acceperunt,
447 419 566 480 Christo
595 418 812 482 inobedientes
847 419 976 499 fucnnt3
1005 426 1033 481 ot

121 505 165 565 ita
187 502 218 566 S.
242 502 416 581 Stephanus
445 521 512 563 cum
536 509 583 563 tot
607 503 730 563 milibus
753 509 923 584 martyrum
946 503 1033 565 orian-

122 585 190 647 talis
213 587 363 646 ecclesiae
391 586 527 646 damnati
563 586 776 650 censebuntur.
818 585 863 648 Ut
894 587 1033 664 omittam,

121 668 219 749 quod,
242 670 268 729 si
291 669 492 748 perverbum
517 668 628 729 Christi
649 676 789 750 potestas
810 671 974 731 Romarm
993 687 1034 731 sc

122 753 236 814 clesiae
257 752 496 833 intelligeretur,
519 760 552 810 ut
573 752 622 812 hic
642 753 722 829 vult,
746 760 777 813 et
791 753 932 813 Christus
953 771 1035 833 super

121 837 202 897 hanc
224 842 343 915 petram
357 835 520 896 ecclesiam
540 854 626 895 suam
650 855 683 896 se
696 835 862 897 aedificare
874 836 1035 916 promittat,

121 920 265 999 sequitur,
288 918 370 996 quod
386 918 566 978 universalis
585 918 716 979 ecclesia
739 939 802 980 non
825 938 921 999 super
941 917 1034 995 fldem,

122 1003 177 1063 sed
200 1021 292 1082 super
314 1007 499 1082 potestatem
523 1002 683 1062 Romanae
707 1002 860 1064 ecclesiae
881 1001 1035 1063 aedificat·

120 1091 175 1148 est.
219 1083 318 1164 Super
340 1103 431 1163 quam
454 1091 527 1144 tunc
545 1085 613 1164 ipsa
627 1087 768 1147 Romana
789 1084 956 1147 aedificata
976 1082 1033 1145 esti

120 1187 182 1228 non
195 1187 288 1247 super
309 1175 438 1247 petram,
461 1167 491 1227 id
515 1175 571 1243 est,
594 1189 678 1230 suam
695 1175 893 1249 potestatem,
915 1186 975 1231 neo
993 1186 1033 1231 an·

119 1269 174 1332 per
195 1249 298 1327 fidem,
321 1270 395 1332 ergo
417 1271 509 1330 super
529 1252 664 1313 nihilum.
707 1251 783 1327 Quis
803 1252 884 1313 ierat
903 1250 999 1313 bacci

208 1332 302 1394 Vides
325 1353 399 1414 ergo
434 1353 524 1412 quam
559 1355 684 1415 possum
712 1335 816 1396 invehi
838 1336 869 1395 in
892 1335 970 1396 istos
987 1332 1032 1395 bo

122 1417 234 1477 minum
258 1435 377 1496 seusus,
405 1417 429 1476 si
446 1417 557 1478 vellem
576 1418 671 1480 libere
683 1437 784 1498 agere.
828 1417 921 1479 Nunc
941 1422 1031 1479 autem

121 1497 236 1560 sufficit
259 1499 333 1560 mihi
363 1500 542 1578 ostendere,
579 1501 660 1580 quod
692 1501 740 1561 his
761 1501 904 1562 Decretis
937 1504 1032 1563 saura

121 1583 227 1643 hostes
257 1588 288 1643 et
315 1583 346 1642 in
371 1584 571 1644 contentione
604 1583 680 1644 nihil
702 1583 783 1645 cilici
809 1590 938 1665 potest,
972 1586 1032 1644 sunt

121 1666 201 1727 enim
225 1665 466 1746 languidissima,
487 1666 694 1746 frigidissima,
719 1674 751 1727 et
772 1668 896 1747 penitus
917 1666 1029 1747 ineptis

121 1751 198 1809 sima
221 1747 259 1808 ad
284 1750 525 1828 contentionem,
548 1754 675 1829 satsat,
698 1749 780 1829 quod
793 1750 964 1812 tolerantur
982 1764 1029 1829 pro

121 1833 254 1893 fraterna
282 1834 424 1909 caritate,
460 1851 523 1893 non
555 1834 647 1894 etiam
670 1832 838 1895 adorantur
859 1852 917 1913 pro
940 1830 1029 1895 solida

125 1918 156 1977 et
178 1935 325 1996 germana
347 1915 521 1990 veritate.¹)

206 1997 267 2059 Sed
289 2017 348 2059 nec
368 1998 429 2059 hoc
450 1998 609 2059 ferendum
634 2005 696 2077 est,
719 1999 802 2079 quod
824 2000 932 2061 insert:
954 2000 984 2059 ln
1000 1996 1030 2057 iia

123 2080 265 2142 omnibus
299 2089 413 2160 quanto
442 2081 555 2162 gradus
579 2081 707 2159 celsior,
742 2088 829 2143 tanto
865 2083 964 2143 maior
989 2098 1030 2141 aa

123 2166 230 2225 toritas
251 2164 415 2225 invenitur.
438 2165 471 2225 ln
494 2164 659 2225 maioribus
681 2164 832 2244 siquidem
847 2171 896 2226 est
915 2159 1029 2245 regendi

120 2246 306 2326 iubendique
327 2254 481 2327 potestas,
515 2249 546 2307 in
580 2246 749 2309 minoribus
778 2247 970 2327 obsequendi
989 2264 1030 2307 ure

122 2331 262 2391 cessitas.
939 2356 943 2361 ·

205 2412 295 2490 Vide,
316 2418 350 2472 ut
375 2411 589 2472 necessitatem
604 2412 745 2473 omnibus
768 2413 913 2494 imponit,
935 2419 967 2474 et
985 2407 1030 2473 sibi

121 2495 179 2557 soli
204 2502 329 2570 (contra
369 2495 502 2555 caritatis
527 2493 678 2571 officium)
704 2495 876 2557 libertatem
911 2496 1031 2576 arrogat,

121 2578 175 2639 sed
206 2579 338 2659 pessima
371 2579 602 2656 consequentia.
645 2579 715 2640 Non
739 2580 820 2639 enim
849 2598 926 2639 mox
947 2579 1031 2639 maior

121 2662 268 2723 autoritas
292 2669 354 2739 est,
376 2661 428 2721 ubi
450 2660 563 2742 gradus
587 2661 699 2722 celsior
721 2669 775 2725 est.
820 2662 930 2723 Petrus
961 2661 1029 2721 enin

120 2747 235 2826 primus
257 2744 468 2826 apostolorum
491 2744 563 2820 fuit,
586 2744 641 2804 sed
663 2744 777 2805 nullam
799 2747 831 2804 in
855 2764 911 2812 ms
933 2741 1030 2806 autori·

122 2836 215 2891 tatem
245 2829 353 2889 habuit
374 2846 525 2907 unquam,
555 2828 617 2887 imo
640 2835 749 2888 contra
775 2828 913 2908 apostoli
935 2829 967 2888 in
986 2825 1031 2887 Po·

123 2919 201 2972 trum
235 2911 408 2973 habuerunt
440 2910 656 2989 autoritatem,
691 2918 723 2971 ut
745 2912 814 2974 Act.
838 2911 866 2974 8.
892 2910 1030 2983 scribitur,

122 2994 203 3075 quod
234 2994 370 3075 apostoli
393 2994 541 3053 miserunt
563 2993 684 3054 Petrum
709 3001 740 3054 et
761 2994 956 3073 iohannem,
989 2988 1029 3072 qni

122 3084 194 3138 tunc
213 3079 363 3159 primores
387 3083 474 3136 erant
498 3077 577 3136 inter
595 3077 766 3156 apostolos,
790 3084 937 3138 ettamen
959 3069 1029 3137 missi

121 3167 194 3304 fspot
216 3161 255 3222 ab
278 3160 441 3241 apostolis,
464 3166 608 3237 tanquam
632 3160 808 3240 maioribus,
832 3158 1030 3225 arsamum

143 3244 238 3306 deles.

204 3327 329 3388 Labitur
358 3345 432 3406 ergo
454 3324 597 3406 Pelagius
625 3326 685 3387 hoc
714 3326 786 3388 looo
818 3328 894 3388 satis
926 3330 1028 3409 aperta,

124 3429 308 3493 quamquam
330 3428 389 3490 ego
413 3407 516 3485 credo,
539 3408 597 3470 hos
619 3416 651 3470 st
672 3410 786 3470 similes
810 3429 947 3471 canones
967 3398 1028 3471 nihil

122 3500 369 3576 praeternomen
388 3490 427 3552 de
448 3492 597 3552 Romanis
612 3491 809 3572 pontificibus
826 3493 952 3572 habere,
972 3502 1027 3553 esst

122 3583 225 3639 autem
247 3577 437 3656 compositos
459 3574 498 3636 ab
521 3594 626 3636 eorum
650 3573 839 3637 Officialibus
861 3583 893 3638 et
915 3572 1023 3641 Scribis

121 3661 152 3722 in
174 3658 334 3740 theologia
353 3677 461 3741 parum
484 3658 592 3719 doctis.
635 3659 709 3721 Ideo
723 3658 799 3719 nihil
815 3658 1023 3742 evangelicam,

159 3763 190 3829 1)
209 3764 241 3817 ln
261 3763 304 3817 ed.
322 3760 400 3817 dem:
420 3763 543 3816 caritate.
