2346 4208
339 224 378 310 'ds
396 253 522 311 libertate
539 256 707 310 christiana.
877 257 880 263 ’
919 246 983 318 249

55 461 133 525 erga
154 461 224 504 eum
248 443 292 503 sic
315 462 349 504 se
361 450 459 524 gerat,
481 463 518 505 ac
531 445 557 504 si
572 445 734 524 ipseessst
722 445 786 503 tin
808 439 880 503 loco
892 440 984 503 illins

55 527 87 587 ll
106 525 229 588 Christo
251 525 407 588 fluxerunt
434 533 464 588 et
485 527 618 589 fluunt
611 547 641 587 m
664 545 738 605 nos,
771 526 823 606 qui
859 543 918 587 nos
940 527 987 586 sic

55 609 157 671 induit
180 615 212 670 ct
233 628 289 690 pro
312 609 402 670 nobis
426 613 499 692 egit,
522 630 560 671 ac
580 612 604 670 si
619 612 686 691 ipse
708 614 799 687 essct,
822 608 904 690 quod
926 627 985 670 nos

56 712 172 757 sumus
214 692 242 752 Ε
265 693 355 754 nobis
376 692 504 754 fluunt'
496 715 526 754 m
550 713 614 770 ιοι,
637 695 688 773 qui
703 696 747 754 eis
771 711 849 772 opus
861 690 987 769 babent

56 776 159 853 odeo,
192 783 226 836 ιιι
247 783 280 836 et
301 774 392 837 fidem
423 779 483 837 et'
476 778 621 837 iustitiam
646 795 745 837 meam
768 781 912 854 oportent
925 793 986 836 co·

57 879 125 921 ram
149 859 216 920 Deo
239 862 324 939 poni,
346 878 402 941 pro
425 861 565 942 tegendis
589 868 619 920 et
633 858 834 959 deprecandis
852 858 986 939 proximi

59 943 210 1024 peccatis,
233 960 314 1021 quse
335 962 428 1023 super
449 963 499 1035 me
521 945 681 1022 accipiam,
705 943 853 1004 etitem
877 943 920 1002 eis
943 942 985 1002 lc·

61 1025 171 1087 borem
195 1031 226 1086 et
248 1027 396 1099 serviam,
430 1045 468 1087 ac
490 1028 515 1087 si
536 1046 607 1086 mea
629 1028 752 1107 propria
781 1034 901 1104 essent,
942 1026 987 1086 sic

59 1109 142 1170 enim
166 1107 268 1169 Christ
256 1116 303 1169 tus
327 1108 415 1171 nobi‘s
438 1110 519 1171 fecit.
562 1109 717 1170 Haect
669 1116 717 1170 est
737 1110 818 1169 enim
840 1127 913 1168 vera
936 1106 985 1167 ca-

59 1193 136 1252 ritas
159 1192 342 1271 sinceroque
359 1191 552 1254 christianae
567 1195 648 1254 vitae
669 1193 785 1274 regula.
829 1191 987 1252 lbiautem

58 1293 135 1335 vera
156 1281 188 1334 st
202 1293 329 1336 sincera
358 1281 420 1354 est,
453 1275 504 1338 ubi
537 1284 662 1337 verast
690 1278 811 1336 sincera
830 1274 907 1336 tides
930 1281 987 1335 ost
1016 1285 1026 1325 '-

58 1357 491 1438 Hiqupostolus1.0or
522 1361 569 1424 13.
598 1361 716 1420 caritati
750 1358 853 1419 tribuit
840 1355 987 1437 t,quod

57 1460 124 1501 non
147 1441 279 1519 quaerit,
302 1460 456 1521 quassus
478 1449 557 1503 sunt.
659 1488 662 1492 -

146 1522 491 1605 Concludimusitsque,
514 1522 721 1586 Christianum
744 1524 900 1584 hominem
924 1541 987 1584 non

60 1608 167 1667 vivere
186 1607 218 1666 in
240 1626 274 1668 sc
295 1610 381 1688 ipso,
420 1608 527 1669 sedin
551 1608 672 1668 cbristo
703 1615 734 1667 et
755 1608 897 1687 proximo
921 1623 988 1683 suo,

59 1696 116 1751 aut
137 1688 343 1750 Christianum
365 1709 428 1751 non
450 1710 534 1768 esse,
557 1693 586 1750 iu
610 1690 731 1753 Christo
753 1709 808 1770 per
829 1688 965 1757 tidemst
956 1708 988 1747 ιιι

60 1773 205 1854 proximo
228 1793 283 1869 per
305 1773 521 1853 caritatem¹);
543 1773 709 1855 perfidem
731 1792 850 1832 sursum
872 1772 989 1868 rapitur

59 1874 156 1934 supra
177 1874 211 1915 sc
232 1857 264 1916 in
287 1858 394 1936 Deum,
416 1877 534 1918 rursum
557 1877 612 1937 per
632 1858 788 1916 caritatem
811 1855 951 1915 labitur
943 1874 987 1914 rn-

60 1939 110 1999 sra
132 1956 166 1998 se
187 1940 217 1997 in
241 1941 425 2019 proximum,
448 1959 576 2001 manens
599 1947 701 2000 tamen
725 1958 846 2018 semper
866 1939 897 1997 i'n
920 1937 987 1997 Deo

62 2025 96 2082 et
132 2021 258 2082 caritate
293 2024 376 2100 eius,
418 2025 496 2084 sicut
530 2023 667 2085 Christus
703 2023 856 2083 lohanl
863 2020 987 2081 .dicit:

62 2105 164 2165 Amen
207 2104 277 2166 dico
314 2106 421 2183 vobis,
461 2107 607 2188 deinceps
638 2105 779 2167 videbitis
796 2103 829 2182 2)
866 2103 987 2164 coelum

61 2194 203 2267 opertum
227 2195 257 2247 et
279 2190 406 2269 angelos
428 2189 486 2251 Dei
501 2189 705 2251 ascendentes
719 2195 751 2250 et
763 2187 987 2248 descendentes
1070 2223 1074 2229 ·

61 2289 157 2349 super
177 2267 273 2330 filium
295 2271 438 2334 bominis

148 2351 188 2412 Ει
208 2353 286 2414 haec
308 2354 346 2414 de
368 2355 508 2416 libertate
531 2359 616 2432 satis,
641 2375 730 2434 quae,
753 2361 786 2415 ιιι
808 2353 905 2430 vides,
928 2355 988 2433 spi·

61 2435 181 2496 ritualia
208 2455 340 2515 veraque
363 2447 426 2516 est,
448 2439 543 2498 libera
567 2439 684 2498 faciens
707 2437 801 2497 corda
823 2444 929 2498 nostro
950 2435 988 2496 ab

65 2517 210 2580 omnibus
232 2521 386 2600 peccatis,
418 2483 591 2602 legibuset
579 2520 780 2595 tmandatis,
816 2522 894 2579 sicut
915 2519 989 2579 dicit

64 2600 231 2665 Paulusl.
254 2602 387 2664 Timoth
412 2607 443 2666 1:
468 2603 887 2682 Lexiustoncnestposita,
910 2621 989 2680 qnae

63 2689 191 2764 superat
219 2704 327 2747 omnes
349 2687 425 2746 alias
457 2687 613 2748 libertates
650 2693 809 2761 externas,
843 2693 988 2764 quantum

63 2767 189 2828 coelum
210 2776 336 2849 superat
356 2775 484 2845 terram,
513 2789 602 2848 quam
627 2768 717 2830 nobis
731 2769 762 2842 3)
789 2768 925 2828 Christus
947 2769 988 2828 ιι

63 2852 128 2910 ciat
150 2856 181 2910 ct
196 2852 367 2932 intelligere
390 2860 422 2912 et
442 2872 579 2927 servare,
602 2854 710 2912 Amen.

154 2933 187 2992 ln
210 2934 272 2994 fine
294 2941 420 3015 propter
442 2955 512 3014 eos,
535 2935 643 3016 quibus
666 2934 740 2994 nibil
763 2941 823 2993 tam
847 2933 926 2994 bene
948 2932 989 2993 di-

64 3016 153 3096 citur,
178 3017 260 3095 qnod
283 3036 346 3078 non
365 3017 535 3098 depravent
547 3020 628 3079 male
639 3017 852 3097 intelligendo,
875 3016 990 3076 adden-

65 3099 139 3158 dum
162 3111 225 3175 est,
260 3101 285 3160 si
307 3105 463 3161 tument
432 3110 463 3162 et
489 3102 548 3161 id
541 3122 641 3183 ipsum
665 3101 839 3180 intelligere
860 3100 989 3180 possint.

67 3183 147 3242 Sunt
169 3201 259 3261 quam
283 3184 421 3262 plurimi,
443 3186 494 3263 qui
518 3185 599 3245 hanc
620 3184 742 3245 libertat
731 3190 790 3243 tem
814 3182 884 3243 fidei
907 3182 991 3242 audi-

64 3271 153 3325 entes
198 3284 270 3325 mox
300 3285 367 3327 eam
405 3270 435 3327 in
469 3271 664 3329 occasionem
698 3264 890 3343 libertat1s4)
924 3283 990 3326 ver-

64 3348 190 3425 tant⁵)‚
214 3349 318 3409 omnia
339 3349 396 3411 sibi
412 3352 513 3411 statim
530 3351 623 3412 licere
634 3350 828 3424 arbitrantes,
850 3368 908 3408 nec
929 3347 990 3407 alia

138 3548 170 3614 1)
190 3548 222 3602 In
248 3549 313 3606 edit.
332 3550 413 3608 1521:
445 3557 493 3604 aut
517 3551 704 3604 Christianum
735 3566 796 3603 esse
828 3550 857 3600 in
881 3548 989 3600 Christo

66 3635 117 3690 per
136 3620 236 3686 fidem,
267 3624 295 3675 in
320 3625 449 3707 proximo
468 3639 518 3692 per
537 3609 688 3677 caritatem
726 3623 757 3689 2)
778 3620 901 3675 Ibidem:
920 3619 992 3672 vida-

64 3693 119 3747 bis.
156 3693 188 3761 3)
209 3661 315 3748 Ibidem
335 3697 408 3749 etin
430 3695 493 3748 edit
512 3695 583 3747 lem:
613 3711 672 3748 nos.
708 3697 741 3760 4)
761 3694 792 3747 In
812 3693 856 3748 sd.
875 3693 944 3749 1521
963 3698 990 3745 et

64 3762 270 3819 ιΙιιιιιιιιιιιιιι.
307 3767 337 3830 5)
358 3765 700 3821 {consalutaverant
