2346 4208
119 240 184 308 360
446 239 764 312 massonus„

148 429 222 493 140.
244 426 380 505 Summa,
401 433 478 488 vota
498 427 596 491 libera
616 435 702 506 sunt,
723 445 791 487 nou
812 425 970 507 damnem,
988 436 1037 489 tum

123 510 340 592 temporaliter
362 521 424 570 tum
447 519 596 592 perpetuo
618 508 787 572 servabilis
799 509 845 588 ¹).

482 628 692 649 μ-

130 775 177 844 De
207 775 356 859 nnuma
386 772 633 922 Epissppffli·
646 773 903 940 gnmnuono
928 775 1045 842 lartini

296 1009 463 1070 ‚Martinus
485 1009 633 1070 lutherus
655 1011 709 1089 pio
730 1009 870 1074 Lectori.

213 1162 331 1243 Sparsit
360 1162 512 1241 quispiam
520 1163 578 1239 ²³⁸)
601 1182 699 1242 nuper
728 1165 798 1224 sinc
827 1165 963 1225 nominc
985 1164 1048 1224 Gon·

130 1247 288 1307 clusioncs
313 1244 432 1323 aliquot
454 1254 564 1306 contra
578 1246 743 1328 digamiam
760 1247 997 1328 cpiscoporum,
1016 1266 1049 1307 sa·

133 1332 172 1390 tis
195 1328 378 1404 virulentas,
407 1347 550 1408 peneque
572 1329 751 1407 seditiosas,
781 1329 859 1390 dum
882 1331 1049 1412 popularem

132 1414 289 1474 actionem
312 1410 407 1491 vulgo
430 1412 579 1472 adversus
600 1412 741 1493 digamos
762 1413 881 1475 tribuit

214 1495 293 1556 Cum
317 1495 409 1574 igitur
429 1496 491 1554 ista
509 1494 624 1556 invidia
646 1515 695 1555 me
717 1515 847 1575 qnoque
867 1497 937 1578 pati
957 1496 1051 1557 intelli

130 1598 258 1660 garam,
288 1585 322 1637 ut
349 1579 401 1655 qui
423 1596 492 1637 cum
515 1580 621 1658 primis
641 1580 820 1659 coniugium
844 1581 1051 1660 episcoporum

132 1662 283 1722 adversus
301 1659 487 1721 coelibatum
512 1661 716 1738 probaverim,
738 1663 840 1721 risum
865 1671 927 1742 est,
949 1672 1052 1725 contra

129 1746 182 1806 n'is
211 1742 470 1807 Conclusionibus
491 1764 613 1806 veneno
635 1746 699 1805 eius
722 1763 899 1824 occurrere,
923 1767 966 1806 ne
985 1745 1052 1806 vide

133 1829 205 1888 licet
237 1825 374 1888 infirmas
405 1826 485 1886 forte
518 1829 724 1889 conscientias
745 1828 964 1907 perturbaret,
999 1839 1055 1889 etc

133 1911 239 1972 favilla
260 1912 321 1970 ista
341 1928 456 1970 novum
487 1911 665 1972 incendium
687 1909 850 1991 flagraret,
883 1913 1056 1974 siccatam·

134 2001 265 2055 neretur.

220 2076 354 2138 Somnos
376 2080 584 2137 commentum
607 2082 664 2152 est,
687 2075 728 2137 ini
749 2084 918 2157 peccatum
943 2078 1057 2160 fingere,

134 2160 185 2221 ubi
207 2160 327 2219 nullum
351 2165 416 2233 est,
448 2165 479 2218 et
501 2161 647 2220 iustitiam
670 2178 800 2240 negare,
837 2161 890 2221 ubi
917 2181 992 2222 vcra
1012 2170 1056 2235 est,

135 2244 183 2302 cui
205 2261 239 2301 se
262 2242 403 2322 praebuit
430 2244 664 2302 instrumentum
688 2242 896 2304 clancularius
921 2248 982 2305 istc
1003 2245 1057 2304 llis·

133 2334 274 2406 putator,
310 2326 353 2384 its
375 2333 408 2383 ut
431 2333 462 2384 et
486 2327 683 2406 magistratus
704 2327 737 2387 in
759 2325 930 2388 discrimen
954 2338 1056 2388 etcon-

136 2410 285 2469 scientiae
308 2415 339 2467 et
362 2406 639 2469 administrationis
654 2405 952 2472 coniicerenitctur.
996 2410 1057 2470 Eru-

134 2493 214 2552 ditus
237 2493 311 2551 satis
334 2498 397 2567 est,
421 2490 477 2550 sed
500 2494 624 2567 mirum,
655 2492 727 2571 quid
750 2492 886 2553 delectet
909 2494 1058 2555 hominem

134 2576 327 2657 serpentinis,
351 2572 382 2632 id
405 2582 461 2651 est,
484 2576 612 2635 occultis
634 2575 795 2652 morsibus,
817 2594 858 2635 ac
878 2597 946 2638 non
960 2584 1058 2657 aperto

136 2661 240 2739 potius
262 2659 359 2718 Marte
381 2676 529 2737 pugnare.
573 2658 635 2719 Sed
655 2658 772 2718 invidia
794 2666 857 2736 cst,
880 2679 966 2738 qnae
990 2660 1059 2739 quie·

134 2761 221 2801 scere
242 2761 305 2801 non
327 2747 441 2820 potest,
464 2748 496 2800 et
518 2749 705 2821 tamenprae
727 2742 923 2803 conscientia
946 2743 1060 2823 prodire

135 2843 197 2883 non
220 2823 322 2884 audet.
363 2825 464 2904 Lege,
501 2826 543 2883 mi
565 2824 681 2900 lector,
708 2829 872 2903 utrasque,
907 2834 941 2886 et
969 2825 1061 2886 iudica

135 2906 244 2983 libere,
267 2907 417 2968 Dominus
440 2914 541 2966 tecum
564 2907 674 2967 Amen.

209 3084 234 3150 l)
253 3084 285 3136 In
313 3084 355 3136 cd.
388 3086 457 3152 orig.
484 3100 616 3136 numerus
654 3083 753 3152 harum
784 3081 906 3134 thesium
942 3088 986 3134 cst
1014 3078 1062 3141 tet,

134 3156 197 3222 qnia
217 3172 348 3208 numerus
368 3156 403 3210 64
423 3157 476 3207 bis
495 3158 532 3208 ibi
553 3157 670 3222 scriptus
689 3155 840 3206 invenitur.

208 3228 238 3287 'l
259 3227 317 3279 Nos
344 3234 450 3278 textum
477 3227 648 3279 reddidimus
678 3225 806 3278 editionis
833 3220 921 3287 1538,
954 3221 1063 3274 collatae

136 3298 371 3365 cumed‚1558‚
401 3302 557 3366 germanice
588 3298 690 3366 legitur
718 3300 746 3348 in
765 3294 884 3348 Wslchii
905 3291 981 3346 Coll.
1002 3291 1063 3360 Opp.

133 3368 246 3422 Lutheri
258 3370 288 3422 T.
299 3369 362 3423 XIX
382 3387 408 3437 ρ.
429 3369 581 3425 2176c011.
601 3387 628 3438 p.
649 3367 710 3423 116.
755 3367 801 3432 ⁸⁸)
823 3367 892 3433 Quis
913 3365 961 3418 hic
979 3367 1064 3428 fuerit

134 3443 207 3493 inter
229 3444 302 3494 viros
323 3442 420 3494 doctos
441 3458 496 3494 non
517 3446 642 3509 constat,
660 3446 725 3493 sunt
744 3442 790 3508 qui
811 3454 868 3491 non
889 3445 1064 3490 temereccn·

134 3521 218 3576 scant,
239 3513 321 3565 huius
342 3512 428 3565 libelli
448 3514 582 3566 adversus
603 3511 776 3566 sacerdotnm
799 3511 958 3579 digamiam
979 3515 1066 3562 aucto·

134 3601 191 3636 rem
214 3587 300 3637 fuisse
318 3583 489 3639 Vilibaldurn
509 3585 731 3638 Pirlrheimerum
754 3586 800 3644 (cs.
822 3582 964 3635 Riedercr
984 3579 1065 3634 Nach-

134 3657 239 3709 richten
261 3672 309 3708 zur
328 3656 621 3709 Kirchcn-Gslehrten·
640 3656 697 3708 und
717 3650 1065 3708 Becher-Gesehichtaot.
