2346 4208
332 271 476 364 punudu
491 275 603 345 unimus
620 272 657 330 sd
674 278 804 333 norm.
956 276 961 281 '
980 272 1044 343 m

120 455 221 521 aene.
242 459 299 525 49:
332 448 464 542 En'ego
485 462 618 539 morior,
640 468 672 525 et
693 480 868 545 congregor
886 461 930 525 ad
947 480 1046 543 popu·

121 541 188 602 lum
208 560 322 607 meum.
358 543 558 625 Mortuusque
577 552 626 609 est
647 552 679 608 et
699 551 907 627 congregatus
928 544 968 607 sd
991 564 1044 626 po·

121 624 231 705 pulum
251 644 352 695 suum.
395 627 447 690 Sic
472 629 556 690 Deus
585 629 665 691 Mosi
698 635 729 691 et
750 629 869 691 Aamni
888 629 1045 710 promisit:

99 789 102 792 ἦ
122 708 282 771 Transibis
309 709 350 771 ad
370 711 519 792 populum
540 717 625 773 tuum
641 717 679 774 et
699 718 803 793 putres
824 719 904 776 tuos.
947 710 1046 793 Sigui-

123 791 235 853 flcatur
254 798 358 855 autem
378 793 438 872 his,
460 801 591 857 mortem
614 814 684 857 esse
707 797 867 857 transitum
881 793 1045 875 quendum,

123 874 165 936 ud
187 875 282 957 louge
303 878 546 939 numerosiorem
569 878 733 958 populum,
767 880 819 960 qui
839 896 899 941 uos
920 896 1045 958 exspoc-

123 963 179 1039 ἰοί,
201 977 294 1038 quam
315 961 341 1020 is
363 966 420 1038 eut,
442 980 461 1021 a
482 980 543 1042 quo
568 962 706 1023 morituri
727 960 923 1024 discedimus.

207 1074 284 1137 Sunt
304 1077 383 1139 haec
406 1078 532 1139 omniuo
556 1097 679 1159 maguc,
704 1096 785 1159 quoe
806 1080 973 1159 concipere
984 1078 1047 1155 ,hu-

124 1176 235 1219 manus
256 1161 372 1221 animus
401 1179 466 1222 uon
493 1166 607 1241 potest.
649 1161 814 1243 Sic-igitur
837 1163 968 1241 quisque
989 1160 1048 1223 sibi

123 1240 328 1323 persuadeat,
361 1262 431 1306 csse
459 1243 538 1306 haec
564 1244 622 1305 Dei
645 1263 756 1325 opera,
791 1264 871 1325 quae
894 1243 1049 1307 excedunt

123 1331 248 1387 nostras
270 1328 474 1407 cogitationes
504 1335 535 1387 et
562 1328 714 1389 rationem
742 1333 890 1391 nostram.
933 1327 1048 1411 Opera·

123 1412 174 1469 tur
192 1414 296 1469 tumen
306 1410 396 1471 Deus
414 1410 518 1471 omnia
537 1409 592 1470 illa
612 1410 643 1470 in
665 1428 763 1491 parvo
784 1410 847 1472 hoc
864 1410 1048 1471 sacramenti

123 1490 226 1634 ἓὶἔηο,
247 1500 282 1554 ut
302 1492 472 1571 discemus,
506 1498 622 1572 quante
641 1512 691 1554 res
712 1494 752 1554 sit
788 1512 862 1555 vera
894 1494 927 1554 iu
945 1492 1048 1555 Deum

169 1590 213 1639 ω.
1036 1588 1039 1595 .

208 1656 300 1720 Nunc
323 1657 457 1735 decimo,
490 1676 584 1738 porro
613 1676 677 1719 uon
704 1656 776 1719 ideo
797 1656 876 1719 haec
895 1658 1049 1739 rctiopa·

123 1739 214 1803 randi
236 1742 330 1803 animi
350 1741 391 1819 ed
413 1747 544 1804 mortem
566 1760 586 1801 e
606 1758 656 1801 me
679 1748 727 1802 est
746 1739 877 1818 traditu,
896 1746 931 1802 ut
952 1746 1048 1802 tonte
1165 1788 1167 1792 Α

124 1842 194 1884 mus
217 1842 284 1886 eam
305 1824 419 1886 nostrie
443 1843 551 1908 parare
571 1822 702 1902 viribus,
724 1823 779 1884 sed
802 1822 981 1905 suppliciter
1000 1840 1048 1885 ro

124 1907 246 1990 geudus
263 1908 348 1968 Deus
370 1913 432 1986 eet,
455 1914 489 1968 ut
508 1909 576 1988 ipse
596 1908 628 1967 iu
650 1907 740 1968 nobis
761 1906 855 1967 talem
878 1924 1050 1968 sacramen·

124 1998 226 2052 turum
249 1992 458 2072 cognitionem
490 1997 520 2052 et
541 1991 634 2051 telem
657 1991 688 2049 in
711 1995 905 2051 sacramente
927 2006 1051 2069 quoque

125 2072 218 2135 fldem
240 2074 354 2136 formet
388 2081 419 2135 et
441 2081 614 2135 conservet.
657 2072 737 2133 Nam
764 2074 809 2134 sic
830 2071 899 2151 flet,
931 2078 966 2133 ut
987 2091 1050 2133 cre-

126 2163 195 2218 seat
221 2157 252 2217 in
275 2157 364 2218 nobis
391 2159 482 2217 timor
511 2158 568 2218 Dei
598 2162 629 2217 et
649 2157 823 2216 reverentie
845 2174 919 2238 erge
941 2155 1051 2232 Deum,
1148 2176 1160 2197 ·

127 2260 167 2301 ne
191 2240 263 2319 quid
286 2241 399 2302 uostris
424 2241 585 2320 operibus,
621 2239 676 2299 eed
709 2241 814 2300 omnia
842 2240 911 2300 Deo
940 2237 1053 2300 tribua·

127 2342 206 2384 mus.
250 2323 300 2384 Sic
321 2330 424 2384 autem
450 2330 496 2383 est
520 2321 685 2395 orandum,
718 2322 853 2402 nequid
876 2321 1053 2383 dubitemus

126 2407 205 2486 sore,
227 2413 260 2467 ut
281 2425 338 2468 noa
361 2406 506 2467 exaudiat
526 2406 619 2467 Deus.
654 2405 768 2465 Verum
791 2412 861 2466 sunt
883 2405 962 2466 duae
985 2424 1054 2466 cau-

129 2508 202 2569 sae,
238 2496 363 2571 propter
396 2508 471 2568 quas
494 2489 569 2548 nihil
592 2487 730 2548 dubitare
753 2488 792 2547 de
815 2490 957 2550 oratioue
980 2507 1053 2549 con·

129 2574 225 2634 venit.

121 2674 132 2685 ²
214 2670 322 2732 Altera
357 2672 434 2731 haec
468 2679 528 2746 est,
565 2672 627 2730 iam
660 2677 732 2729 aute
763 2668 826 2729 dixi
859 2671 1056 2750 praecepisse

130 2756 229 2816 Deum
264 2752 383 2835 augelis
414 2757 493 2831 suis,
532 2760 564 2813 ut
591 2752 661 2813 illos
692 2752 853 2813 redament
883 2759 914 2812 et
942 2754 1057 2831 iuvent,
1163 2760 1168 2767 ‘

131 2839 184 2919 qui
218 2837 355 2898 credunt.
387 2837 473 2898 'Eius
509 2835 644 2897 mundati
678 2843 709 2895 et
736 2836 952 2916 promissionis
976 2855 1056 2896 com·
1123 2900 1125 2906 ,

132 2918 384 2982 monefaciendus
409 2926 456 2980 est
477 2921 576 2997 Deus,
614 2938 675 2979 nou
700 2918 783 2998 quud
807 2926 860 2979 aut
880 2919 1057 2999 promissio·

132 3005 179 3064 uis
202 3024 276 3064 suee
299 3005 338 3063 eit
360 3004 492 3083 oblitus,
530 3009 584 3071 aut
605 3011 763 3083 praestare
787 3020 854 3062 eam
878 3001 970 3080 nolit,
1004 3001 1058 3061 sed

133 3095 167 3148 ut
188 3086 301 3148 fiducia
335 3088 365 3146 in
395 3088 495 3167 ipsum
518 3088 562 3146 sic
584 3084 683 3145 alatur
705 3094 736 3144 et
757 3084 971 3179 confirmetur,
1008 3103 1057 3145 ne·

134 3189 195 3249 que
216 3190 274 3231 nos
297 3172 386 3230 morti
410 3189 570 3230 occurrere
592 3175 774 3229 metuamus.

219 3287 326 3348 Altera
355 3298 457 3348 autem
492 3295 553 3364 est,
584 3284 667 3365 quod
698 3286 783 3345 illam
815 3285 907 3353 fidem
937 3303 1060 3365 quoque

135 3371 274 3432 Christus
296 3373 506 3452 praeceperit,
539 3376 573 3429 ut
603 3370 717 3430 oraturi
746 3367 924 3440 credamus,
961 3369 1060 3428 Deum

133 3454 217 3516 uelle
244 3452 409 3530 exaudire,
443 3475 483 3514 ue
521 3451 592 3532 quid
620 3451 793 3512 dubitemus
824 3471 882 3512 uos
904 3451 944 3513 de
972 3470 1061 3527 voce,

137 3538 248 3601 Amen.
297 3536 371 3596 Eius
407 3537 543 3599 mandeti
578 3554 702 3614 quoque
736 3534 1060 3597 commonefaciendus

136 3629 187 3682 est
210 3621 309 3696 Deus,
331 3626 363 3680 et
384 3620 562 3683 dicendum:
595 3619 642 3679 Tu
664 3618 749 3677 Deus
769 3636 856 3699 mepe
877 3618 1061 3698 praecepisti

140 3705 323 3780 cretionem,
345 3704 532 3784 praecepisti
553 3702 615 3762 hoo
637 3719 776 3778 quoque,
811 3707 844 3760 ut
865 3700 1062 3763 crederemus

137 3787 218 3873 iupa,
239 3792 273 3849 ut
294 3791 432 3851 nostrum
456 3787 628 3850 meconem
637 3783 805 3875 exaudies„
820 3783 890 3855 hoo,
902 3789 959 3849 tuo
979 3803 1063 3845 meu-
