2346 4208
117 231 181 300 456
358 218 517 304 manuam
535 228 570 286 n.
588 226 624 287 tt
641 227 665 283 n
681 227 717 282 re
735 225 790 285 sao

319 553 413 618 Atia
436 552 612 615 eiusdem
634 553 861 634 argumenti

134 657 202 699 cum
227 639 346 718 priore,
383 644 491 698 eontra
513 644 650 698 satanam
674 642 706 696 et
731 654 937 718 synagogam
962 635 1057 714 ipsius,

260 729 368 783 autore
391 721 428 783 R.
451 723 484 784 P.
506 721 542 782 D.
568 720 699 781 Martino
721 719 924 796 Luthero*].
950 770 953 777 .

210 894 237 953 1.
260 889 397 952 Necesse
437 895 485 951 est
523 889 597 950 iidai
628 890 676 962 (in
710 888 886 956 Christum)
929 888 1058 949 tribuere

127 972 378 1035 iustificationem
399 992 454 1032 seu
471 973 684 1033 remissionem
696 978 913 1052 peecatorum,
937 979 1060 1052 propter

128 1057 227 1118 solum
255 1056 420 1133 Christum,
442 1056 532 1117 Rom.
556 1058 583 1120 3.
607 1063 639 1116 et
659 1054 760 1116 Galat.
783 1058 813 1119 2.
837 1057 868 1119 3.

216 1142 244 1203 2.
270 1142 338 1220 ipsa
360 1145 409 1200 est
430 1140 510 1199 enim
535 1140 665 1200 seientia
695 1138 819 1215 salutis,
856 1157 943 1217 quae
968 1144 1018 1198 est
1035 1139 1060 1196 iu

128 1224 312 1285 remissione
333 1229 546 1302 peecatorum,
578 1232 611 1282 ut
640 1223 721 1281 oanit
742 1221 913 1284 Zacharias
939 1221 1015 1281 Luo.
1037 1225 1060 1283 1.

211 1309 239 1370 3.
262 1305 373 1379 Omne,
398 1304 479 1384 quod
503 1325 566 1366 non
588 1311 696 1366 estex
718 1305 777 1364 hae
796 1303 870 1381 fide,
892 1312 1059 1384 peecatum

128 1396 192 1468 est,
216 1389 322 1453 lohan.
349 1391 396 1452 15.
421 1396 453 1449 et
485 1389 574 1450 Rom.
601 1389 647 1451 14.
672 1389 751 1448 sieut
781 1394 910 1448 eontra:
952 1387 1061 1456 Omnia

126 1471 264 1533 eredenti
287 1477 358 1533 sunt
380 1471 552 1552 possibilia.

211 1555 240 1616 4.
264 1554 429 1634 sophistae
451 1554 575 1634 docent,
597 1552 689 1614 fidem
702 1553 868 1614 informem
881 1561 969 1613 stare
994 1572 1060 1612 oum

129 1647 258 1717 peceato
283 1637 420 1713 mortali,
450 1637 541 1698 etde
568 1637 752 1698 remissione
782 1647 986 1716 pennatorum
1011 1636 1060 1695 du-

135 1720 244 1800 bitare,
268 1720 350 1800 quod
374 1728 422 1781 ast
443 1740 518 1781 vere
544 1720 696 1782 Christum
719 1738 846 1801 negare.

215 1809 244 1867 5.
268 1801 426 1883 Sequitur,
463 1802 554 1864 fidem
589 1803 670 1865 hano
703 1803 868 1863 informem
896 1820 961 1861 non
988 1820 1059 1860 esse

130 1905 170 1946 ex
209 1885 292 1965 flde,
324 1885 379 1947 sed
418 1906 534 1947 meram
568 1905 638 1947 esse
669 1884 921 1947 incredulitatem
953 1891 1057 1944 eontra

130 1966 293 2030 Christum.

217 2055 245 2116 6.
269 2052 350 2128 Quin
372 2049 556 2132 figmentum
592 2057 623 2113 et
645 2050 760 2112 idolum
784 2052 991 2112 vanissimum
1011 2056 1054 2109 est

135 2134 237 2196 oordis
259 2135 393 2210 illorum,
417 2136 468 2214 qni
487 2136 638 2213 nesciunt,
661 2134 732 2214 quid
745 2134 929 2213 loquuntur,
952 2140 1002 2195 aut
1018 2130 1051 2191 de

133 2217 241 2296 quibus
265 2216 427 2278 affirmant.

218 2304 246 2363 7.
269 2300 436 2360 Promissio
460 2306 563 2359 autem
587 2300 689 2361 divina
703 2318 765 2360 non
789 2302 945 2381 aooipitur
968 2297 1055 2360 eorda

134 2402 228 2454 vano,
250 2380 409 2443 incredulo
434 2390 465 2443 et
485 2382 666 2459 idolatrieo‚
688 2403 758 2444 oum
781 2382 895 2444 efiioiet
917 2385 989 2463 ipsa
1015 2401 1058 2442 ve·

135 2487 200 2527 ram
222 2466 279 2526 Dei
302 2467 515 2546 cognitionem
538 2469 568 2526 in
592 2466 743 2530 credente.

219 2551 248 2615 8.
272 2545 377 2630 Quare
407 2549 600 2628 impossihile
634 2556 696 2626 est,
730 2551 975 2629 promissionem
1005 2548 1059 2607 Dei

137 2654 232 2715 posse
254 2633 351 2712 accipi
375 2652 430 2692 seu
455 2631 538 2692 oredi
561 2632 621 2693 fide
644 2633 776 2695 informi.
821 2680 826 2689 ,

219 2720 248 2780 9.
271 2715 337 2775 Neo
359 2723 407 2775 est
429 2734 507 2794 opus
530 2716 678 2794 hominis,
706 2715 760 2776 sed
784 2715 918 2795 Spiritus
949 2713 1058 2774 donum

135 2797 213 2856 fides
237 2799 357 2874 Christi,
380 2797 457 2858 fides
480 2804 582 2858 autem
605 2799 742 2859 informis
766 2805 814 2859 est
829 2794 986 2877 eogiiatio
1009 2814 1058 2855 seu

135 2881 314 2959 imaginatio
338 2881 481 2959 hominis,
504 2880 536 2940 id
558 2889 614 2958 est,
636 2881 720 2942 nulla
742 2880 829 2941 fides.

200 2966 248 3026 10.
271 2963 472 3024 infusa-tides
502 2963 641 3024 similiter
670 2971 717 3025 est
754 2982 872 3024 merum
896 2965 1062 3033 somnium,

138 3050 169 3102 et
190 3044 265 3103 nihil
288 3047 318 3105 in
341 3066 440 3106 rerum
465 3054 583 3124 natura,
606 3048 664 3107 nisi
683 3047 871 3107 vocabulum
894 3045 994 3124 plane
1016 3043 1063 3104 fle

135 3126 244 3202 titium,
268 3128 348 3186 sieut
369 3128 532 3189 Chimaera
558 3144 588 3188 et
608 3130 823 3192 Hireooervus.

199 3212 248 3271 11.
271 3210 396 3271 Frustra
423 3213 570 3287 iactatur,
605 3212 699 3273 fidem
731 3213 895 3272 informem
938 3212 1066 3271 caritate

134 3290 200 3352 fieri
223 3292 396 3372 formatam,
420 3302 451 3354 et
473 3296 517 3354 sio
538 3295 713 3360 iustificare.

201 3375 249 3437 12.
274 3375 392 3436 Caritas
416 3378 496 3437 euim
531 3396 593 3439 non
618 3379 787 3461 approbat,
823 3377 924 3437 multo
967 3378 1069 3438 minus

138 3563 513 3577 m„—

204 3672 234 3735 *)
256 3673 420 3727 Germanice
440 3677 466 3726 in
481 3673 597 3727 Walehii
619 3672 682 3727 coll.
703 3671 773 3739 Opp.
795 3668 876 3722 Luth.
897 3670 988 3727 Tom.
1010 3672 1075 3725 xlx

133 3760 158 3812 p.
183 3744 231 3800 109
253 3751 280 3798 et
299 3746 369 3801 1787
389 3761 449 3814 sqq.
