<?xml version="1.0" encoding="UTF-8"?>
<!DOCTYPE html PUBLIC "-//W3C//DTD XHTML 1.0 Transitional//EN"
    "http://www.w3.org/TR/xhtml1/DTD/xhtml1-transitional.dtd">
<html xmlns="http://www.w3.org/1999/xhtml" xml:lang="en" lang="en">
 <head>
  <title>
</title>
<meta http-equiv="Content-Type" content="text/html;charset=utf-8" />
  <meta name='ocr-system' content='tesseract 3.04.00' />
  <meta name='ocr-capabilities' content='ocr_page ocr_carea ocr_par ocr_line ocrx_word'/>
</head>
<body>
  <div class='ocr_page' id='page_1' title='image "./dmartinilutheri04luthgoog_0287.png"; bbox 0 0 2346 4208; ppageno 0'>
   <div class='ocr_carea' id='block_1_1' title="bbox 127 246 922 348">
    <p class='ocr_par' dir='ltr' id='par_1_1' title="bbox 127 246 922 348">
     <span class='ocr_line' id='line_1_1' title="bbox 127 246 922 348; baseline -0.009 -12"><span class='ocrx_word' id='word_1_1' title='bbox 127 274 194 344; x_wconf 78' lang='lat'>276</span> <span class='ocrx_word' id='word_1_2' title='bbox 381 276 474 333; x_wconf 82' lang='lat' dir='ltr'>Resol.</span> <span class='ocrx_word' id='word_1_3' title='bbox 495 279 522 329; x_wconf 80' lang='lat' dir='ltr'>L.</span> <span class='ocrx_word' id='word_1_4' title='bbox 543 294 627 348; x_wconf 76' lang='lat' dir='ltr'>snper</span> <span class='ocrx_word' id='word_1_5' title='bbox 646 279 834 347; x_wconf 86' lang='lat' dir='ltr'>Propositinn.</span> <span class='ocrx_word' id='word_1_6' title='bbox 918 246 922 253; x_wconf 21' lang='grc' dir='ltr'>ἱ</span> 
     </span>
    </p>
   </div>
   <div class='ocr_carea' id='block_1_2' title="bbox 119 464 1030 1122">
    <p class='ocr_par' dir='ltr' id='par_1_2' title="bbox 119 464 1030 1122">
     <span class='ocr_line' id='line_1_2' title="bbox 206 464 1028 541; baseline -0.001 -15"><span class='ocrx_word' id='word_1_7' title='bbox 206 467 302 526; x_wconf 84' lang='lat' dir='ltr'>Multa</span> <span class='ocrx_word' id='word_1_8' title='bbox 334 474 406 526; x_wconf 88' lang='lat' dir='ltr'>sunt</span> <span class='ocrx_word' id='word_1_9' title='bbox 437 471 469 527; x_wconf 76' lang='lat' dir='ltr'>et</span> <span class='ocrx_word' id='word_1_10' title='bbox 495 466 557 526; x_wconf 85' lang='lat' dir='ltr'>alia</span> <span class='ocrx_word' id='word_1_11' title='bbox 588 467 620 527; x_wconf 92' lang='lat' dir='ltr'>in</span> <span class='ocrx_word' id='word_1_12' title='bbox 651 467 717 527; x_wconf 85' lang='lat' dir='ltr'>iura</span> <span class='ocrx_word' id='word_1_13' title='bbox 740 473 773 525; x_wconf 86' lang='lat' dir='ltr'>et</span> <span class='ocrx_word' id='word_1_14' title='bbox 804 484 862 526; x_wconf 89' lang='lat' dir='ltr'>usn</span> <span class='ocrx_word' id='word_1_15' title='bbox 885 464 1028 541; x_wconf 71' lang='lat' dir='ltr'>eeclesiae,</span> 
     </span>
     <span class='ocr_line' id='line_1_3' title="bbox 124 547 1029 629; baseline 0 -20"><span class='ocrx_word' id='word_1_16' title='bbox 124 570 204 628; x_wconf 87' lang='lat' dir='ltr'>quae</span> <span class='ocrx_word' id='word_1_17' title='bbox 217 569 278 611; x_wconf 90' lang='lat' dir='ltr'>non</span> <span class='ocrx_word' id='word_1_18' title='bbox 299 551 400 629; x_wconf 79' lang='lat' dir='ltr'>nepio,</span> <span class='ocrx_word' id='word_1_19' title='bbox 423 549 579 627; x_wconf 89' lang='lat' dir='ltr'>quomodo</span> <span class='ocrx_word' id='word_1_20' title='bbox 590 547 656 609; x_wconf 89' lang='lat' dir='ltr'>fleri</span> <span class='ocrx_word' id='word_1_21' title='bbox 678 554 863 629; x_wconf 79' lang='lat' dir='ltr'>potuerunt3</span> <span class='ocrx_word' id='word_1_22' title='bbox 886 548 975 629; x_wconf 84' lang='lat' dir='ltr'>quala</span> <span class='ocrx_word' id='word_1_23' title='bbox 992 554 1029 609; x_wconf 87' lang='lat' dir='ltr'>est</span> 
     </span>
     <span class='ocr_line' id='line_1_4' title="bbox 121 631 1029 713; baseline -0.001 -21"><span class='ocrx_word' id='word_1_24' title='bbox 121 635 324 693; x_wconf 86' lang='lat' dir='ltr'>iuramentum</span> <span class='ocrx_word' id='word_1_25' title='bbox 352 635 579 712; x_wconf 78' lang='lat' dir='ltr'>episcoporum,</span> <span class='ocrx_word' id='word_1_26' title='bbox 602 637 685 711; x_wconf 80' lang='lat' dir='ltr'>quod</span> <span class='ocrx_word' id='word_1_27' title='bbox 702 650 758 712; x_wconf 89' lang='lat' dir='ltr'>pro</span> <span class='ocrx_word' id='word_1_28' title='bbox 773 631 877 713; x_wconf 87' lang='lat' dir='ltr'>palliis</span> <span class='ocrx_word' id='word_1_29' title='bbox 889 638 1029 713; x_wconf 75' lang='lat' dir='ltr'>praestare</span> 
     </span>
     <span class='ocr_line' id='line_1_5' title="bbox 123 714 1030 796; baseline 0 -21"><span class='ocrx_word' id='word_1_30' title='bbox 123 725 294 796; x_wconf 82' lang='lat' dir='ltr'>eoguntur,</span> <span class='ocrx_word' id='word_1_31' title='bbox 339 722 370 775; x_wconf 85' lang='lat' dir='ltr'>et</span> <span class='ocrx_word' id='word_1_32' title='bbox 401 716 432 774; x_wconf 90' lang='lat' dir='ltr'>in</span> <span class='ocrx_word' id='word_1_33' title='bbox 473 734 588 775; x_wconf 88' lang='lat' dir='ltr'>meram</span> <span class='ocrx_word' id='word_1_34' title='bbox 622 716 799 776; x_wconf 82' lang='lat' dir='ltr'>servitutem</span> <span class='ocrx_word' id='word_1_35' title='bbox 834 714 1030 795; x_wconf 71' lang='lat' dir='ltr'>iniquissime</span> 
     </span>
     <span class='ocr_line' id='line_1_6' title="bbox 122 796 1029 879; baseline 0 -20"><span class='ocrx_word' id='word_1_36' title='bbox 122 798 242 859; x_wconf 60' lang='lat' dir='ltr'>&amp;maa</span> <span class='ocrx_word' id='word_1_37' title='bbox 265 799 437 878; x_wconf 79' lang='lat' dir='ltr'>capiuntur,</span> <span class='ocrx_word' id='word_1_38' title='bbox 460 798 559 876; x_wconf 89' lang='lat' dir='ltr'>qualis</span> <span class='ocrx_word' id='word_1_39' title='bbox 581 805 630 859; x_wconf 89' lang='lat' dir='ltr'>est</span> <span class='ocrx_word' id='word_1_40' title='bbox 650 799 765 859; x_wconf 88' lang='lat' dir='ltr'>mensis</span> <span class='ocrx_word' id='word_1_41' title='bbox 786 797 911 879; x_wconf 89' lang='lat' dir='ltr'>papalis</span> <span class='ocrx_word' id='word_1_42' title='bbox 930 796 1029 879; x_wconf 71' lang='lat' dir='ltr'>etgrn</span> 
     </span>
     <span class='ocr_line' id='line_1_7' title="bbox 123 881 1030 961; baseline 0.001 -21"><span class='ocrx_word' id='word_1_43' title='bbox 123 883 185 942; x_wconf 90' lang='lat' dir='ltr'>tiae</span> <span class='ocrx_word' id='word_1_44' title='bbox 208 882 460 961; x_wconf 64' lang='lat' dir='ltr'>exspectatum,</span> <span class='ocrx_word' id='word_1_45' title='bbox 494 881 601 959; x_wconf 85' lang='lat' dir='ltr'>quales</span> <span class='ocrx_word' id='word_1_46' title='bbox 623 881 816 942; x_wconf 73' lang='lat' dir='ltr'>narrationes</span> <span class='ocrx_word' id='word_1_47' title='bbox 837 898 981 957; x_wconf 68' lang='lat' dir='ltr'>manum,</span> <span class='ocrx_word' id='word_1_48' title='bbox 1006 886 1030 941; x_wconf 83' lang='lat' dir='ltr'>st</span> 
     </span>
     <span class='ocr_line' id='line_1_8' title="bbox 119 961 1028 1043; baseline 0 -20"><span class='ocrx_word' id='word_1_49' title='bbox 119 963 240 1024; x_wconf 86' lang='lat' dir='ltr'>infinita</span> <span class='ocrx_word' id='word_1_50' title='bbox 261 964 309 1023; x_wconf 88' lang='lat' dir='ltr'>his</span> <span class='ocrx_word' id='word_1_51' title='bbox 332 963 453 1025; x_wconf 86' lang='lat' dir='ltr'>similia.</span> <span class='ocrx_word' id='word_1_52' title='bbox 497 961 586 1038; x_wconf 80' lang='lat' dir='ltr'>Quae</span> <span class='ocrx_word' id='word_1_53' title='bbox 601 963 678 1024; x_wconf 88' lang='lat' dir='ltr'>liunt</span> <span class='ocrx_word' id='word_1_54' title='bbox 689 962 824 1043; x_wconf 83' lang='lat' dir='ltr'>quidem,</span> <span class='ocrx_word' id='word_1_55' title='bbox 846 962 904 1025; x_wconf 87' lang='lat' dir='ltr'>sed</span> <span class='ocrx_word' id='word_1_56' title='bbox 924 970 1028 1025; x_wconf 78' lang='lat' dir='ltr'>aontrn</span> 
     </span>
     <span class='ocr_line' id='line_1_9' title="bbox 119 1045 473 1122; baseline 0.006 -15"><span class='ocrx_word' id='word_1_57' title='bbox 119 1049 166 1107; x_wconf 90' lang='lat' dir='ltr'>ria</span> <span class='ocrx_word' id='word_1_58' title='bbox 186 1046 251 1107; x_wconf 86' lang='lat' dir='ltr'>fieri</span> <span class='ocrx_word' id='word_1_59' title='bbox 272 1045 473 1122; x_wconf 81' lang='lat' dir='ltr'>deberent2).</span> 
     </span>
    </p>
   </div>
   <div class='ocr_carea' id='block_1_3' title="bbox 442 1162 733 1226">
    <p class='ocr_par' dir='ltr' id='par_1_3' title="bbox 442 1162 733 1226">
     <span class='ocr_line' id='line_1_10' title="bbox 442 1162 733 1226; baseline 0.01 -3"><span class='ocrx_word' id='word_1_60' title='bbox 442 1162 657 1225; x_wconf 79' lang='lat' dir='ltr'>Gonolusio</span> <span class='ocrx_word' id='word_1_61' title='bbox 680 1163 733 1226; x_wconf 87' lang='lat' dir='ltr'>Vl.</span> 
     </span>
    </p>
   </div>
   <div class='ocr_carea' id='block_1_4' title="bbox 121 1268 1047 2026">
    <p class='ocr_par' dir='ltr' id='par_1_4' title="bbox 142 1268 1016 1610">
     <span class='ocr_line' id='line_1_11' title="bbox 143 1268 1015 1360; baseline -0.001 -18"><span class='ocrx_word' id='word_1_62' title='bbox 143 1282 238 1343; x_wconf 79' lang='lat' dir='ltr'>Forte</span> <span class='ocrx_word' id='word_1_63' title='bbox 283 1281 476 1345; x_wconf 82' lang='lat' dir='ltr'>satisfaciunt</span> <span class='ocrx_word' id='word_1_64' title='bbox 513 1282 635 1342; x_wconf 89' lang='lat' dir='ltr'>animae</span> <span class='ocrx_word' id='word_1_65' title='bbox 675 1282 707 1340; x_wconf 96' lang='lat' dir='ltr'>in</span> <span class='ocrx_word' id='word_1_66' title='bbox 746 1268 928 1360; x_wconf 80' lang='lat' dir='ltr'>purgatorio</span> <span class='ocrx_word' id='word_1_67' title='bbox 965 1296 1015 1359; x_wconf 72' lang='lat' dir='ltr'>pru,</span> 
     </span>
     <span class='ocr_line' id='line_1_12' title="bbox 142 1361 1016 1446; baseline -0.002 -21"><span class='ocrx_word' id='word_1_68' title='bbox 142 1366 288 1446; x_wconf 79' lang='lat' dir='ltr'>peccatis,</span> <span class='ocrx_word' id='word_1_69' title='bbox 300 1363 361 1424; x_wconf 76' lang='lat' dir='ltr'>sed</span> <span class='ocrx_word' id='word_1_70' title='bbox 374 1363 456 1444; x_wconf 91' lang='lat' dir='ltr'>quod</span> <span class='ocrx_word' id='word_1_71' title='bbox 469 1363 553 1424; x_wconf 87' lang='lat' dir='ltr'>Deus</span> <span class='ocrx_word' id='word_1_72' title='bbox 575 1384 594 1425; x_wconf 85' lang='lat' dir='ltr'>a</span> <span class='ocrx_word' id='word_1_73' title='bbox 606 1365 755 1425; x_wconf 86' lang='lat' dir='ltr'>morituro</span> <span class='ocrx_word' id='word_1_74' title='bbox 772 1361 843 1443; x_wconf 92' lang='lat' dir='ltr'>plus</span> <span class='ocrx_word' id='word_1_75' title='bbox 858 1380 951 1443; x_wconf 87' lang='lat' dir='ltr'>qnam</span> <span class='ocrx_word' id='word_1_76' title='bbox 970 1378 1016 1423; x_wconf 82' lang='lat' dir='ltr'>so·</span> 
     </span>
     <span class='ocr_line' id='line_1_13' title="bbox 145 1445 1016 1529; baseline 0 -22"><span class='ocrx_word' id='word_1_77' title='bbox 145 1449 304 1507; x_wconf 88' lang='lat' dir='ltr'>luntariam</span> <span class='ocrx_word' id='word_1_78' title='bbox 329 1456 457 1506; x_wconf 88' lang='lat' dir='ltr'>mortem</span> <span class='ocrx_word' id='word_1_79' title='bbox 477 1448 603 1525; x_wconf 87' lang='lat' dir='ltr'>requirit</span> <span class='ocrx_word' id='word_1_80' title='bbox 611 1445 650 1529; x_wconf 83' lang='lat'>²),</span> <span class='ocrx_word' id='word_1_81' title='bbox 672 1446 841 1507; x_wconf 88' lang='lat' dir='ltr'>vanissima</span> <span class='ocrx_word' id='word_1_82' title='bbox 852 1445 1016 1507; x_wconf 71' lang='lat' dir='ltr'>tenemur</span> 
     </span>
     <span class='ocr_line' id='line_1_14' title="bbox 142 1526 911 1610; baseline -0.001 -19"><span class='ocrx_word' id='word_1_83' title='bbox 142 1533 296 1603; x_wconf 79' lang='lat' dir='ltr'>asseritur,</span> <span class='ocrx_word' id='word_1_84' title='bbox 320 1531 393 1608; x_wconf 89' lang='lat' dir='ltr'>quia</span> <span class='ocrx_word' id='word_1_85' title='bbox 416 1528 508 1590; x_wconf 90' lang='lat' dir='ltr'>nullis</span> <span class='ocrx_word' id='word_1_86' title='bbox 530 1530 631 1591; x_wconf 87' lang='lat' dir='ltr'>modis</span> <span class='ocrx_word' id='word_1_87' title='bbox 651 1538 756 1610; x_wconf 88' lang='lat' dir='ltr'>potest</span> <span class='ocrx_word' id='word_1_88' title='bbox 775 1526 911 1609; x_wconf 84' lang='lat' dir='ltr'>probari.</span> 
     </span>
    </p>

    <p class='ocr_par' dir='ltr' id='par_1_5' title="bbox 121 1608 1047 2026">
     <span class='ocr_line' id='line_1_15' title="bbox 204 1608 1030 1695; baseline -0.002 -22"><span class='ocrx_word' id='word_1_89' title='bbox 204 1613 244 1674; x_wconf 81' lang='lat' dir='ltr'>Et</span> <span class='ocrx_word' id='word_1_90' title='bbox 264 1614 345 1673; x_wconf 86' lang='lat' dir='ltr'>hano</span> <span class='ocrx_word' id='word_1_91' title='bbox 372 1631 463 1673; x_wconf 91' lang='lat' dir='ltr'>nemo</span> <span class='ocrx_word' id='word_1_92' title='bbox 495 1612 596 1673; x_wconf 85' lang='lat' dir='ltr'>adhue</span> <span class='ocrx_word' id='word_1_93' title='bbox 626 1614 742 1695; x_wconf 82' lang='lat' dir='ltr'>tetigit,</span> <span class='ocrx_word' id='word_1_94' title='bbox 772 1619 804 1673; x_wconf 88' lang='lat' dir='ltr'>et</span> <span class='ocrx_word' id='word_1_95' title='bbox 823 1608 951 1675; x_wconf 84' lang='lat' dir='ltr'>abunda</span> <span class='ocrx_word' id='word_1_96' title='bbox 969 1608 1030 1671; x_wconf 77' lang='lat' dir='ltr'>sss&#39;s</span> 
     </span>
     <span class='ocr_line' id='line_1_16' title="bbox 122 1688 1030 1776; baseline -0.003 -20"><span class='ocrx_word' id='word_1_97' title='bbox 122 1696 160 1757; x_wconf 89' lang='lat' dir='ltr'>de</span> <span class='ocrx_word' id='word_1_98' title='bbox 182 1696 229 1756; x_wconf 86' lang='lat' dir='ltr'>hia</span> <span class='ocrx_word' id='word_1_99' title='bbox 252 1697 343 1757; x_wconf 82' lang='lat' dir='ltr'>rebus</span> <span class='ocrx_word' id='word_1_100' title='bbox 365 1695 437 1755; x_wconf 90' lang='lat' dir='ltr'>alibi</span> <span class='ocrx_word' id='word_1_101' title='bbox 452 1697 571 1776; x_wconf 81' lang='lat' dir='ltr'>scripsi.</span> <span class='ocrx_word' id='word_1_102' title='bbox 613 1696 681 1757; x_wconf 83' lang='lat' dir='ltr'>Neo</span> <span class='ocrx_word' id='word_1_103' title='bbox 696 1688 1030 1773; x_wconf 66' lang='lat' dir='ltr'>multumnoostuusl</span> 
     </span>
     <span class='ocr_line' id='line_1_17' title="bbox 121 1774 1030 1860; baseline -0.006 -19"><span class='ocrx_word' id='word_1_104' title='bbox 121 1780 257 1841; x_wconf 78' lang='lat' dir='ltr'>Eooiana</span> <span class='ocrx_word' id='word_1_105' title='bbox 285 1778 458 1860; x_wconf 78' lang='lat' dir='ltr'>propositio</span> <span class='ocrx_word' id='word_1_106' title='bbox 488 1798 650 1841; x_wconf 89' lang='lat' dir='ltr'>erroneum</span> <span class='ocrx_word' id='word_1_107' title='bbox 673 1778 763 1857; x_wconf 84' lang='lat' dir='ltr'>diait,</span> <span class='ocrx_word' id='word_1_108' title='bbox 793 1774 943 1857; x_wconf 88' lang='lat' dir='ltr'>quidquid</span> <span class='ocrx_word' id='word_1_109' title='bbox 967 1776 1030 1837; x_wconf 76' lang='lat' dir='ltr'>trs</span> 
     </span>
     <span class='ocr_line' id='line_1_18' title="bbox 123 1858 1029 1942; baseline -0.002 -19"><span class='ocrx_word' id='word_1_110' title='bbox 123 1882 194 1923; x_wconf 87' lang='lat' dir='ltr'>mea</span> <span class='ocrx_word' id='word_1_111' title='bbox 217 1862 389 1942; x_wconf 81' lang='lat' dir='ltr'>propositio</span> <span class='ocrx_word' id='word_1_112' title='bbox 412 1862 526 1939; x_wconf 79' lang='lat' dir='ltr'>statuit,</span> <span class='ocrx_word' id='word_1_113' title='bbox 549 1863 621 1941; x_wconf 88' lang='lat' dir='ltr'>quia</span> <span class='ocrx_word' id='word_1_114' title='bbox 642 1862 729 1924; x_wconf 92' lang='lat' dir='ltr'>multi</span> <span class='ocrx_word' id='word_1_115' title='bbox 752 1860 849 1922; x_wconf 83' lang='lat' dir='ltr'>multa</span> <span class='ocrx_word' id='word_1_116' title='bbox 869 1858 903 1923; x_wconf 93' lang='lat' dir='ltr'>lo</span> <span class='ocrx_word' id='word_1_117' title='bbox 925 1864 1029 1921; x_wconf 82' lang='lat' dir='ltr'>unntnr.</span> 
     </span>
     <span class='ocr_line' id='line_1_19' title="bbox 121 1878 1047 2026; baseline -0.001 -20"><span class='ocrx_word' id='word_1_118' title='bbox 121 1946 168 2007; x_wconf 88' lang='lat' dir='ltr'>Ne</span> <span class='ocrx_word' id='word_1_119' title='bbox 190 1965 266 2026; x_wconf 85' lang='lat' dir='ltr'>ergo</span> <span class='ocrx_word' id='word_1_120' title='bbox 290 1944 399 2005; x_wconf 88' lang='lat' dir='ltr'>eadem</span> <span class='ocrx_word' id='word_1_121' title='bbox 421 1951 571 2025; x_wconf 79' lang='lat' dir='ltr'>repetam,</span> <span class='ocrx_word' id='word_1_122' title='bbox 593 1945 667 2005; x_wconf 86' lang='lat' dir='ltr'>illue</span> <span class='ocrx_word' id='word_1_123' title='bbox 688 1945 811 2007; x_wconf 83' lang='lat' dir='ltr'>remitto</span> <span class='ocrx_word' id='word_1_124' title='bbox 835 1940 889 2005; x_wconf 91' lang='lat' dir='ltr'>ubi</span> <span class='ocrx_word' id='word_1_125' title='bbox 904 1878 982 2005; x_wconf 69' lang='lat' dir='ltr'>bia</span> <span class='ocrx_word' id='word_1_126' title='bbox 1042 1966 1047 1971; x_wconf 94' lang='lat'>·</span> 
     </span>
    </p>
   </div>
   <div class='ocr_carea' id='block_1_5' title="bbox 435 2061 741 2126">
    <p class='ocr_par' dir='ltr' id='par_1_6' title="bbox 435 2061 741 2126">
     <span class='ocr_line' id='line_1_20' title="bbox 435 2061 741 2126; baseline 0.013 -4"><span class='ocrx_word' id='word_1_127' title='bbox 435 2061 655 2123; x_wconf 72' lang='lat' dir='ltr'>Conclusio</span> <span class='ocrx_word' id='word_1_128' title='bbox 678 2061 741 2126; x_wconf 83' lang='lat' dir='ltr'>VlL</span> 
     </span>
    </p>
   </div>
   <div class='ocr_carea' id='block_1_6' title="bbox 144 2169 1018 2674">
    <p class='ocr_par' dir='ltr' id='par_1_7' title="bbox 144 2169 1018 2674">
     <span class='ocr_line' id='line_1_21' title="bbox 146 2169 1017 2259; baseline -0.003 -19"><span class='ocrx_word' id='word_1_129' title='bbox 146 2179 255 2258; x_wconf 84' lang='lat' dir='ltr'>Neque</span> <span class='ocrx_word' id='word_1_130' title='bbox 277 2179 349 2259; x_wconf 93' lang='lat' dir='ltr'>quid</span> <span class='ocrx_word' id='word_1_131' title='bbox 371 2179 465 2255; x_wconf 80' lang='lat' dir='ltr'>fides,</span> <span class='ocrx_word' id='word_1_132' title='bbox 499 2199 599 2259; x_wconf 90' lang='lat' dir='ltr'>neque</span> <span class='ocrx_word' id='word_1_133' title='bbox 621 2178 693 2258; x_wconf 89' lang='lat' dir='ltr'>quid</span> <span class='ocrx_word' id='word_1_134' title='bbox 723 2177 888 2255; x_wconf 74' lang='lat' dir='ltr'>contritio,</span> <span class='ocrx_word' id='word_1_135' title='bbox 925 2169 1017 2259; x_wconf 73' lang='lat' dir='ltr'>nsqu&#39;s</span> 
     </span>
     <span class='ocr_line' id='line_1_22' title="bbox 146 2258 1018 2343; baseline 0 -22"><span class='ocrx_word' id='word_1_136' title='bbox 146 2261 217 2343; x_wconf 90' lang='lat' dir='ltr'>quid</span> <span class='ocrx_word' id='word_1_137' title='bbox 241 2262 367 2323; x_wconf 88' lang='lat' dir='ltr'>liberum</span> <span class='ocrx_word' id='word_1_138' title='bbox 390 2262 544 2323; x_wconf 83' lang='lat' dir='ltr'>arbitrium</span> <span class='ocrx_word' id='word_1_139' title='bbox 568 2265 622 2338; x_wconf 79' lang='lat' dir='ltr'>sit,</span> <span class='ocrx_word' id='word_1_140' title='bbox 650 2260 787 2323; x_wconf 83' lang='lat' dir='ltr'>ostendit</span> <span class='ocrx_word' id='word_1_141' title='bbox 797 2279 831 2320; x_wconf 87' lang='lat' dir='ltr'>se</span> <span class='ocrx_word' id='word_1_142' title='bbox 848 2258 1018 2341; x_wconf 74' lang='lat' dir='ltr'>nossa,&#39;qni</span> 
     </span>
     <span class='ocr_line' id='line_1_23' title="bbox 144 2342 1018 2419; baseline -0.001 -15"><span class='ocrx_word' id='word_1_143' title='bbox 144 2345 271 2406; x_wconf 73' lang='lat' dir='ltr'>liberum</span> <span class='ocrx_word' id='word_1_144' title='bbox 300 2345 456 2408; x_wconf 89' lang='lat' dir='ltr'>arbitrium</span> <span class='ocrx_word' id='word_1_145' title='bbox 478 2353 742 2418; x_wconf 73' lang='lat' dir='ltr'>antuumsnorum,</span> <span class='ocrx_word' id='word_1_146' title='bbox 770 2345 836 2404; x_wconf 85' lang='lat' dir='ltr'>aive</span> <span class='ocrx_word' id='word_1_147' title='bbox 857 2342 1018 2419; x_wconf 86' lang='lat' dir='ltr'>bonorum,</span> 
     </span>
     <span class='ocr_line' id='line_1_24' title="bbox 145 2426 1017 2508; baseline 0 -21"><span class='ocrx_word' id='word_1_148' title='bbox 145 2431 211 2488; x_wconf 89' lang='lat' dir='ltr'>sive</span> <span class='ocrx_word' id='word_1_149' title='bbox 233 2428 403 2508; x_wconf 86' lang='lat' dir='ltr'>malorum,</span> <span class='ocrx_word' id='word_1_150' title='bbox 436 2427 592 2489; x_wconf 88' lang='lat' dir='ltr'>dominum</span> <span class='ocrx_word' id='word_1_151' title='bbox 617 2447 695 2505; x_wconf 75' lang='lat' dir='ltr'>esse,</span> <span class='ocrx_word' id='word_1_152' title='bbox 718 2426 866 2505; x_wconf 87' lang='lat' dir='ltr'>balbutit,</span> <span class='ocrx_word' id='word_1_153' title='bbox 889 2434 1017 2488; x_wconf 88' lang='lat' dir='ltr'>autnon</span> 
     </span>
     <span class='ocr_line' id='line_1_25' title="bbox 144 2506 1018 2591; baseline 0.001 -21"><span class='ocrx_word' id='word_1_154' title='bbox 144 2511 213 2571; x_wconf 87' lang='lat' dir='ltr'>sola</span> <span class='ocrx_word' id='word_1_155' title='bbox 233 2510 294 2572; x_wconf 88' lang='lat' dir='ltr'>fide</span> <span class='ocrx_word' id='word_1_156' title='bbox 308 2511 390 2574; x_wconf 84' lang='lat' dir='ltr'>verbi</span> <span class='ocrx_word' id='word_1_157' title='bbox 409 2531 500 2591; x_wconf 90' lang='lat' dir='ltr'>quem</span> <span class='ocrx_word' id='word_1_158' title='bbox 521 2510 687 2590; x_wconf 76' lang='lat' dir='ltr'>iustificari,</span> <span class='ocrx_word' id='word_1_159' title='bbox 709 2517 763 2571; x_wconf 88' lang='lat' dir='ltr'>ant</span> <span class='ocrx_word' id='word_1_160' title='bbox 777 2508 870 2571; x_wconf 77' lang='lat' dir='ltr'>fldem</span> <span class='ocrx_word' id='word_1_161' title='bbox 884 2506 1018 2571; x_wconf 81' lang='lat' dir='ltr'>nantolii</span> 
     </span>
     <span class='ocr_line' id='line_1_26' title="bbox 149 2594 599 2674; baseline 0.004 -21"><span class='ocrx_word' id='word_1_162' title='bbox 149 2594 288 2674; x_wconf 89' lang='lat' dir='ltr'>quolibet</span> <span class='ocrx_word' id='word_1_163' title='bbox 308 2597 435 2656; x_wconf 80' lang='lat' dir='ltr'>erimine</span> <span class='ocrx_word' id='word_1_164' title='bbox 457 2596 599 2656; x_wconf 83' lang='lat' dir='ltr'>somniat.</span> 
     </span>
    </p>
   </div>
   <div class='ocr_carea' id='block_1_7' title="bbox 21 2709 1030 3604">
    <p class='ocr_par' dir='ltr' id='par_1_8' title="bbox 21 2709 1030 3604">
     <span class='ocr_line' id='line_1_27' title="bbox 273 2709 892 2790; baseline 0.002 -18"><span class='ocrx_word' id='word_1_165' title='bbox 273 2712 348 2773; x_wconf 83' lang='lat' dir='ltr'>Tres</span> <span class='ocrx_word' id='word_1_166' title='bbox 373 2732 491 2773; x_wconf 85' lang='lat' dir='ltr'>errores</span> <span class='ocrx_word' id='word_1_167' title='bbox 513 2712 666 2773; x_wconf 77' lang='lat' dir='ltr'>Eooianos</span> <span class='ocrx_word' id='word_1_168' title='bbox 688 2709 739 2770; x_wconf 88' lang='lat' dir='ltr'>hio</span> <span class='ocrx_word' id='word_1_169' title='bbox 759 2710 892 2790; x_wconf 71' lang='lat' dir='ltr'>signavi</span> 
     </span>
     <span class='ocr_line' id='line_1_28' title="bbox 206 2793 1030 2875; baseline 0.001 -21"><span class='ocrx_word' id='word_1_170' title='bbox 206 2795 337 2873; x_wconf 83' lang='lat' dir='ltr'>Primus,</span> <span class='ocrx_word' id='word_1_171' title='bbox 375 2795 457 2875; x_wconf 90' lang='lat' dir='ltr'>quod</span> <span class='ocrx_word' id='word_1_172' title='bbox 481 2796 609 2857; x_wconf 86' lang='lat' dir='ltr'>liberum</span> <span class='ocrx_word' id='word_1_173' title='bbox 640 2793 794 2854; x_wconf 86' lang='lat' dir='ltr'>arbitrium</span> <span class='ocrx_word' id='word_1_174' title='bbox 828 2794 870 2855; x_wconf 88' lang='lat' dir='ltr'>sit</span> <span class='ocrx_word' id='word_1_175' title='bbox 904 2793 1030 2855; x_wconf 79' lang='lat' dir='ltr'>domun</span> 
     </span>
     <span class='ocr_line' id='line_1_29' title="bbox 124 2875 1030 2958; baseline -0.001 -20"><span class='ocrx_word' id='word_1_176' title='bbox 124 2885 245 2939; x_wconf 87' lang='lat' dir='ltr'>aotunm</span> <span class='ocrx_word' id='word_1_177' title='bbox 269 2897 403 2955; x_wconf 78' lang='lat' dir='ltr'>suorum,</span> <span class='ocrx_word' id='word_1_178' title='bbox 428 2878 510 2958; x_wconf 91' lang='lat' dir='ltr'>quod</span> <span class='ocrx_word' id='word_1_179' title='bbox 534 2898 594 2939; x_wconf 92' lang='lat' dir='ltr'>una</span> <span class='ocrx_word' id='word_1_180' title='bbox 615 2876 711 2939; x_wconf 89' lang='lat' dir='ltr'>solius</span> <span class='ocrx_word' id='word_1_181' title='bbox 731 2875 878 2956; x_wconf 80' lang='lat' dir='ltr'>Apostoli</span> <span class='ocrx_word' id='word_1_182' title='bbox 899 2876 1030 2939; x_wconf 74' lang='lat' dir='ltr'>autoritas</span> 
     </span>
     <span class='ocr_line' id='line_1_30' title="bbox 124 2954 1029 3051; baseline -0.003 -31"><span class='ocrx_word' id='word_1_183' title='bbox 124 2963 198 3021; x_wconf 88' lang='lat' dir='ltr'>satis</span> <span class='ocrx_word' id='word_1_184' title='bbox 219 2961 377 3040; x_wconf 86' lang='lat' dir='ltr'>oonfutat,</span> <span class='ocrx_word' id='word_1_185' title='bbox 409 2961 517 3023; x_wconf 89' lang='lat' dir='ltr'>Roma.</span> <span class='ocrx_word' id='word_1_186' title='bbox 534 2965 572 3051; x_wconf 71' lang='grc' dir='ltr'>βε</span> <span class='ocrx_word' id='word_1_187' title='bbox 607 2961 719 3021; x_wconf 85' lang='lat' dir='ltr'>Fuistis</span> <span class='ocrx_word' id='word_1_188' title='bbox 752 2960 834 3021; x_wconf 83' lang='lat' dir='ltr'>servi</span> <span class='ocrx_word' id='word_1_189' title='bbox 853 2954 1029 3039; x_wconf 52' lang='lat' dir='ltr'>penoslbli</span> 
     </span>
     <span class='ocr_line' id='line_1_31' title="bbox 126 3042 1029 3125; baseline -0.001 -21"><span class='ocrx_word' id='word_1_190' title='bbox 126 3043 232 3119; x_wconf 69' lang='lat' dir='ltr'>herii)</span> <span class='ocrx_word' id='word_1_191' title='bbox 258 3055 361 3104; x_wconf 84' lang='lat' dir='ltr'>autem</span> <span class='ocrx_word' id='word_1_192' title='bbox 385 3065 405 3105; x_wconf 94' lang='lat' dir='ltr'>a</span> <span class='ocrx_word' id='word_1_193' title='bbox 424 3052 571 3125; x_wconf 83' lang='lat' dir='ltr'>peccato,</span> <span class='ocrx_word' id='word_1_194' title='bbox 605 3044 686 3104; x_wconf 87' lang='lat' dir='ltr'>servi</span> <span class='ocrx_word' id='word_1_195' title='bbox 713 3043 786 3103; x_wconf 85' lang='lat' dir='ltr'>lasti</span> <span class='ocrx_word' id='word_1_196' title='bbox 807 3043 882 3105; x_wconf 88' lang='lat' dir='ltr'>estis</span> <span class='ocrx_word' id='word_1_197' title='bbox 903 3042 1029 3105; x_wconf 75' lang='lat' dir='ltr'>instillat</span> 
     </span>
     <span class='ocr_line' id='line_1_32' title="bbox 123 3127 1028 3208; baseline -0.002 -21"><span class='ocrx_word' id='word_1_198' title='bbox 123 3127 170 3188; x_wconf 88' lang='lat' dir='ltr'>lta</span> <span class='ocrx_word' id='word_1_199' title='bbox 192 3129 222 3187; x_wconf 92' lang='lat' dir='ltr'>in</span> <span class='ocrx_word' id='word_1_200' title='bbox 247 3147 430 3208; x_wconf 80' lang='lat' dir='ltr'>quoeunque</span> <span class='ocrx_word' id='word_1_201' title='bbox 461 3130 540 3189; x_wconf 86' lang='lat' dir='ltr'>vitae</span> <span class='ocrx_word' id='word_1_202' title='bbox 563 3135 645 3189; x_wconf 91' lang='lat' dir='ltr'>statu</span> <span class='ocrx_word' id='word_1_203' title='bbox 666 3146 790 3206; x_wconf 86' lang='lat' dir='ltr'>sumus,</span> <span class='ocrx_word' id='word_1_204' title='bbox 826 3127 911 3187; x_wconf 76' lang='lat' dir='ltr'>sarsi</span> <span class='ocrx_word' id='word_1_205' title='bbox 931 3138 1028 3197; x_wconf 74' lang='lat' dir='ltr'>sumn,</span> 
     </span>
     <span class='ocr_line' id='line_1_33' title="bbox 124 3206 1027 3291; baseline 0 -22"><span class='ocrx_word' id='word_1_206' title='bbox 124 3230 178 3271; x_wconf 87' lang='lat' dir='ltr'>aea</span> <span class='ocrx_word' id='word_1_207' title='bbox 210 3213 494 3291; x_wconf 79' lang='lat' dir='ltr'>concupiscentiae,</span> <span class='ocrx_word' id='word_1_208' title='bbox 533 3232 587 3272; x_wconf 88' lang='lat' dir='ltr'>sen</span> <span class='ocrx_word' id='word_1_209' title='bbox 610 3211 754 3271; x_wconf 83' lang='lat' dir='ltr'>caritatis.</span> <span class='ocrx_word' id='word_1_210' title='bbox 797 3208 935 3289; x_wconf 82' lang='lat' dir='ltr'>Utraque</span> <span class='ocrx_word' id='word_1_211' title='bbox 965 3206 1027 3269; x_wconf 68' lang='lat' dir='ltr'>enh</span> 
     </span>
     <span class='ocr_line' id='line_1_34' title="bbox 124 3286 1025 3357; baseline -0.006 -4"><span class='ocrx_word' id='word_1_212' title='bbox 124 3293 331 3354; x_wconf 87' lang='lat' dir='ltr'>dominabitur</span> <span class='ocrx_word' id='word_1_213' title='bbox 354 3295 450 3356; x_wconf 87' lang='lat' dir='ltr'>libero</span> <span class='ocrx_word' id='word_1_214' title='bbox 475 3295 610 3357; x_wconf 86' lang='lat' dir='ltr'>arbitrio.</span> <span class='ocrx_word' id='word_1_215' title='bbox 654 3293 705 3353; x_wconf 83' lang='lat' dir='ltr'>sie</span> <span class='ocrx_word' id='word_1_216' title='bbox 726 3292 866 3353; x_wconf 82' lang='lat' dir='ltr'>Christus</span> <span class='ocrx_word' id='word_1_217' title='bbox 887 3286 1025 3355; x_wconf 70' lang='lat' dir='ltr'>tonat:</span> 
     </span>
     <span class='ocr_line' id='line_1_35' title="bbox 21 3370 1025 3457; baseline -0.002 -22"><span class='ocrx_word' id='word_1_218' title='bbox 21 3372 26 3382; x_wconf 86' lang='grc'><strong>’</strong></span> <span class='ocrx_word' id='word_1_219' title='bbox 126 3375 184 3450; x_wconf 75' lang='lat' dir='ltr'>Qui</span> <span class='ocrx_word' id='word_1_220' title='bbox 206 3376 280 3438; x_wconf 80' lang='lat' dir='ltr'>facit</span> <span class='ocrx_word' id='word_1_221' title='bbox 303 3385 474 3457; x_wconf 81' lang='lat' dir='ltr'>pausatum,</span> <span class='ocrx_word' id='word_1_222' title='bbox 496 3397 603 3439; x_wconf 83' lang='lat' dir='ltr'>servus</span> <span class='ocrx_word' id='word_1_223' title='bbox 627 3385 675 3437; x_wconf 86' lang='lat' dir='ltr'>est</span> <span class='ocrx_word' id='word_1_224' title='bbox 694 3376 825 3455; x_wconf 86' lang='lat' dir='ltr'>peoaati.</span> <span class='ocrx_word' id='word_1_225' title='bbox 867 3374 915 3436; x_wconf 81' lang='lat' dir='ltr'>lta</span> <span class='ocrx_word' id='word_1_226' title='bbox 939 3380 970 3435; x_wconf 82' lang='lat' dir='ltr'>et</span> <span class='ocrx_word' id='word_1_227' title='bbox 986 3370 1025 3433; x_wconf 76' lang='lat' dir='ltr'>l&#39;t</span> 
     </span>
     <span class='ocr_line' id='line_1_36' title="bbox 124 3456 1022 3540; baseline 0 -21"><span class='ocrx_word' id='word_1_228' title='bbox 124 3467 205 3537; x_wconf 84' lang='lat' dir='ltr'>trus,</span> <span class='ocrx_word' id='word_1_229' title='bbox 240 3467 268 3521; x_wconf 81' lang='lat'>2.</span> <span class='ocrx_word' id='word_1_230' title='bbox 293 3460 373 3521; x_wconf 84' lang='lat' dir='ltr'>Patr.</span> <span class='ocrx_word' id='word_1_231' title='bbox 395 3463 429 3524; x_wconf 88' lang='lat'>2:</span> <span class='ocrx_word' id='word_1_232' title='bbox 453 3463 479 3520; x_wconf 88' lang='lat' dir='ltr'><strong>A</strong></span> <span class='ocrx_word' id='word_1_233' title='bbox 504 3479 564 3540; x_wconf 92' lang='lat' dir='ltr'>quo</span> <span class='ocrx_word' id='word_1_234' title='bbox 587 3461 668 3521; x_wconf 91' lang='lat' dir='ltr'>enim</span> <span class='ocrx_word' id='word_1_235' title='bbox 703 3460 769 3538; x_wconf 91' lang='lat' dir='ltr'>quis</span> <span class='ocrx_word' id='word_1_236' title='bbox 793 3465 953 3540; x_wconf 86' lang='lat' dir='ltr'>superatus</span> <span class='ocrx_word' id='word_1_237' title='bbox 980 3456 1022 3527; x_wconf 66' lang='lat' dir='ltr'>nb</span> 
     </span>
     <span class='ocr_line' id='line_1_37' title="bbox 124 3542 555 3604; baseline 0.005 -3"><span class='ocrx_word' id='word_1_238' title='bbox 124 3542 214 3602; x_wconf 91' lang='lat' dir='ltr'>buius</span> <span class='ocrx_word' id='word_1_239' title='bbox 238 3550 269 3603; x_wconf 89' lang='lat' dir='ltr'>et</span> <span class='ocrx_word' id='word_1_240' title='bbox 290 3563 396 3604; x_wconf 82' lang='lat' dir='ltr'>servus</span> <span class='ocrx_word' id='word_1_241' title='bbox 419 3549 475 3604; x_wconf 88' lang='lat' dir='ltr'>est.</span> <span class='ocrx_word' id='word_1_242' title='bbox 552 3586 555 3591; x_wconf 89' lang='lat'>-</span> 
     </span>
    </p>
   </div>
   <div class='ocr_carea' id='block_1_8' title="bbox 122 3664 541 3672">
    <p class='ocr_par' dir='ltr' id='par_1_9' title="bbox 122 3664 541 3672">
     <span class='ocr_line' id='line_1_38' title="bbox 122 3664 541 3672; baseline 0.007 -2"><span class='ocrx_word' id='word_1_243' title='bbox 122 3664 233 3670; x_wconf 85' lang='lat'>———</span> <span class='ocrx_word' id='word_1_244' title='bbox 239 3665 354 3672; x_wconf 77' lang='lat'><strong>--——-.·</strong></span> <span class='ocrx_word' id='word_1_245' title='bbox 371 3664 541 3672; x_wconf 78' lang='lat'><strong>.—--—-——---·</strong></span> 
     </span>
    </p>
   </div>
   <div class='ocr_carea' id='block_1_9' title="bbox 83 3698 1064 3847">
    <p class='ocr_par' dir='ltr' id='par_1_10' title="bbox 83 3672 1064 3847">
     <span class='ocr_line' id='line_1_39' title="bbox 83 3698 1021 3838; baseline -0.007 -72"><span class='ocrx_word' id='word_1_246' title='bbox 83 3722 96 3747; x_wconf 87' lang='lat'><em>⁰</em></span> <span class='ocrx_word' id='word_1_247' title='bbox 122 3713 191 3838; x_wconf 64' lang='lat' dir='ltr'>rbl)</span> <span class='ocrx_word' id='word_1_248' title='bbox 213 3712 245 3836; x_wconf 51' lang='lat' dir='ltr'>pp</span> <span class='ocrx_word' id='word_1_249' title='bbox 265 3713 328 3768; x_wconf 84' lang='lat' dir='ltr'>add.</span> <span class='ocrx_word' id='word_1_250' title='bbox 348 3716 433 3782; x_wconf 86' lang='lat' dir='ltr'>orig.:</span> <span class='ocrx_word' id='word_1_251' title='bbox 454 3713 563 3767; x_wconf 86' lang='lat' dir='ltr'>debant.</span> <span class='ocrx_word' id='word_1_252' title='bbox 600 3713 632 3778; x_wconf 76' lang='lat'>2)</span> <span class='ocrx_word' id='word_1_253' title='bbox 654 3712 739 3766; x_wconf 88' lang='lat' dir='ltr'>lbid.:</span> <span class='ocrx_word' id='word_1_254' title='bbox 760 3715 896 3782; x_wconf 80' lang='lat' dir='ltr'>requirat.</span> <span class='ocrx_word' id='word_1_255' title='bbox 924 3711 954 3779; x_wconf 83' lang='grc'>3)</span> <span class='ocrx_word' id='word_1_256' title='bbox 971 3698 1021 3760; x_wconf 75' lang='lat' dir='ltr'>ult</span> 
     </span>
     <span class='ocr_line' id='line_1_40' title="bbox 132 3801 1064 3847; baseline -0.011 -11"><span class='ocrx_word' id='word_1_257' title='bbox 132 3801 242 3838; x_wconf 78' lang='lat' dir='ltr'>rerer.</span> <span class='ocrx_word' id='word_1_258' title='bbox 1062 3838 1064 3847; x_wconf 37' lang='grc' dir='ltr'>Ι</span> 
     </span>
    </p>
   </div>
   <div class='ocr_carea' id='block_1_10' title="bbox 0 0 1178 4208">
    <p class='ocr_par' dir='ltr' id='par_1_11' title="bbox 0 0 1178 4208">
     <span class='ocr_line' id='line_1_41' title="bbox 0 0 1178 4208; baseline 0 0"><span class='ocrx_word' id='word_1_259' title='bbox 0 0 1178 4208; x_wconf 95' lang='lat' dir='ltr'> </span> 
     </span>
    </p>
   </div>
  </div>
 </body>
</html>
