2346 4208
386 267 457 321 xm.
478 267 513 333 ds
532 272 668 336 potestate
688 268 786 336 Papae.
979 266 1040 331 335

120 452 252 529 Petrum,
276 457 309 512 eh
330 453 435 512 omnis
456 451 632 512 communia
653 450 735 511 facit.
779 451 826 511 Ita
846 453 910 514 iure
924 454 1039 534 divino,

122 534 267 615 quidquid
294 535 389 596 hahet
419 535 559 596 Romans
590 535 736 613 ccclesia,
766 534 858 595 habet
886 537 1041 616 quaelibet

126 618 274 696 ccclesia,
311 617 534 697 quantumlibet
569 619 717 697 parva¹);
762 619 833 696 quia
863 619 901 678 od
930 640 1039 681 omnes

123 700 189 762 dicit
217 708 251 762 et
274 701 386 762 Paulus
411 706 438 764 1.
462 701 589 762 Corinth
613 704 648 765 3:
682 700 793 761 Omnia
824 711 942 781 vestra,
972 705 1072 767 sive·

128 785 241 862 Paulus,
264 785 331 845 sive
347 784 472 864 Apollo,
490 786 556 844 sive
565 783 679 867 Cephe,
703 785 769 844 sive
784 785 923 864 mundus,
937 789 1041 848 omnia

129 875 234 944 restra,
258 878 441 928 vosautem
465 868 586 928 Christi.
624 928 627 933 ,

196 951 291 1011 Esset
312 970 387 1012 sane
401 951 571 1029 ridiculum,
595 951 826 1029 quodomnium
843 952 1041 1012 ecclesiarum

131 1033 200 1095 idem
222 1041 273 1095 est
294 1033 472 1114 baptismus,
496 1033 604 1095 eadem
625 1034 817 1111 eucharistia,
840 1035 948 1095 endem
971 1054 1042 1096 con-

132 1114 264 1194 firmatio,
275 1117 356 1179 idam
370 1117 495 1178 verbum
509 1117 574 1184 Dei,
597 1117 678 1177 idem
694 1117 909 1197 sacerdotium,
932 1119 1040 1178 ecdem

134 1201 344 1279 poenitentias,
368 1201 532 1283 unctionis,
555 1201 749 1277 matrimonii,
774 1208 804 1261 et
826 1204 1040 1262 omniasacra·

134 1290 235 1362 neum,
259 1283 467 1362 eademfidcs,
489 1303 570 1363 spes,
590 1285 709 1362 caritas,
733 1285 840 1364 gratia,
853 1305 945 1362 mors,
967 1287 1040 1364 vita,

134 1366 236 1445 gloria,
259 1374 292 1427 et
313 1387 375 1428 una
396 1368 474 1427 haec
496 1368 673 1447 temporalis
695 1369 834 1447 potentin
857 1369 907 1427 nni
930 1369 1041 1429 tributo

136 1458 205 1510 emet
224 1470 283 1530 pcr
303 1450 430 1511 verbnm
454 1451 521 1528 Dei,
545 1450 627 1529 quod
641 1469 805 1511 commune
827 1459 875 1511 est
889 1451 1039 1514 omnibus.

206 1533 328 1610 Quare,
352 1533 524 1612 ubicunque
551 1533 745 1614 praedicatur
771 1534 896 1594 verbum
921 1536 978 1594 Dei
1011 1544 1042 1596 et

137 1615 271 1695 creditur,
303 1617 346 1677 ibi
368 1625 416 1677 cst
447 1636 521 1676 vera
542 1617 634 1695 iidoc,
665 1626 752 1697 petra
773 1618 832 1676 iste
861 1617 1041 1697 immobilis,

135 1697 172 1759 nti
187 1706 292 1761 autem
304 1699 390 1778 fides,
412 1701 455 1760 ibi
468 1701 615 1779 ecclesia,
639 1701 688 1761 ubi
705 1700 848 1777 ccclesia,
870 1700 912 1760 ibi
925 1721 1041 1781 sponso

137 1779 250 1860 Christi,
289 1783 340 1844 ubi
369 1803 485 1863 sponsa
508 1784 634 1861 Christi,
669 1784 710 1843 ibi
745 1786 848 1843 omnia
870 1803 949 1864 quae
971 1791 1042 1844 sunt

137 1868 238 1944 sponsi.
282 1867 329 1927 lta
341 1866 418 1929 fides
430 1869 534 1927 omnio
549 1886 652 1927 secum
669 1867 770 1946 habet,
794 1886 872 1946 quaa
887 1867 926 1926 nd
948 1867 1040 1928 fidam

136 1957 301 2029 sequuntur,
325 1951 445 2028 claves,
469 1959 678 2031 sacramenta,
700 1957 902 2030 potestatem,
926 1958 956 2011 et
978 1970 1040 2010 om-

136 2031 175 2091 nia
194 2033 265 2093 alia.

203 2115 328 2190 Quaero
352 2118 460 2177 etiam:
485 2116 516 2176 Si
540 2117 599 2176 soli
621 2126 692 2176 sunt
704 2118 794 2176 Petro
814 2117 916 2177 claves
939 2117 1039 2195 datae,

135 2205 157 2256 ct
176 2219 236 2259 non
261 2201 426 2260 universali
450 2200 616 2278 ecclesiae,
648 2220 700 2259 cur
722 2220 784 2260 non
808 2209 958 2260 vocantur
980 2201 1040 2260 cio-

135 2299 176 2340 res
196 2284 298 2342 Petri?
334 2302 386 2342 our
414 2303 475 2343 non
501 2293 649 2342 vocantur
679 2284 782 2343 claves
807 2285 957 2344 ecclesiae
980 2285 1040 2344 Ro-

135 2366 256 2426 manae?
291 2366 351 2426 Cur
380 2368 512 2447 ipsemet
533 2367 672 2446 pontifex
694 2369 724 2426 in
749 2369 810 2426 suis
835 2368 927 2426 literis
950 2378 1041 2427 vocat

133 2464 175 2507 eas
195 2449 301 2508 claves
325 2457 450 2509 sanctae
467 2452 570 2509 matris
594 2450 763 2510 ecclesiae?
787 2452 941 2509 Autenim
964 2451 1042 2510 haec

133 2549 183 2591 vox
204 2534 377 2593 communis
409 2535 501 2593 totius
524 2533 675 2592 ccclesiae
707 2535 848 2592 iniuriam
887 2536 960 2593 facit
981 2536 1040 2594 Ro-

132 2632 231 2676 manae
254 2616 423 2693 ecclesiae,
450 2619 481 2674 in
504 2636 559 2674 suo
582 2618 758 2696 privilegio,
790 2617 847 2675 sibi
870 2618 928 2676 soli
951 2626 1040 2677 attra-

132 2695 205 2759 henti
227 2700 351 2762 claves:
374 2707 426 2758 aut
446 2700 590 2759 Romana
612 2701 743 2759 ecclesia
761 2700 894 2760 schisma
916 2703 1042 2779 quaerit,

133 2779 244 2842 dicens:
269 2783 337 2862 Ego
363 2803 427 2842 sum
442 2780 556 2862 Cephe,
581 2792 611 2842 et
634 2785 689 2843 toti
703 2784 854 2842 ecclcsiae
868 2787 947 2861 rapit
968 2805 1042 2863 rem,

132 2881 211 2942 qoam
236 2868 372 2945 ipsamet
402 2865 563 2926 confitetur
596 2887 800 2926 communem.
845 2868 933 2925 Patet
967 2887 1041 2948 ergo

132 2950 299 3010 testimonio
313 2951 448 3009 omnium
461 2950 595 3028 publico,
619 2970 680 3010 non
694 2951 794 3026 Petro,
819 2951 871 3009 sed
891 2950 1041 3010 ecclcsiae

132 3049 189 3092 esse
212 3033 318 3092 claves
342 3033 485 3111 traditos,
510 3054 570 3093 non
594 3036 768 3110 Romanas,
800 3034 854 3093 scd
878 3035 1042 3093 universali

132 3122 154 3174 et
174 3115 311 3176 cuilibet.

199 3203 328 3262 Praeter
349 3199 435 3275 haec,
450 3200 538 3286 pide,
562 3221 651 3280 quam
675 3209 758 3260 recte
780 3222 835 3281 per
856 3209 974 3282 petram
997 3201 1039 3259 in-

130 3285 263 3366 telligant
285 3290 483 3364 potestatem.
527 3284 605 3344 Nam
628 3305 696 3344 curn
726 3293 864 3364 potestas
889 3305 956 3344 esse
980 3304 1040 3344 non

128 3372 228 3444 possit,
252 3369 311 3426 nisi
335 3366 467 3425 ccclesia
490 3368 528 3426 sit
551 3370 632 3448 prius
651 3368 786 3446 fundata,
810 3388 888 3447 quac
911 3370 1043 3447 accipiat

124 3456 324 3526 potestatem,
358 3451 514 3528 quomodo
552 3453 683 3512 ecclesia
718 3472 809 3531 super
846 3459 1041 3530 potestatem,

125 3529 151 3594 id
173 3544 235 3613 est,
273 3537 358 3616 prius
380 3535 558 3595 aedificatur
586 3556 677 3617 super
700 3535 872 3615 posterius?
903 3537 1043 3614 Denique

122 3628 309 3691 potestatem
321 3638 384 3679 non
408 3639 464 3698 per
484 3620 690 3700 petram,'sed
713 3640 768 3699 per
790 3619 893 3679 claves
906 3620 1043 3681 Christus

223 3764 313 3771 .---...
330 3764 445 3769 ..‚.-.--.».-
461 3763 491 3768 --
504 3765 510 3767 -
528 3764 543 3769 -

157 3815 188 3880 1)
212 3816 241 3867 ln
263 3813 304 3867 ed.
327 3816 433 3885 priore:
456 3828 542 3885 parva
560 3814 604 3871 sit.
