2346 4208
85 272 92 282 ·
122 241 184 307 332
352 247 443 299 Resol.
462 247 492 300 L.
513 264 597 316 super
617 248 808 318 Proposltioue

123 435 256 510 inferior,
276 441 329 494 aut
342 435 497 495 ullaalial
521 435 552 497 si
574 435 658 495 nulla
671 437 855 514 nominatur,
879 436 1028 498 nullasuh

124 537 192 577 esse
223 516 331 595 debet,
370 526 536 598 praesepto
571 519 679 579 saltem
717 519 834 581 divino.
879 518 958 594 Quid
987 519 1028 580 hio

124 601 231 660 melius
254 600 312 659 dioi
334 609 455 680 potest,
478 621 568 681 quam
593 602 676 681 quod
699 604 826 665 verbum
850 602 960 664 Christi
980 620 1026 663 uso

122 683 160 743 de
182 685 396 763 superioritate
425 704 483 745 neo
504 686 707 746 inferioritate
730 686 930 747 ecelesiarum
952 684 1024 747 inlel-

123 768 174 847 ligi
197 767 309 846 possit,
332 766 386 827 sed
411 768 448 827 de
471 769 554 845 sola,
584 769 708 846 eadem,
730 770 916 850 invictaque
928 768 1024 853 fldett

121 853 276 929 potestate
299 852 433 910 omnium
451 852 647 912 eeclesiarum
671 853 850 931 aequaliter.
888 851 1022 928 ‘Videsne
1054 906 1058 911 .

123 933 195 1012 quid
218 933 257 992 sit
278 952 381 993 sacras
414 934 517 998 literas
539 954 595 1014 pro
629 935 762 996 humano
786 934 900 997 affeetu
920 943 953 996 et
970 935 1021 995 siro

125 1017 236 1077 timore
259 1016 315 1075 Dei
338 1023 475 1081 tractare.

187 1201 286 1296 'lilius
310 1206 392 1260 certe
414 1118 744 1283 priviiggihuitilnrgitur,
768 1202 853 1263 auius
876 1200 1019 1263 autoiimtt
1056 1286 1058 1301 Ι

122 1283 294 1445 fillcltiiiile,
317 1384 395 1446 quae
418 1366 583 1427 corollaria
604 1367 723 1428 inferat.
769 1367 902 1430 Verbum
917 1364 1017 1443 Christi,
1048 1324 1058 1415 i

123 1451 161 1510 de
184 1449 244 1510 fide
267 1450 306 1510 ad
329 1450 490 1528 potestatis
513 1449 769 1530 significationem
793 1451 956 1530 detortum,
975 1446 1017 1531 pri
1054 1462 1058 1565 p

122 1535 266 1614 vilegium
290 1533 324 1593 tlt
340 1533 500 1592 Romanae
517 1534 669 1595 ecelesiae
691 1534 839 1613 inverho,
863 1532 1018 1614 quodsum
1052 1570 1058 1589 .

124 1619 254 1678 muniter
276 1615 417 1676 omuibus
441 1616 579 1675 eeclesiis
608 1619 769 1694 convenit,
808 1618 881 1697 quia
904 1616 1018 1679 cusam
1052 1592 1058 1669 i

124 1701 210 1761 dioit:
234 1700 331 1779 Super
348 1699 426 1758 hano
437 1706 555 1778 petram
566 1699 737 1760 aedificabo
754 1701 917 1761 ecelesiam
930 1714 1019 1773 metu,

122 1785 232 1862 Meam,
254 1784 361 1860 inquit,
384 1801 493 1842 meam.
538 1782 569 1842 Si
593 1783 726 1843 eeclesia
748 1784 809 1844 alia
824 1781 1021 1865 quaslibsltsl

122 1867 253 1928 eeclesia
265 1865 385 1943 Christi,
408 1866 475 1944 ipsa
497 1873 580 1925 certe
602 1866 765 1927 aedificata
787 1872 948 1946 estsuper
965 1880 1019 1935 stu

121 1951 190 2012 dem
221 1957 355 2030 petram,
391 1955 421 2008 et
457 1949 571 2007 nullum
609 1957 657 2009 est
687 1949 740 2009 ulli
763 1949 962 2032 privilegium.
995 1938 1020 2007 fi

120 2054 183 2095 nou
198 2041 244 2093 est
258 2033 389 2093 ecelesia
402 2030 522 2106 Christi,
545 2039 576 2091 et
597 2032 665 2093 sola
678 2031 811 2116 Romal)
837 2039 886 2094 est
900 2028 1021 2103 sertem,

121 2117 314 2196 privilegium
338 2134 399 2175 non
425 2121 499 2186 stat,
537 2115 608 2194 quia
630 2117 715 2176 nulla
737 2123 784 2177 est
806 2116 957 2193 ecelesia,
984 2108 1020 2172 sti
1051 2134 1058 2169 i

120 2202 262 2261 Romana
284 2199 422 2277 superior
457 2217 524 2257 esse
559 2200 666 2278 possit.
712 2202 820 2259 lterum
844 2199 930 2260 dieo:
965 2196 1020 2257 m

121 2286 251 2360 nomeu,
274 2301 389 2358 meam,
424 2289 477 2340 aut
498 2281 651 2362 signifieat
673 2283 771 2343 solam
796 2277 965 2343 Romanam
983 2295 1019 2339 so

121 2367 257 2439 alesiam,
280 2372 331 2425 aut
354 2383 476 2424 omnem
494 2365 665 2426 eeclesiam.
691 2365 842 2443 Sisolam,
870 2360 1021 2427 nonhabet

121 2448 312 2530 privilegium
326 2467 399 2528 prae
412 2449 535 2526 ueteris,
554 2450 578 2507 si
594 2468 727 2524 omnem,
749 2451 857 2508 iterum
871 2444 1021 2510 nonhabet

121 2532 314 2612 privilegium
337 2551 410 2611 prae
443 2533 561 2591 ueteris
606 2532 709 2611 Eligat
745 2550 819 2612 ergo
852 2531 934 2611 quod
963 2526 1022 2601 mil,

122 2635 176 2695 per
197 2614 258 2674 hoe
280 2615 405 2675 verbum
429 2613 557 2691 Christi,
589 2615 729 2674 Romana
752 2615 886 2674 ecelesia
909 2619 960 2681 aut
978 2609 1022 2673 orit

122 2699 205 2777 sola,
228 2704 363 2759 autnon
387 2698 443 2756 erit
464 2698 571 2775 prima.

204 2781 273 2840 Alia
295 2799 368 2860 ergo
401 2781 450 2839 via
480 2779 657 2858 probandus
689 2781 746 2840 iste
768 2781 937 2859 primatus,
965 2774 1022 2857 quit

121 2865 296 2925 illusionem
319 2863 399 2923 hano
426 2865 471 2921 sui
504 2863 696 2942 evangelium
721 2863 834 2923 Christi
860 2868 913 2935 (ut
934 2859 1019 2933 adu)

122 2968 213 3028 quam
236 2946 363 3026 pulehre
386 2945 495 3023 eludit,
518 2954 548 3005 et
573 2951 624 3019 (ut
646 2944 840 3025 proverbium
864 2940 1021 3017 Salomoni!

122 3031 231 3102 habet)
258 3029 356 3088 illudit
392 3028 534 3088 illusores
568 3048 651 3089 suos.
695 3029 734 3088 m
756 3037 827 3088 sunt
850 3035 953 3089 tamen
973 3034 1019 3088 tw
1052 2992 1058 3057 i

123 3114 218 3189 multi,
243 3114 293 3192 qui
317 3132 355 3172 ex
366 3112 426 3171 hae
439 3113 549 3171 misera
563 3112 653 3191 palea
664 3112 856 3192 privilegium
880 3111 1020 3173 Romam

122 3197 273 3257 eeclesiae
306 3197 419 3275 passim
454 3214 509 3274 pro
544 3195 674 3255 articulo
708 3193 796 3273 fidei,
830 3194 880 3254 vel
904 3194 1018 3256 omniur

121 3281 220 3360 primo
244 3286 274 3338 et
290 3281 435 3356 maximo,
447 3279 593 3358 iaotitent,
618 3279 827 3358 patientiores,
851 3279 876 3338 si
888 3278 1017 3339 chutun

121 3383 227 3444 neges,
251 3381 340 3441 quiam
365 3363 389 3420 si
414 3362 474 3421 hoo
498 3362 698 3441 privilegium,
722 3360 816 3421 verba
838 3360 948 3422 Christi
968 3373 1017 3440 pel·

123 3454 254 3520 vertens,
278 3465 340 3505 non
364 3444 484 3504 adores.

185 3528 443 3607 Sequituriterum
457 3526 663 3603 corollarium,
681 3527 733 3587 tali
750 3526 887 3588 themate
902 3525 1013 3607 dignum

204 3609 293 3672 Unde
315 3630 377 3672 non
402 3617 449 3670 est
471 3609 610 3685 dubium,
634 3611 722 3688 quia,
746 3611 883 3690 quisquis
913 3604 1012 3670 cuilibet

146 3737 188 3850 ¹1)
210 3782 238 3833 lu
259 3781 300 3834 ed.
320 3782 395 3836 lem:
417 3782 551 3834 Romana.
616 3836 619 3841 ,
