2346 4208
201 245 265 313 196
475 249 632 318 &sponsio
652 249 681 305 l).
701 249 734 305 ll.
752 247 871 305 Lntheri.

202 431 347 495 socordia
367 438 507 495 versatus
527 434 568 495 sit
588 433 656 514 plus
678 433 969 515 duodecimannis,
987 436 1121 517 -interqn'e

202 516 455 597 synpalaestritss
480 523 599 578 veshos
621 516 758 597 detritus,
779 536 843 579 non
866 517 944 581 mihi
966 518 1123 601 persuum·

202 599 290 679 bih's,
324 599 552 680 philosophiam
574 619 643 661 essa
665 601 875 681 garrulitatem
895 600 986 663 illam
1007 601 1048 665 de
1066 622 1123 665 mn

202 684 296 762 teria,
327 690 411 745 motu
434 682 571 760 infinito,
599 683 689 761 loco,
718 703 836 763 vacuo,
866 690 1030 766 tempore,
1049 704 1124 766 quaa

202 766 268 829 lere
300 768 330 826 in
352 766 521 827 Aristotele
551 767 619 828 sola
651 766 813 846 discimus,
846 768 924 835 talia
955 786 1039 849 quae
1058 786 1125 835 ,net

202 847 402 926 intellectum,
424 869 483 911 nec
504 848 663 928 allectum,
686 870 744 911 nec
765 870 949 914 communes
971 852 1126 921 hominnm

204 952 307 997 mores
342 932 507 1013 quidquam
548 934 670 1011 invent,
708 940 825 995 tantum
859 935 1124 1003 ¹contentionibus

203 1015 341 1079 serendis
376 1015 598 1097 servandisque
632 1016 755 1079 idonea.
807 1016 899 1093 Quod
930 1019 960 1079 si
995 1018 1125 1089 maxime

204 1098 276 1179 quid
296 1099 451 1177 valerent,
479 1106 525 1160 tot
546 1108 649 1161 tamen
674 1100 873 1181 opinionibus
895 1101 1126 1181 consuescunt
1169 1118 1171 1151 l

193 1188 237 1245 ‘ut
256 1201 317 1261 qno
339 1183 407 1261 quis
428 1184 540 1243 certius
562 1183 689 1263 aliquod
711 1184 799 1263 sequi
819 1186 1037 1266 proposuerit,
1070 1185 1126 1247 hoe

202 1266 348 1327 incertior
367 1267 490 1345 feratur,
512 1274 542 1326 et
564 1267 648 1329 faces
660 1266 816 1329 Euboicas
835 1274 986 1346 sectetur,
1007 1276 1042 1331 et
1061 1287 1126 1331 amn

204 1349 328 1411 tandem
350 1368 420 1411 cnm
440 1349 554 1411 Proteo
582 1350 641 1411 sibi
661 1351 757 1413 ferisne
777 1350 937 1432 negotium
958 1352 1126 1432 poenitent
1169 1360 1171 1365 '

203 1432 268 1495 Has
300 1432 454 1513 procellas
483 1452 541 1495 vos
578 1432 808 1514 philosophiam
841 1433 959 1514 dicitis,
993 1436 1127 1519 Hagishi

204 1517 313 1577 nostri.
355 1515 410 1577 Sat
431 1523 497 1577 erat
517 1517 706 1579 iuventutem
729 1516 952 1595 Christianam,
981 1525 1126 1601 tauquam

203 1601 236 1661 in
258 1598 390 1661 barbara
410 1600 556 1680 Aegypto
578 1601 780 1679 servientem,
802 1601 881 1663 haec
901 1600 977 1665 ideo
999 1602 1125 1685 elimare,

204 1688 328 1753 ntcnm
365 1685 502 1762 tyrannis
520 1684 592 1750 ,suis
625 1683 709 1763 loqui
737 1685 851 1764 possit,
886 1703 954 1747 non
988 1684 1128 1767 probare,

204 1765 324 1833 donea·
343 1766 505 1843 hberetnr3
541 1767 586 1827 sic
619 1787 678 1847 ego
718 1765 934 1829 adolescentes
969 1769 1127 1833 institunt

204 1849 304 1913 soleo.

237 1976 240 1997 ²
287 1967 360 2028 Scio
382 1967 570 2045 iamdudum,
592 1968 633 2026 mi
646 1967 877 2048 Christophore,
899 1970 930 2030 te
949 1970 1058 2033 ridere
1077 1971 1128 2033 hos

205 2052 348 2132 egregios
371 2051 568 2112 damnatores
590 2050 795 2126 doctrinales,
828 2057 860 2112 et
879 2051 957 2112 illud
988 2054 1127 2115 fcslivnnr

205 2140 299 2195 tnnm'
321 2142 423 2194 tecum
456 2152 658 2194 murmurare:
693 2134 769 2194 Gnm
803 2134 915 2195 talibus
943 2136 1128 2199 Dectnrilrns

205 2219 303 2278 ausim
316 2224 347 2278 et
358 2226 420 2299 'ego
433 2216 592 2299 congredi.
629 2217 681 2278 Sic
693 2218 774 2277 enim
797 2218 879 2279 soles
891 2219 1036 2282 titulatas
1058 2222 1127 2281 istas

206 2300 310 2361 Bnllas
322 2301 399 2361 nihil
420 2320 483 2362 non
507 2301 564 2362 sibi
575 2308 756 2381 arrogantes
767 2301 867 2362 salire.
890 2302 1009 2363 Verum
1022 2302 1128 2385 positis

207 2383 333 2463 salibus,
349 2385 458 2462 quidus
469 2384 554 2464 digni
567 2392 648 2461 sunt,
669 2402 725 2463 pro
740 2385 784 2444 eia
797 2386 900 2465 potina
913 2404 1039 2447 mecum
1052 2384 1128 2463 dole,

207 2468 258 2547 qui
268 2468 324 2528 suh
337 2468 384 2527 his
400 2469 537 2548 tyrannis
548 2468 673 2548 ingenia
686 2469 804 2547 optima
816 2470 1005 2548 prostituere
1016 2488 1128 2551 cogun-

207 2559 265 2612 tur.
307 2550 386 2611 Nam
408 2550 492 2630 qnod
514 2552 581 2611 sine
603 2552 720 2610 caussis
751 2549 879 2613 adiectis
912 2570 984 2613 mea
1006 2553 1128 2615 domm

206 2640 287 2712 runt,
308 2642 402 2695 nemo
424 2641 472 2693 est
494 2636 640 2712 omnium,
662 2635 714 2712 qni
738 2654 799 2694 nou
823 2634 948 2694 damnet
971 2644 1006 2697 et
1025 2636 1128 2713 rideat,
1151 2672 1156 2679 ·

207 2736 269 2797 qna
298 2716 410 2778 frivola
440 2726 472 2777 et
505 2719 668 2778 temeraria
703 2717 902 2778 damnatione
934 2738 1000 2781 uon
1027 2740 1128 2803 parunt

208 2801 401 2881 probationis
437 2802 514 2862 meis
557 2800 669 2861 libellis
711 2800 904 2879 adiecerunt,
948 2806 1127 2883 praesertim

208 2883 293 2965 apud
316 2903 382 2962 eos,
404 2886 455 2964 qui
478 2903 541 2944 non
565 2885 686 2964 penitus
708 2892 780 2944 sunt
799 2892 905 2944 cantes
929 2892 962 2946 et
985 2889 1114 2969 stipites.

290 3002 438 3083 Suspicor
461 3009 564 3064 lamen
586 3022 641 3063 eos
662 3003 900 3083 prudentissimo
923 3006 1128 3069 consilioue

208 3086 302 3147 luisse
329 3086 445 3166 aliquid
469 3084 609 3166 probare,
631 3093 684 3147 ant
705 3087 854 3147 rationem
877 3086 971 3147 nllins
995 3088 1128 3167 reddere,

208 3169 291 3249 quod
313 3188 477 3247 memores,
511 3168 583 3249 qnid
612 3170 840 3249 promovissent
865 3168 1078 3237 colonienses
1101 3174 1127 3235 in

207 3253 357 3315 Reuchlin
380 3253 534 3330 inristam,
562 3259 594 3313 et
615 3271 677 3332 qno
698 3253 815 3334 impetu
838 3272 945 3314 eorum
968 3256 1128 3319 insulsiss'n

208 3356 290 3399 mam
315 3337 498 3417 farraginem
535 3334 705 3414 disiecerit,
738 3336 919 3414 timuerunt,
952 3354 997 3400 ne
1024 3348 1058 3403 et
1077 3340 1128 3423 ipsi

207 3418 240 3481 in
272 3428 434 3481 cornutum
469 3426 502 3481 et
540 3418 720 3500 ungulatum
760 3419 872 3481 bovem
916 3420 1129 3569 ἰιηρὶιιεεηιί,

208 3502 305 3564 multo
328 3505 461 3565 atrocius
482 3504 685 3581 saeviturum,
714 3523 783 3563 cnm
805 3503 920 3564 scirent
940 3525 994 3567 me
1050 3506 1129 3571 ecla

207 3605 279 3667 gum
302 3593 333 3646 et
354 3605 477 3647 suarum
509 3586 668 3646 lamiarum
701 3606 764 3648 non
791 3588 965 3667 imperitum
1000 3610 1072 3653 mea
1090 3606 1128 3651 ιο

208 3671 367 3744 muniisse,
389 3677 423 3731 ut
445 3669 578 3732 convelli
599 3669 728 3731 feliciter
747 3690 841 3751 posse
863 3669 1126 3756 desperarent,el

206 3760 311 3815 tamen
331 3754 419 3815 salva
440 3772 622 3834 permanere
642 3774 706 3815 non
728 3755 850 3817 ferrent.
