2346 4208
161 268 226 337 428
408 273 454 330 111.
491 274 596 331 condo
614 274 649 331 dc
667 278 843 332 eoutmioua

163 467 270 522 nostra
290 460 424 521 ecclesia
453 481 545 523 unam
568 465 702 542 speciem
724 465 838 524 nemini
866 459 1082 534 exhibendam,

162 542 218 604 ssd
240 551 274 604 ut
294 545 337 616 is,
364 545 414 623 qui
439 557 633 608 sacramento
655 548 698 607 uti
722 548 824 624 volet,
856 554 910 608 aut
929 547 1081 624 integrum

162 635 403 701 manentum,
427 635 460 688 ut
480 649 500 688 a
522 629 644 690 Christo
666 632 837 691 institutum
859 637 916 708 est,
938 627 1081 706 accipiat,

161 719 215 770 act
235 730 361 790 prorsus
383 710 545 772 abstineat.

244 793 351 868 Porro,
373 793 453 854 adeo
475 815 570 875 saepe
592 797 670 856 baec
691 816 710 855 a
730 795 821 856 nobis
835 801 967 856 tractata
988 811 1083 852 causa

162 882 225 954 est,
259 886 294 937 ut
323 884 427 956 putem
458 879 520 938 iam
549 878 692 939 omnibus
714 878 839 958 planum
868 897 952 955 esse,
986 893 1083 954 quare

162 967 326 1038 utramque
354 961 488 1039 speciem
518 963 595 1021 sumi
623 963 825 1041 postulemus.
868 959 958 1036 Quod
982 960 1007 1019 11
1030 960 1080 1036 qui

162 1041 241 1105 adeo
263 1050 335 1103 sunt
363 1043 469 1121 rudes,
505 1051 559 1105 aut
589 1047 681 1105 etiam
710 1065 766 1106 oua
797 1045 972 1105 infirmitate
1000 1041 1080 1102 adeo
1119 1097 1122 1100 ,

161 1124 369 1203 delectantur,
401 1133 435 1186 ut
462 1128 636 1208 intelligere
658 1128 737 1188 baec
758 1129 874 1205 nolint,
912 1128 983 1187 ilios
1005 1143 1082 1185 sane

160 1227 220 1270 uos
242 1228 305 1270 non
328 1227 484 1288 commus,
514 1219 546 1272 et
565 1210 662 1271 mutto
684 1212 780 1272 satius
807 1230 931 1292 quoque
953 1214 1015 1282 est,
1049 1215 1082 1268 ut

161 1290 206 1352 illi
235 1301 429 1354 sacramento
466 1313 591 1374 prorsus
619 1294 803 1357 abstineant.
851 1294 964 1355 Malum
998 1293 1080 1352 enim

160 1383 375 1456 argumentum
399 1385 461 1453 est,
493 1379 648 1438 totenais
670 1377 776 1439 audire
797 1377 921 1438 verbum
943 1375 1016 1446 Dei,
1050 1378 1082 1434 at

162 1464 263 1520 umen
286 1466 436 1539 perpetuo
457 1460 610 1521 infirmum
636 1480 777 1540 manere,
800 1468 832 1521 et
853 1460 973 1534 dicere,
996 1456 1080 1535 quod

156 1559 223 1603 uon
253 1542 352 1621 possit
377 1542 430 1603 illa
451 1546 583 1624 assequi.
627 1544 736 1623 Neque
758 1546 838 1604 enim
862 1541 1012 1625 possibile
1034 1545 1082 1600 eat

160 1642 223 1685 aon
245 1624 574 1706 illuminati‚animos,
612 1629 637 1687 si
660 1627 773 1688 diutius
805 1625 931 1688 verbum
962 1623 1080 1701 audias,

159 1708 217 1769 uisi
240 1709 367 1769 omnino
392 1717 578 1773 excaecatae
601 1711 664 1771 sint
675 1717 793 1771 mentes
809 1710 965 1771 aSatana.
1003 1707 1079 1767 (ium

160 1791 251 1873 igitur
273 1791 419 1872 perdures
451 1794 482 1852 in
506 1794 657 1856 caecitate
679 1801 748 1870 tua,
783 1793 881 1854 multo
911 1789 1079 1852 consultius

159 1891 282 1955 quoque
311 1875 427 1936 iaciunt
455 1877 582 1937 ministri
618 1877 785 1953 ecclesiae,
819 1878 845 1936 si
874 1875 928 1936 tibi
954 1891 1079 1954 prorsus

158 1975 220 2020 non
243 1957 410 2018 exhibeant
423 1967 657 2022 sacramentum.
692 1959 724 2021 Si
742 1961 822 2020 enim
837 1957 973 2034 verbum,
996 1954 1084 2036 quod·

158 2040 369 2120 planissimum
385 2061 422 2102 ao
443 2043 668 2122 apertissimum
690 2049 746 2120 est,
769 2061 880 2122 capere
902 2045 1079 2120 conpotes,

159 2130 353 2185 sacramenta
393 2143 516 2203 quoque
559 2145 620 2187 non
661 2127 785 2206 capias,
828 2125 945 2204 absque
982 2121 1079 2182 verbo

159 2206 240 2267 enim
264 2206 437 2288 essent,{et
459 2208 544 2269 nulla
565 2228 688 2288 quoque
706 2215 811 2269 essent
828 2211 1029 2269 sacramenta.

241 2288 329 2349 Adeo
351 2296 453 2350 autem
483 2293 636 2370 persuasit
654 2293 733 2352 haec
754 2298 861 2352 nostra
889 2290 928 2350 de
950 2294 1079 2366 utraque

158 2373 261 2452 specie
283 2375 437 2433 sententia
458 2375 580 2452 orbem,
616 2385 650 2440 ut
678 2377 770 2435 etiam
793 2373 960 2435 adversarii
982 2370 1079 2431 nostri

112 2454 119 2461 ’
158 2473 225 2516 cam
250 2455 360 2516 norint.
404 2456 484 2531 Quia
506 2464 608 2518 autem
636 2458 681 2518 illi
711 2476 772 2518 non
797 2456 923 2531 infirmi,
958 2453 1012 2514 sed
1034 2454 1078 2514 in-

158 2535 257 2598 durati
280 2546 363 2617 sunt,
398 2559 436 2600 cc
463 2549 598 2602 nostram
627 2541 816 2619 doctrinam,
848 2558 939 2620 qnam
967 2542 1080 2597 norunt

158 2638 311 2681 sacrarum
335 2622 489 2683 literarum
512 2625 696 2685 testimoniis
719 2625 791 2699 niti,
816 2629 998 2703 oppugnant
1023 2621 1079 2693 (si-

158 2703 280 2783 quidem
304 2706 334 2764 vi
355 2713 576 2785 pergunt,'ac
597 2727 652 2767 sua
686 2708 851 2767 autoritate
882 2723 940 2765 nos
969 2721 1079 2783 urgere

159 2786 371 2870 volunt),non
394 2789 539 2850 cedemus
562 2793 616 2870 eis,
639 2809 739 2868 neque
761 2808 867 2851 eorum
878 2787 1078 2868 pertinaciam

158 2888 215 2930 cau
247 2870 435 2932 intirmorum
474 2891 607 2934 errorem
645 2873 860 2949 tolerabimus,
900 2870 1078 2953 praesertim

159 2969 226 3013 cum
250 2973 312 3014 non
337 2955 458 3034 possint
479 2963 617 3018 nostram
640 2957 822 3017 sententiam
845 2956 993 3031 rediture,
1028 2970 1079 3010 na-

159 3055 218 3115 que
240 3037 302 3097 ulla
323 3037 384 3098 alia
406 3058 453 3114 re,
487 3059 577 3118 quam
611 3041 776 3100 autoritate
797 3040 959 3100 Romanae
981 3033 1079 3095 cocle·

159 3119 223 3180 siae
245 3121 305 3179 sint
327 3120 457 3182 subnixi.
501 3123 541 3183 Et
562 3124 634 3202 quia
660 3142 693 3182 se
724 3128 785 3183 tam
809 3121 1004 3202 pertinaciter
1026 3137 1078 3197 op-

157 3209 291 3282 ponunt,
325 3202 395 3264 ideo
426 3207 539 3266 nostris
572 3213 732 3284 utramque
761 3206 895 3285 speciem
925 3200 1080 3264 exhibebi-

158 3303 241 3362 mus,
279 3286 344 3346 sive
373 3286 567 3348 offendantur
598 3309 635 3349 ea
656 3308 703 3366 re,
741 3290 806 3348 sive
832 3307 904 3348 non.
947 3285 988 3345 Et
1007 3285 1080 3364 quia

157 3368 187 3428 vi
208 3386 245 3428 ac
266 3370 435 3448 pertinacia
458 3392 491 3432 se
514 3379 692 3451 opponunt,
715 3370 789 3431 nibil
812 3372 940 3431 omnino
963 3377 1011 3428 est
1033 3368 1078 3426 eis

158 3450 401 3514 concedendum.

240 3534 316 3594 lliud
348 3526 448 3596 aut'em
483 3537 554 3597 mibi
583 3538 718 3597 maxime
750 3535 866 3617 placet,
903 3533 984 3613 quod
1019 3534 1080 3594 boc

158 3625 382 3679 sacramentum
405 3640 468 3681 non
490 3622 529 3682 111
551 3621 617 3680 sins
638 3621 864 3700 persecutione.
896 3617 971 3678 Ideo
996 3619 1079 3678 enim

158 3700 296 3762 Christus
318 3701 348 3761 id
371 3703 514 3782 instituit,
544 3709 577 3763 ut
599 3710 683 3764 esset
703 3721 761 3763 ceu
782 3710 900 3764 tessera
920 3698 970 3761 vel
993 3707 1079 3777 nota,

157 3802 218 3863 qua
250 3783 497 3847 discernerentur
521 3785 686 3848 Christiani
716 3785 755 3847 ab
783 3786 861 3849 11111.
905 3783 972 3845 Nisi
994 3784 1079 3849 esim
