2346 4208
310 271 367 331 nd
383 272 441 329 loh.
461 273 574 329 Eretum
593 273 759 343 Responsio
939 271 985 339 69

61 459 143 521 oessi
165 459 332 536 modesh'a,
355 479 456 540 neque
478 463 560 522 enim
583 481 641 523 nos
663 463 744 524 male
765 461 871 524 audire
892 463 985 525 debe·

61 561 147 619 mus,
180 544 231 622 qni
262 544 383 607 sineere
411 544 472 606 ilde
500 565 518 606 a
546 545 805 607 christianissimo
835 546 984 628 theologo

61 644 126 687 non
149 626 365 706 abhorremus,
388 642 490 707 nsque
512 628 635 690 Lutheri
657 648 752 691 eausa
774 629 907 691 deterior
928 633 984 706 sot,

61 708 146 788 quod
164 715 197 770 et
215 710 360 789 indoctis,
384 713 426 772 uti
449 714 547 790 magis
568 713 630 792 pia,
652 711 809 792 probatur.
841 713 986 774 Fatemur

59 792 216 853 inseitiam
248 800 402 871 nostram,
435 803 466 856 et
497 796 629 857 fortasse
656 815 718 857 non
747 797 859 857 minori
884 796 984 877 gloria

60 894 131 936 eam
148 878 355 958 agnoscimus,
377 896 468 956 quam
487 885 520 939 tu
536 879 644 940 laudes
666 887 734 940 tuas
757 881 871 960 passim
895 880 983 941 obuo-

58 977 157 1021 mnas.

146 1041 265 1105 lndoeti
287 1063 401 1121 snmus,
425 1047 578 1109 nesoimns
590 1046 776 1125 patrocinari
791 1046 866 1106 lueri
888 1046 984 1125 turpis

60 1127 92 1185 in
116 1126 300 1187 immensum
323 1126 479 1206 studiosis,
502 1128 532 1189 id
554 1127 637 1207 quod
659 1127 749 1190 nobis
771 1147 839 1190 oum
863 1147 982 1190 summo

59 1207 209 1289 pomilioe
231 1228 395 1272 commune
422 1218 478 1272 est.
514 1211 592 1272 Nam
617 1230 684 1271 oum
713 1218 756 1286 tu,
778 1219 981 1274 mercatorum

60 1291 283 1368 eonduotitius,
312 1300 503 1356 eontraotum
526 1295 683 1357 sooietatis
716 1313 790 1357 suae
812 1295 905 1375 plane
926 1296 984 1356 ini·

58 1394 152 1454 quum
191 1395 323 1455 aequum
357 1377 506 1438 deelarari
529 1376 567 1439 ab
590 1397 627 1439 eo
651 1378 845 1458 supplicibus·
861 1386 983 1458 peteres
1047 1439 1051 1446 ,

58 1458 183 1534 libellis,
204 1459 360 1539 repulsam
395 1481 428 1520 es
450 1480 576 1540 passus,
599 1461 756 1538 nimirum,
786 1460 867 1540 quod
891 1481 984 1542 supra

58 1547 185 1620 eaptum
225 1541 380 1623 pontificis
418 1544 543 1603 maximi
582 1551 634 1604 tua
674 1550 761 1604 erant
797 1550 983 1612 commenta.

59 1624 186 1704 quando
209 1626 312 1686 venali
333 1626 438 1708 lingua
461 1634 493 1687 et
512 1633 739 1706 manuparatus
758 1647 836 1706 eras,
859 1646 981 1688 omnem

59 1707 157 1768 semel
181 1707 367 1788 scripturam
396 1728 459 1770 non
491 1708 585 1771 modo
620 1728 733 1790 eogere
767 1717 798 1770 et
828 1716 981 1790 torquere,

59 1790 170 1852 sedet
214 1791 392 1873 essundare,
414 1812 454 1855 ne
475 1792 591 1853 redires
612 1793 771 1872 inglorius.
862 1867 865 1871 ¹
973 1859 977 1867 ,

141 1874 176 1935 ln
200 1875 262 1937 oeti
284 1894 397 1952 sumus,
420 1896 482 1936 non
505 1875 644 1936 videmus
667 1877 758 1951 enim,
781 1894 841 1954 qua
862 1872 982 1936 ratione

57 1957 188 2037 perfeeti
210 1957 362 2019 Christum
384 1978 550 2040 pauperem
574 1965 756 2036 sequantur,
780 1959 806 2019 si
827 1977 883 2039 pro
907 1965 981 2018 tem-

57 2042 188 2121 porariis
211 2043 311 2101 nausis
333 2044 450 2121 iurent3
478 2043 535 2103 sed
555 2042 648 2122 quid?
672 2043 812 2102 nimirum
837 2043 925 2102 eain
949 2060 983 2102 re

57 2131 91 2185 et
112 2123 269 2199 Erasmus,
290 2124 365 2185 illud
389 2125 483 2186 seeuli
507 2127 603 2186 nostri
626 2125 726 2205 sidus,
751 2122 929 2201 nobiseum,
950 2135 983 2185 te

58 2226 199 2278 censore,
221 2207 434 2270 hallucinatur.

144 2290 264 2352 lndoeti
287 2311 407 2367 sumus,
430 2290 580 2370 siquidem
603 2310 784 2353 enumerare
815 2310 877 2351 non
911 2309 981 2370 pos-

59 2392 166 2433 sumus
188 2374 289 2434 varias
312 2375 486 2453 primitivae
509 2374 662 2434 eeclesiae
683 2375 893 2448 ceremonias,
928 2372 982 2432 sed

57 2458 169 2517 iterum
192 2476 225 2516 se
247 2456 338 2519 nobis
360 2458 517 2517 aesooiant
548 2457 670 2537 plurimi
694 2458 750 2517 viri
773 2455 888 2536 alioqui
911 2455 982 2516 doo-

62 2539 184 2600 tissimi.

143 2619 267 2684 Indooti
300 2640 417 2699 sumus,
450 2622 618 2682 maiestatis
655 2620 778 2681 divinae
813 2620 984 2701 penetralia

59 2723 124 2765 non
146 2702 348 2785 ingredimur,
379 2705 432 2767 sed
467 2725 525 2765 neo
548 2724 677 2785 magnus
700 2704 753 2764 ille
774 2704 887 2764 Paulus
909 2722 983 2782 apo·

59 2788 158 2848 stolus
181 2787 334 2849 erubescit
354 2789 515 2869 ignorare,
553 2806 633 2866 quae
654 2795 684 2847 tu
714 2788 744 2846 in
768 2785 982 2866 Chrysopasso

59 2890 235 2934 eoaeervas.

143 2953 262 3015 lndooti
285 2974 405 3031 sumus,
442 2973 605 3034 possemus
635 2959 736 3013 tomen
771 2951 864 3012 multo
894 2951 983 3011 huius

59 3039 182 3119 generis
204 3035 314 3097 offerre
336 3038 367 3097 in
390 3036 541 3113 medium,
575 3056 653 3117 quae
684 3035 738 3097 tibi
773 3036 870 3116 magis
893 3052 982 3114 qoam

61 3119 152 3181 nobis
176 3119 323 3181 dedecori
347 3117 580 3181 essentiatum.

144 3203 178 3263 In
201 3223 321 3263 summa
354 3205 434 3264 eninr
458 3202 553 3263 'nollo
585 3210 646 3261 tam
670 3200 830 3280 auspicata
851 3200 984 3280 peregri-

60 3287 146 3346 natio
169 3292 231 3363 tua,
255 3305 381 3365 quarum
405 3294 436 3345 tu
460 3286 570 3346 multas
587 3283 771 3359 iuveniliter,
793 3303 832 3343 ne
848 3281 984 3342 dieamus

61 3375 263 3446 ostentantes,
287 3388 526 3442 oommemoras,
560 3387 639 3446 qnae
661 3385 724 3426 non
749 3376 779 3426 et
801 3363 855 3427 tibi
880 3371 910 3425 et
931 3384 983 3445 pa·

60 3453 140 3512 triae
168 3453 258 3512 fuerit
285 3451 562 3513 dehonestamento
595 3450 691 3530 magis
729 3469 819 3528 quam
855 3448 984 3527 gloriae.

61 3535 172 3595 Nullus
194 3541 256 3595 tam
279 3555 392 3615 parvus
414 3555 432 3594 a
455 3544 485 3596 te
506 3533 628 3594 libellus
649 3532 747 3592 editus
769 3539 825 3599 est,
848 3532 899 3609 qui
921 3550 984 3591 non

62 3625 117 3678 aut
139 3625 307 3678 extremam
331 3619 431 3699 sapiat
448 3617 631 3689 barbariem,
655 3623 707 3676 aut
728 3612 898 3696 insignibus
921 3633 985 3674 soa-

61 3707 128 3762 teat
150 3702 267 3762 erratis.

147 3781 248 3861 Quare
270 3803 334 3845 non
363 3783 572 3867 imprudenter
599 3779 727 3868 feceris,
756 3780 831 3871 Eoei
852 3779 983 3862 prudenJ
