2346 4208
151 255 215 323 348
390 259 483 314 Rssol.
505 261 533 314 L.
552 275 636 330 super
653 261 846 330 Propositiona

153 450 211 524 sat,
234 450 287 504 tua
308 443 405 504 solius
425 446 525 526 gratis
544 444 625 507 baeo
645 450 707 504 tam
725 443 827 508 subito
837 461 973 520 musore,
991 460 1075 521 quse

153 546 298 589 nos-nou
326 528 497 591 statuimus.
539 527 591 589 Sis
612 528 693 589 enim
714 545 777 607 pan
807 534 839 588 et
871 525 991 589 uuus-
1012 524 1076 589 ale-¹

152 619 252 688 retur,
274 616 307 671 at
328 610 388 672 ista
408 610 579 675 Decretatis
602 630 716 673 rueram
740 609 915 691 superbiam
934 615 968 673 at
988 626 1075 689 prse-
1142 662 1152 682 ,,

152 693 280 755 meum
302 692 445 755 fldueiam
468 694 617 776 spiratl).
918 755 921 759 ,
1142 688 1149 701 ”

239 774 445 853 [Adiioiamus
468 783 500 838 et
520 776 864 854 obumbraturum,
886 793 947 855 quo
959 773 1077 837 firmius

153 858 333 941 probemus,
360 878 424 921 non
446 878 515 921 esse
541 861 618 921 sotis
638 859 834 940 pontificibus
854 858 1005 921 Romanis
1027 857 1076 919 ius

71 1002 78 1014 ,
154 941 373 1024 interpretandi
394 961 498 1004 sanas
521 943 641 1022 literas,
670 962 730 1007 neo
758 948 903 1024 oportere
934 939 1075 1020 oaptivos

153 1045 223 1088 asso
244 1017 434 1087 Obrisdunos
462 1027 628 1089 ineorum
650 1026 762 1106 verba,
794 1024 850 1088 sed
878 1043 949 1087 oum
976 1021 1074 1087 libero

151 1107 273 1171 iudidio
290 1109 395 1170 omnia
416 1127 522 1171 eorum
544 1109 687 1189 legenda
1022 1148 1026 1157 ,

54 1220 56 1229 ι
164 1196 199 1247 rt·
234 1191 282 1252 De
303 1192 477 1254 maioritate
500 1199 532 1253 et
553 1192 731 1254 obedientia
748 1211 774 1254 o.
793 1191 915 1270 solitae,
937 1188 1074 1253 uhtaus

152 1273 325 1355 Imperator
352 1275 714 1356 Constantinopolitanus
742 1275 910 1337 obieoisset
931 1274 1075 1339 Romano

153 1356 292 1440 pontidsi
313 1358 440 1419 verbum
463 1359 561 1420 Petri:
594 1357 714 1421 Subditi
741 1364 841 1420 estote
863 1357 949 1420 ornni
969 1356 1075 1419 bunut·

152 1458 213 1503 uss
234 1448 392 1502 creaturae
414 1449 483 1520 eta,
505 1461 567 1521 quo
583 1438 683 1505 voluit
699 1441 903 1522 putriursbam
922 1440 1075 1503 Gomtso

37 1538 39 1545 ’
122 1550 125 1562 ·
154 1523 393 1604 tinopolitonum
415 1525 473 1586 sibi
494 1526 668 1587 inferiorem
691 1526 811 1606 faeere,
839 1522 1008 1605 respondet
1028 1521 1077 1585 ln·

153 1609 315 1669 ausentius
336 1607 386 1670 111.
409 1609 491 1685 sive,
521 1609 657 1688 quisquis
680 1609 786 1686 fuerit,
819 1607 980 1669 temitiuris
1006 1606 1075 1679 sius

153 1689 263 1769 soriba,
286 1710 412 1771 prorsus
433 1693 558 1773 ignarus
581 1710 736 1752 saararum
758 1691 925 1766 literarum,
950 1688 1074 1755 dimna:

238 1774 365 1853 Verum,
388 1776 413 1834 si
434 1793 599 1856 personam
623 1775 793 1854 loquentis,
827 1781 858 1835 at
892 1792 998 1835 eorum
1032 1771 1072 1832 sd

152 1875 231 1937 quos
253 1857 450 1937 loquebatur,
485 1876 523 1918 aa
544 1859 606 1918 viru
634 1857 799 1919 locutionis
822 1856 1008 1918 attendisses
1031 1853 1074 1916 di·

152 1939 312 2082 pigendus,
345 1940 438 2001 talem
475 1940 635 2002 scribentis
668 1958 730 2002 nou
754 1941 961 2021 expressisses
982 1937 1073 2000 iutel-

163 2029 274 2085 sotum.

235 2103 329 2184 vide,
352 2124 486 2186 quaeso,
517 2110 676 2187 pastorem
709 2105 792 2167 buno
825 2105 929 2169 ov'iur'u
951 2101 1075 2185 (bristi,

153 2186 205 2332 poi
229 2188 483 2269 interpretaturus
509 2189 636 2250 verbum
658 2189 715 2250 Dei
753 2193 841 2270 purat
871 2192 1073 2268 personarum

173 2269 341 2340 iffarsntias
363 2269 488 2350 afferre,
523 2290 591 2332 oum
619 2273 746 2334 verbum
777 2270 834 2332 Dei
866 2269 942 2332 nihii
974 2280 1075 2350 seque

153 2354 329 2452 inipuguet,
363 2361 455 2452 atque
481 2362 655 2436 respectum
677 2373 889 2441 personarum.
931 2352 1004 2414 Non
1027 2357 1075 2451 pst

152 2446 234 2497 emm
256 2443 398 2517 aooeptro
420 2456 619 2518 personarum
650 2438 730 2519 apud
753 2440 869 2516 Deum,
902 2432 956 2518 sed
988 2435 1072 2518 qurd·

153 2519 225 2601 quid
246 2521 412 2603 praecipit,
445 2520 586 2582 omnibus
611 2523 775 2603 praecipit,
808 2520 1073 2607 magnisetper·

152 2729 541 2739 ——wu—-on-——ae

182 2846 186 2855 '
226 2850 251 2910 ¹)
270 2850 301 2903 ln
322 2848 443 2903 editione
462 2850 555 2918 priore
571 2848 619 2922 ¹bio
639 2851 678 2902 ita
697 2850 787 2918 pergit
806 2849 953 2903 butberus:
985 2847 1076 2916 „Sunt

154 2918 263 2991 piutsr
280 2921 353 2975 haue
372 2926 399 2975 et
417 2921 489 2975 aliae
507 2920 661 2990 quaedam,
686 2923 849 2990 praesertim
867 2921 916 2975 ilis
934 2920 970 2974 ds
989 2920 1074 2973 msto·

155 2995 237 3048 ήκω
256 3000 283 3046 st
304 2992 462 3046 obedientia
481 3010 503 3047 c.
523 2993 622 3046 solitae
642 2992 712 3046 rdso
732 2996 791 3045 sine
811 2993 962 3062 theologia,
981 2996 1013 3045 at
1029 3006 1076 3045 ιο

37 3063 43 3076 “
153 3067 283 3121 miseren
302 3066 435 3119 eeclesias
452 3064 527 3118 iltius
547 3073 654 3118 tautum
670 3067 698 3117 iu
714 3063 910 3119 traditionibus
928 3065 1075 3118 bominum

153 3145 320 3206 occupatae,
349 3143 380 3189 ut
397 3138 576 3205 purissimum
603 3152 715 3190 sensum
736 3136 871 3206 evangelii
902 3135 995 3190 videro
1017 3150 1075 3189 nou

188 3211 335 3264 rmittatur.
362 3207 415 3261 Sed
434 3208 560 3263 abstineo
580 3207 634 3261 boo
653 3215 842 3276 temporabat
860 3207 1075 3261 habeusostsn·

171 3283 236 3347 isse,
255 3294 303 3332 cur
321 3295 374 3349 ego
390 3296 438 3341 ¹me
457 3280 625 3332 sufficienter
637 3279 792 3333 honorasse
805 3279 1072 3334 videsrRomauurn

154 3350 323 3420 Pontificem,
343 3354 366 3404 si
386 3353 444 3404 eius
465 3350 575 3405 decreta
595 3351 694 3414 tulero,
713 3365 771 3404 uon
791 3356 883 3404 antero
903 3362 1000 3404 eorum
1015 3364 1075 3402 aaa·

153 3436 214 3476 runr
234 3427 366 3492 tanquam
387 3422 477 3476 solum
498 3429 525 3474 st
544 3439 638 3474 verum
659 3430 770 3476 ssoutus
790 3424 878 3486 tuero,
898 3438 932 3476 ue
951 3425 1033 3489 torta,
1051 3421 1076 3473 ai

154 3494 279 3563 pluribus
311 3510 345 3547 ea
377 3496 552 3559 amminoni,
582 3495 726 3547 existimer
756 3493 849 3548 studio
881 3494 1075 3548 deleototiosts

153 3569 220 3620 unu
247 3567 357 3619 verticis
385 3564 458 3617 diets
483 3567 629 3635 carpsisse.
672 3565 743 3619 Nolo
771 3580 805 3617 ea
833 3565 978 3634 damnare,
1007 3564 1075 3619 nolo
1104 3616 1108 3625 ,

153 3639 235 3691 stium
256 3640 295 3691 eis
315 3638 377 3706 cogi
397 3643 494 3690 contra
513 3637 669 3706 Scripturas
688 3637 861 3690 veritatem.“
887 3667 920 3678 -
959 3637 1077 3706 Reliquas

153 3725 225 3779 (μω
248 3717 508 3779 sequunturusqua
535 3708 570 3762 ad
590 3709 651 3762 rua:
690 3708 920 3774 astartium,
946 3709 987 3763 ad
1018 3723 1075 3761 ra·

150 3782 281 3851 tiones,
302 3785 368 3837 suut
387 3779 483 3844 addita
499 3782 528 3834 in
546 3779 669 3841 editions
683 3779 862 3850 locupletata
935 3838 938 3845 .
1016 3828 1021 3845 ι
1071 3836 1074 3843 ,
