2332 4206
177 222 244 288 478
505 224 632 294 Epistola
651 225 707 281 lob.
727 225 810 280 Eccii.

260 410 407 470 Commisi
437 429 495 490 ego
520 408 672 470 Fratribus
700 411 743 470 tui
766 409 905 485 Ordinis,
936 415 970 468 ut
992 416 1100 478 curent

179 493 338 573 exemplar
349 494 571 572 Disputationis
593 493 734 570 exscribi,
757 501 788 552 et
809 492 848 553 ad
871 502 901 552 te
924 511 1016 571 quarn
1040 493 1097 572 pri·

176 597 259 635 mum
291 579 507 636 transmittant.
552 575 704 649 Quocirca
734 595 845 656 precor
882 595 936 655 per
965 574 1096 656 eume),

176 662 224 720 cui
255 661 371 737 servio,
405 667 436 718 et
457 658 548 718 fidem
565 657 617 736 d),
655 679 746 739 quam
780 659 894 719 dudum
923 660 1096 738 suscepisti,

175 744 309 824 graviter
331 742 488 803 defendas,
531 742 602 803 Non
626 744 717 821 volo,
741 741 822 822 quod
846 753 875 802 te
899 743 1043 821 ingeras,
1067 750 1098 801 et

174 837 207 887 te
229 826 371 886 odiosum
393 827 488 885 facias
517 831 548 884 et
570 825 709 885 ordinem
731 834 833 901 tuum,
867 824 921 884 sed
952 845 1000 884 me
1023 843 1096 886 con·

175 909 251 969 siliis
284 911 342 968 tuis
371 916 403 968 et
424 908 597 969 eruditione
618 909 748 968 adiutas.
791 909 870 968 Nam
893 909 992 967 minus
1014 908 1095 971 festi-

174 992 286 1052 narunt
308 992 588 1071 Vuitenbergenses
617 1011 685 1051 curn
707 992 940 1074 Disputatione,
969 993 1032 1052 imo
1061 1010 1096 1051 se

175 1077 416 1154 quaesierunte)
442 1077 639 1137 occasionem
662 1075 847 1155 disputandi.
889 1075 967 1141 Nam
987 1074 1096 1142 Lutha-

174 1178 226 1218 rus
249 1158 376 1219 nolebat
396 1177 518 1217 sumere
539 1158 671 1218 iudicem
693 1160 792 1238 primo
815 1158 949 1236 aliquam
968 1158 1094 1218 Univer-

176 1243 296 1301 sitatcm
320 1245 414 1304 totius
443 1240 557 1300 mundi.
602 1241 663 1302 Sed
685 1242 962 1302 Christianissimus
991 1241 1095 1307 Domi-

175 1344 231 1385 nus
260 1325 413 1405 Georgius
443 1325 598 1385 Saxoniae
635 1325 734 1384 noluit
765 1324 926 1390 admittere
961 1323 1096 1402 aliquam

175 1407 425 1488 Disputationem
448 1408 487 1467 de
508 1406 585 1488 fide,
618 1409 677 1469 nisi
700 1415 731 1467 et
753 1406 825 1467 fidei
839 1407 863 1488 f)
886 1415 1011 1469 nostrae
1033 1407 1094 1474 Ma-

174 1492 287 1571 gistros
310 1499 466 1571 pateretur
486 1491 631 1551 iudicare.
676 1491 809 1552 Coactus
839 1510 913 1570 ergo
944 1499 1017 1550 tunc
1038 1490 1095 1550 fuit

174 1574 333 1653 Lutherua,
356 1595 376 1635 a
390 1575 559 1634 fautoribus
577 1577 639 1634 suis
652 1575 833 1651 stimulatus,
857 1575 915 1633 nisi
931 1576 1013 1632 enim
1036 1574 1095 1634 dis·

174 1663 296 1738 putaret
317 1665 348 1718 et
368 1658 500 1717 iudicem
522 1658 601 1717 ferre
622 1665 743 1736 posset,
776 1659 837 1716 iam
861 1677 969 1721 omnes
992 1657 1031 1717 ab
1055 1676 1093 1716 eo

175 1749 279 1811 essent
301 1741 479 1818 discessuri,
514 1740 595 1800 unde
627 1759 697 1800 curn
723 1742 750 1799 ci
774 1759 882 1801 omnes
912 1740 1092 1807 obtulissem

175 1824 406 1902 Universitates,
429 1825 523 1903 elegit
544 1824 677 1884 Parisios
701 1831 732 1883 et
753 1823 966 1903 Erphordiam.

258 1907 414 1985 Quaregt,
437 1926 505 1965 cum
520 1906 692 1966 Parisiense
707 1926 770 1967 non
784 1908 935 1986 agnorim,
958 1914 1093 1968 vestrum

174 1999 277 2051 autem
300 1988 481 2069 Studiumh)
510 2009 653 2069 magnam
675 1990 770 2050 babet
792 2010 859 2052 eum
884 2009 921 2073 cp
943 1989 1096 2055 familiari·

175 2081 280 2151 tatem,
302 2094 379 2154 rogo
403 2078 486 2132 tuam
507 2074 723 2151 paternitatem
745 2073 917 2152 plurimum,
941 2080 973 2133 ut
993 2072 1054 2133 fide
1067 2073 1094 2147 i)

175 2157 286 2217 Christi
309 2159 384 2216 velit
405 2155 538 2215 scribere
560 2156 618 2216 sibi
640 2159 737 2233 notis,
761 2158 812 2216 vel
834 2158 943 2235 ctiam,
965 2157 990 2214 si
1013 2156 1095 2216 vide·

175 2240 271 2316 bitur,
305 2242 361 2300 toti
384 2240 597 2316 Universitati,
636 2247 668 2300 ut
697 2240 768 2299 dum
792 2243 925 2320 optimus
948 2240 1095 2319 Princeps

174 2322 327 2402 Georgius
350 2325 515 2401 scripturus
549 2324 588 2382 sit
616 2333 647 2383 et
679 2325 823 2383 missurus
847 2324 1093 2402 Disputationcm

174 2426 211 2466 ac
234 2408 383 2485 petiturus
404 2406 558 2483 iudicium,
581 2405 710 2488 quodk)
735 2414 806 2466 tunc
829 2406 903 2466 illud
926 2426 988 2466 non
1010 2425 1095 2466 recu·

175 2497 259 2567 sent,
293 2489 348 2549 sed
371 2496 616 2569 propugnatores
645 2491 764 2550 fortiter
792 2490 986 2567 adoriantur,
1025 2509 1094 2549 cum

174 2592 233 2634 nos
255 2572 345 2644 ambo
380 2575 411 2633 in
445 2592 499 2633 eoa
529 2581 673 2651 tanquam
697 2574 813 2633 iudices
836 2574 1094 2648 consenserimus,

173 2665 206 2717 et
240 2676 305 2716 rem
341 2658 471 2726 arbitror
504 2676 572 2716 esse
603 2662 664 2716 tam
700 2658 906 2734 manifestam,
945 2663 978 2722 ut
999 2655 1095 2736 longa

174 2740 365 2800 discussione
388 2761 449 2801 non
472 2747 571 2819 egeat.
603 2740 705 2814 Quare
728 2742 793 2799 sine
810 2759 896 2800 mora
917 2739 1095 2818 adpetitio·

174 2843 244 2884 nem
274 2824 422 2904 Principis
456 2823 632 2891 discernant
660 2832 690 2883 et
713 2830 861 2901 statuant,
900 2822 983 2901 quod
1022 2821 1094 2883 fidei

173 2915 300 2968 nostrae
322 2909 359 2967 sit
382 2913 633 2969 consentaneum.

257 2991 365 3050 Paucis
386 2991 498 3069 habes,
533 2990 708 3051 venerande
730 2991 834 3069 Pater,
863 3008 942 3069 quae
970 3008 989 3048 a
1011 2998 1042 3048 te
1062 2990 1094 3048 in

174 3093 268 3135 causa
288 3073 360 3134 fidei
383 3076 475 3138 velim
499 3074 579 3153 fieri,
613 3075 705 3153 idque
734 3077 879 3154 seriptum
909 3079 984 3152 puta
1005 3072 1094 3132 Prae·

173 3161 292 3240 captori
326 3169 448 3238 nostro,
487 3161 620 3221 Domino
648 3158 788 3219 Arnoldo
817 3159 856 3219 de
883 3156 1032 3235 Tongris,
1064 3165 1096 3216 et

246 3405 276 3469 c)
297 3405 416 3458 Leonem
437 3407 460 3458 X
480 3407 634 3458 Romanum
654 3407 822 3459 Pontificem.
898 3407 928 3468 dt
951 3408 1094 3459 Romanae

174 3477 256 3532 sedis.
329 3481 359 3542 c)
381 3480 416 3531 Se
436 3481 621 3546 quaesierunt,
642 3477 720 3545 lepos
740 3485 782 3530 est
801 3479 914 3530 Atticus.
990 3479 1015 3544 f)
1039 3480 1091 3530 lla·

174 3551 252 3621 gistri
274 3548 334 3600 fidei
348 3549 496 3618 aliquando
510 3549 638 3601 dicuntur
652 3549 773 3618 Magistri
794 3553 889 3603 nostri.
939 3551 971 3619 g)
994 3549 1095 3615 Causa,

173 3626 387 3692 propterquam
410 3623 503 3674 Eccius
525 3623 595 3673 bunc
613 3622 765 3689 Epistulam
787 3624 935 3689 scripserit.
993 3623 1025 3685 b)
1048 3623 1095 3673 Lo·

174 3695 313 3745 vaniense.
387 3694 411 3760 i)
435 3695 523 3759 Quam
544 3693 667 3745 defendit
684 3694 781 3745 Eccius
807 3710 856 3761 pro
877 3695 1005 3746 Romano
1027 3697 1096 3746 Pon-

174 3766 253 3822 tifice.
328 3764 362 3830 k)
383 3765 438 3818 Dat
455 3765 552 3818 Eccius
571 3771 765 3835 argumentum
779 3766 926 3819 scribendi.
