2346 4208
194 243 237 308 72
421 245 916 316 bnamma-mmm·

279 432 444 512 firmaque
465 452 529 493 uon
551 432 654 495 video.
677 434 728 493 vel
750 434 1046 508 tnasollinitatioae,
1066 431 1116 494 vd

194 515 392 577 illustrissimi
413 516 565 595 Principis
593 519 765 597 patrocinio
789 517 924 578 defnisoe
944 518 1116 596 quicqum

196 600 265 679 Age
287 600 435 677 obsecro.
470 610 646 678 perseveret
674 600 834 661 celsitudo
862 621 920 660 aaa
946 601 978 660 in
1009 599 1116 661 eadem

197 685 362 759 sententia,
384 684 495 743 intuita
518 703 656 743 summae
678 693 711 743 et
731 695 877 744 aeternae
890 685 1043 761 veritatis,
1061 703 1117 763 pro

197 784 259 844 qno
282 766 336 827 tibi
359 768 477 826 maiora
499 765 667 841 debentur,
702 782 796 846 qnam
828 787 887 828 nos
920 786 1029 829 sumna
1055 765 1116 828 duo

196 849 331 928 quidem,
353 850 502 910 Martinus
524 862 556 909 et
576 870 648 930 ego,
669 850 726 911 sed
747 859 848 910 tecum
869 870 964 910 unum
986 849 1117 925 chaom,

196 934 227 992 in
269 941 427 993 aeternnm
461 932 636 994 benedicto.
688 932 784 1018 lale.
838 933 887 993 Ex
928 933 1117 998 lunusterio

196 1021 227 1078 7.
249 1015 447 1096 Septembris.

542 1099 581 1159 ll.
603 1099 641 1159 D.
662 1099 772 1161 xvlll.

385 1181 604 1257 Deditissimns
625 1192 698 1242 tuae
719 1183 924 1243 excellentiae

273 1250 288 1289 ¹
559 1265 666 1325 Fratm
691 1265 847 1326 lohannes
868 1265 908 1326 de
928 1265 1080 1347 Staupits.

637 1463 673 1524 11.

298 1599 419 1662 lectoris
441 1599 596 1662 iralrniar
617 1599 750 1682 liprandi
771 1600 805 1662 at
826 1599 1024 1678 latlm’).

197 1766 327 1839 Rector,
362 1765 499 1846 Magistri
532 1774 564 1825 et
578 1766 742 1907 L[ilcetoree
775 1767 877 1826 almae
904 1766 1120 1857 Universitatis

614 1867 735 1928 psensrs

439 2014 476 2076 D.
500 2013 587 2076 Mart.
608 2013 696 2075 Lutb.
720 2012 751 2076 S.
775 2013 812 2075 D.
835 2014 868 2074 P.

278 2130 370 2190 Hisce
393 2131 509 2191 exactis
533 2129 660 2208 diebus,
682 2131 816 2191 Domine
837 2131 975 2207 noctor,
1011 2130 1119 2209 quibus

196 2215 384 2274 sacrosancti
431 2215 526 2272 nostri
563 2213 735 2273 Assertoris
769 2213 910 2274 Natalem
939 2211 1118 2276 Christiano

194 2299 251 2356 ritu
276 2295 490 2375 operabamur,
515 2297 656 2376 egregius
679 2316 787 2356 sacrae
804 2297 979 2378 Scripturae
1000 2295 1120 2358 Doctor

194 2377 348 2438 lohannes
370 2378 481 2439 Decius
504 2379 608 2439 literas
631 2378 670 2439 ad
689 2379 927 2440 illustrissimum
945 2379 1117 2460 Principem

195 2480 232 2520 ac
252 2461 370 2521 Ducem
393 2461 575 2543 Georgium,
607 2469 638 2521 et
658 2462 908 2536 Universitatem⁴
926 2482 964 2522 ae
984 2461 1117 2524 Theolo-

194 2546 264 2626 giae
277 2545 430 2605 Doctores
453 2544 547 2622 dedit,
571 2545 680 2624 quibus
694 2546 883 2606 Facultatem
895 2545 1117 2627 Theologicam

195 2629 523 2708 suaeDisceptationis
546 2629 677 2688 iudicem
702 2629 786 2689 velut
797 2629 947 2710 Regulam
976 2627 1118 2688 Lesbiam

194 2711 314 2792 selegit,
338 2713 490 2790 enixeque
512 2710 735 2788 contendebat,
765 2731 825 2790 qno
850 2710 1026 2792 disputandi
1050 2729 1117 2771 eum

195 2794 331 2854 Doctore
354 2793 569 2856 Carolostadio
610 2795 731 2875 copiam
764 2796 792 2854 ei
826 2796 856 2854 in
893 2800 1001 2856 nostro
1026 2813 1118 2876 angu-

194 2878 328 2936 stissimo
351 2876 523 2958 Gymnasio
544 2878 725 2937 faceremus.

281 2963 393 3019 Verum
417 2979 485 3019 cum
507 2959 567 3021 hoc
588 2960 812 3040 Disputationis
835 2961 981 3020 scrutinio
1004 2961 1117 3020 veritae

198 3062 217 3101 a
240 3043 510 3104 calumniatoribus
533 3043 721 3123 vindicetur,
745 3054 775 3103 et
797 3045 884 3122 quasi
908 3064 925 3103 e
947 3043 1117 3104 Democriti

195 3125 249 3184 illo
272 3134 365 3207 puteo
389 3128 417 3186 in
442 3127 576 3206 apricum
601 3127 781 3206 proseratur,
805 3125 936 3186 eundem
950 3127 1018 3188 voti
1037 3146 1117 3188 com-

194 3217 297 3287 potem
322 3229 377 3289 pro
411 3210 522 3269 viribus
544 3207 731 3270 reddidimus
763 3218 794 3270 et
816 3209 993 3290 disputandi
1014 3210 1116 3271 locum

194 3290 294 3351 eidem
318 3291 500 3352 addiximus.
545 3291 614 3366 Quo
637 3292 743 3354 favore
765 3293 861 3354 fretus
882 3294 919 3357 D.
942 3292 1066 3370 Decius,
1087 3300 1116 3353 et

194 3375 224 3432 in
248 3373 399 3434 literariae
419 3374 594 3434 Palaestrae
617 3395 740 3435 arenam
764 3395 832 3437 cnm
844 3377 881 3439 D.
898 3374 1116 3437 Corolostadio

195 3456 407 3536 descensurus,
430 3465 461 3516 nt
485 3458 580 3537 signis
604 3457 769 3520 ePalladis
788 3461 896 3521 castris
917 3461 948 3520 in
960 3457 1116 3539 publicum

267 3700 295 3757 ⁸)
315 3696 353 3748 Ct'.
366 3696 477 3750 Loeech.
500 3698 623 3751 Reform.
637 3703 695 3752 Act.
714 3699 743 3752 T.
754 3699 790 3751 lll
811 3716 835 3767 p.
846 3699 905 3755 282.
926 3697 1029 3751 Walch.
1044 3695 1115 3766 Opp.

193 3767 271 3820 Luth.
292 3765 322 3818 T.
342 3766 402 3836 XV,
422 3785 448 3836 p.
469 3768 529 3824 991.
