2346 4208
119 246 183 313 304
380 248 473 303 Ronol.
492 248 519 301 t.
539 264 624 317 snper
640 249 835 317 Proponitione

123 434 199 494 citer
227 452 267 493 ex
295 433 357 494 hoc
378 433 473 495 verbo
497 433 623 494 Maru}
633 456 644 507 i
666 440 858 508 statuuntur,
891 449 945 493 cur
967 428 1023 511 niti

121 535 184 577 non
208 515 300 576 licent
327 516 525 597 frigidissimo
546 516 678 577 Decreta
704 515 864 596 eppelluro
885 512 1023 595 theologo,

122 618 192 659 cum
214 618 251 659 en
273 618 388 679 negare
410 614 441 659 et
461 599 634 660 annihilare
660 598 753 659 licent
772 596 912 659 iniistis?
939 596 1023 665 Perit

121 690 253 761 quantur
274 684 403 762 primum
417 702 451 742 se
473 684 569 762 ipsos,
592 684 716 743 maioris
730 682 1024 759 criminisreosuupl,
1060 742 1065 751 ,

121 767 147 825 si
170 767 292 825 renium
311 776 466 826 merentur
481 766 681 826 Decretorum
704 773 871 846 negatores
892 768 925 825 et
944 778 1024 833 com·

121 856 221 927 tores,
251 850 318 909 sine
339 858 470 929 peccnto
494 850 569 925 erit,
603 851 656 928 qui
676 849 854 911 inediccceo
876 846 1026 911 csseritct
1063 878 1065 883 ·

121 931 246 1011 frigidus
269 932 471 994 Decrctorum
494 931 707 1011 probationes.
747 931 858 1011 Neque
880 930 961 991 enim
979 944 1024 1011 qo

123 1035 162 1075 es
184 1017 313 1095 negavi,
336 1017 411 1074 sicut
435 1015 489 1093 itti,
511 1013 702 1097 uedxfrigere
724 1022 841 1097 tontum
854 1012 895 1075 od
916 1010 1026 1093 probo}

121 1098 193 1159 dum
215 1098 289 1176 dixi,
311 1100 390 1158 sicut
402 1117 512 1158 revera
523 1099 644 1178 frigent,
666 1099 724 1158 nisi
741 1097 826 1177 quod
846 1096 888 1158 ud
909 1092 1026 1185 locuplp

122 1181 247 1241 tondum
262 1181 365 1241 locum
377 1181 489 1257 velent,
512 1181 656 1261 exemplo
679 1200 797 1259 eorum,
816 1198 899 1260 quoe
919 1176 1026 1261 porri!

123 1264 275 1341 dicuntur,
298 1272 330 1325 et
350 1266 381 1324 in
401 1265 532 1325 alienum
556 1266 740 1325 senteutiam
762 1263 932 1325 uehuntur.
976 1306 1014 1337 ·.·.⁴

205 1347 287 1409 Nihil
310 1367 384 1427 ergo
407 1347 554 1427 probetur
574 1347 635 1407 hoc
657 1352 759 1425 textu,
797 1366 818 1409 o
840 1365 903 1427 quo
924 1344 1027 1439 ipsiop

123 1429 291 1490 discedunt.
335 1431 417 1490 Nihil
440 1432 504 1490 istis
528 1431 667 1490 Decretis
689 1430 852 1510 probetur,
875 1448 954 1509 quoe
971 1428 1025 1507 ipo·

127 1520 190 1574 met
212 1520 336 1594 negant,
360 1514 535 1592 neutrisque
557 1513 725 1577 confidunt.
768 1504 1025 1573 Etmovcnturtd

125 1597 185 1656 hoc
209 1599 282 1655 setis
307 1597 377 1656 forti
399 1598 535 1673 ratione,
559 1615 636 1674 quae
659 1596 853 1656 adversarios
873 1592 978 1657 reddet
993 1592 1025 1651 in

123 1682 234 1759 victos,
256 1681 375 1740 scilicet
397 1680 465 1756 hec,
489 1679 884 1759 quodGhristustutetinm
895 1676 1024 1739 cuiue

122 1763 232 1824 eodem
256 1763 326 1823 loco
350 1761 497 1846 exponit)
522 1781 583 1823 nou
614 1762 708 1823 tradit
724 1763 815 1823 Petro
838 1756 958 1841 clures',
977 1752 1024 1835 ,nl

123 1847 274 1926 promittit
295 1845 451 1908 duntaxat.
495 1845 568 1906 Ideo
580 1845 762 1908 currendum
778 1864 850 1906 esse
871 1844 911 1907 nd
931 1844 1042 1917 lom,

124 1932 154 1990 in
179 1949 240 2009 quo
264 1930 356 1990 tradit
371 1930 485 2006 clercs,
509 1935 540 1989 et
553 1936 625 1989 tunc
639 1930 793 1990 iuvenitur
805 1928 882 1991 illud
896 1922 1023 1989 solnm

126 2013 250 2091 ultimo,
273 2012 355 2093 quod
373 2032 434 2072 uon
458 2012 496 2072 ed
521 2013 658 2090 Petrum,
688 2012 743 2073 sed
765 2013 803 2073 nd
827 2031 936 2073 omne·
954 2006 1024 2071 didit:

126 2097 266 2176 Accipite
288 2096 431 2176 Spiritum
454 2103 604 2173 sunctum,
628 2114 756 2175 quorum
778 2094 955 2157 remiseritis
971 2104 1023 2173 pti·

125 2187 193 2240 cute
211 2187 269 2242 etc.
312 2179 360 2239 Ex
383 2178 491 2258 quibus
515 2179 615 2239 verbis
637 2180 742 2259 liquet,
766 2198 828 2240 non
852 2170 1023 2255 solunt-qi·

125 2264 179 2323 bus
194 2264 224 2322 in
237 2261 331 2324 Petro
347 2263 452 2324 eleves
464 2263 640 2342 promiserit
652 2272 779 2342 (nempe
794 2264 851 2323 toti
864 2258 1023 2335 emisio).

126 2345 179 2406 sed
204 2347 295 2406 etium
326 2345 398 2425 quid
420 2366 475 2426 per
496 2346 600 2405 cleves
623 2347 790 2425 promissus
813 2344 946 2426 intelligi
958 2338 1022 2415 velit

125 2448 235 2509 nempe
257 2431 468 2490 remissionem
492 2437 523 2490 et
539 2431 742 2490 retentionem
765 2436 970 2509 pcccatorum.

208 2512 368 2593 Secundo,
391 2512 474 2592 quod
496 2512 577 2572 idem
602 2513 729 2573 verbum
751 2508 1023 2574 christinianum

125 2605 208 2656 crelu
230 2603 337 2676 optant
360 2597 420 2657 soli
441 2597 533 2656 Petro
555 2603 587 2656 et
610 2597 751 2657 Romano
773 2594 925 2676 pontifici.
963 2590 1022 2655 ltu

125 2678 206 2761 upud
229 2679 259 2740 S.
284 2681 388 2740 Patres
412 2679 549 2740 Christus
571 2679 632 2739 hoc
654 2678 779 2739 verbum
796 2678 917 2741 dixisse
937 2676 973 2739 cd
989 2690 1023 2747 ot

125 2762 250 2823 clusium
273 2767 304 2826 et
331 2782 439 2825 omues
462 2762 623 2842 apostolos
652 2763 682 2822 in
705 2781 839 2843 persons
858 2761 944 2823 Petri
961 2774 1023 2823 titt

125 2848 207 2909 ritur.
253 2845 389 2922 Quorum
413 2847 527 2925 primus
551 2851 597 2905 est
618 2845 656 2906 D.
673 2844 892 2926 Hieronymus,
914 2845 964 2927 qui
980 2842 1025 2905 tu

126 2930 196 2992 loco
225 2931 442 3010 interpretatus
476 2928 601 2989 verbum
624 2929 706 2991 Petri
741 2929 830 2990 dicit:
865 2928 970 2991 Petne
997 2940 1024 2985 a

124 3032 259 3093 persone
291 3014 427 3073 omnium
462 3012 676 3093 apostolorum
709 3011 892 3089 confltetur,
924 3010 1022 3073 dim

124 3097 169 3157 Tu
192 3117 225 3157 es
248 3095 395 3173 Christus,
417 3094 496 3156 filius
520 3097 576 3156 Dei
601 3097 668 3156 vivi.
714 3096 754 3157 ut
772 3097 803 3155 in
826 3096 890 3157 hoc
910 3092 1024 3175 sequifl

124 3199 212 3240 suum
222 3177 273 3261 (ut
286 3179 384 3257 solet)
394 3178 570 3260 Origenern,
580 3181 632 3258 qui
645 3178 727 3239 idern
737 3179 848 3241 eodem
859 3179 933 3241 loco
944 3172 1023 3239 init

207 3263 446 3344 chrysostomus
480 3269 598 3340 eutem,
632 3264 690 3322 etsi
717 3263 800 3323 hnnc
821 3262 926 3324 locum
948 3266 1023 3323 tutu

125 3347 156 3407 in
178 3347 259 3407 Petri
280 3345 403 3407 leudem
424 3346 534 3425 trahat,
557 3345 662 3406 dicens
685 3365 755 3407 eum
777 3352 873 3427 ceput
893 3352 926 3407 ot
944 3348 1021 3427 pub

125 3450 189 3491 rem
212 3431 411 3491 coustitutum
434 3430 584 3490 ecclesiae
606 3429 736 3507 futiri-oe,
759 3431 860 3491 ettoti
881 3428 1020 3509 orbiprir

125 3515 275 3595 positum:
299 3522 400 3573 lernen
425 3520 456 3573 ct
477 3515 542 3593 ipse
556 3520 648 3572 vocnt
670 3531 739 3572 eum
763 3532 798 3574 os
822 3513 1019 3594 apostolum

125 3597 207 3677 quod
231 3599 298 3658 vioe
321 3598 457 3657 omuium
480 3595 690 3676 responderit,
708 3595 832 3657 dicens:
855 3597 959 3659 Peon
976 3606 1017 3653 o}

162 3774 191 3826 ll
211 3770 241 3823 ln
262 3770 303 3823 ed.
322 3770 382 3823 Jen.
402 3769 543 3821 sdditom:
565 3768 605 3823 16.
