2346 4208
178 286 182 301 ’
253 334 262 349 ⁴
286 272 349 329 suia
363 270 475 343 lipsiae
493 270 642 342 disputetis
661 289 687 329 a.
707 271 778 327 xlx.
962 270 1027 339 w

124 472 200 537 posse
230 476 300 521 non·
321 476 448 541 ponere·
470 456 592 521 obirem
618 460 754 541 greum,
781 478 876 541 posse
894 459 1025 541 implere

120 543 349 625 praereptallei
374 540 478 623 quoad
511 542 715 604 substantiam
749 542 839 621 faed,
868 544 942 604 lieet
961 562 1025 605 uon

119 622 355 687 distentionem
368 625 599 705 prseoipisntis,
611 624 740 687 liberum
752 624 916 707 arbitrium,
931 644 1026 708 posse

115 704 696 790 tr=rtnmqnseontnniotori0rum1),
718 708 909 770 voluntatem
931 726 1025 789 posse

112 806 155 849 rr*
172 792 256 870 puris
279 788 475 853 naturalibus
504 791 634 873 diligere
654 791 753 852 Deu-
770 802 882 874 'super
908 786 1023 869 omnia,

111 888 202 953 poue·
214 892 256 935 ex
277 873 467 937 uatumbbus
483 873 592 937 buberi
612 878 715 936 autum
731 876 846 937 emeris
860 876 1023 955 amicitiae,

107 960 137 1017 d
151 955 184 1017 id
203 974 305 1100 penus
326 964 484 1047 monstro,¹
510 976 592 1038 quae
611 976 669 1037 pro
690 958 797 1038 primis
825 952 923 1019 ferire
943 958 1024 1038 priu-

105 1038 204 1185 ffi·
218 1049 348 1101 erontur
365 1039 573 1101 soholastiose
599 1040 797 1121 theologiae,
828 1048 860 1101 et
887 1042 1022 1103 omnium

213 1129 249 1185 et
262 1140 355 1185 aures
375 1122 592 1203 impleverunt.
636 1122 678 1184 At
700 1141 783 1185 nune
805 1123 837 1184 bi
857 1122 888 1202 ²)
914 1141 1024 1185 ornnes

104 1220 234 1285 nores,
264 1205 323 1267 sub
349 1205 486 1266 uesano
513 1205 670 1287 praesidio
698 1214 731 1266 et
758 1205 1023 1286 triumphabuudis

104 1286 303 1369 spate-antis
312 1294 439 1349 suenus
449 1289 638 1366 eeoiderunt,
651 1289 718 1349 sine
731 1289 794 1349 ullo
808 1289 905 1351 lerme
915 1288 1023 1367 llarta,

104 1372 255 1433 tonterriti
276 1371 317 1432 sd
339 1370 441 1433 solum
462 1379 663 1452 conspertum
687 1371 814 1432 duarum
837 1373 1022 1452 propositio·
1101 1416 1109 1453 .·
1140 1390 1143 1401 ·

190 1452 400 1517 Gurolostadii
416 1452 463 1533 ²),
484 1474 611 1535 quarum
633 1455 719 1535 prior
738 1455 818 1517 bueo
838 1454 1022 1537 Augustini:

117 1610 120 1615 .
165 1610 168 1615 .
207 1556 240 1597 m
268 1536 427 1613 arbitrium
457 1536 525 1599 eine
545 1539 646 1619 gratis
667 1536 744 1597 nihil
764 1536 864 1617 valet,
894 1536 960 1619 nisi·
982 1537 1022 1599 sd

104 1619 306 1769 mudum
331 1620 486 1701 posterior
506 1619 662 1683 Ambrosii
688 1621 782 1681 hese:
810 1616 953 1683 Liberum
976 1639 1022 1681 ar-

119 1694 128 1717 ‘
155 1704 163 1719 '
186 1722 216 1765 tu
245 1704 323 1765 sine·
341 1703 441 1785 gratis
467 1709 553 1765 tento
584 1703 672 1764 eitius
699 1705 887 1785 propinquat
907 1702 1021 1783 iniqui-

104 1786 170 1865 uti,
190 1792 310 1867 quanto
330 1784 439 1847 fortius
460 1784 628 1849 intenderit
648 1786 775 1849 ustioni.

176 1866 298 1931 Similia
318 1868 470 1951 tropbsen
491 1875 523 1931 et
550 1868 652 1949 spolia
678 1867 849 1931 retulerunt
863 1868 967 1929 iorme
989 1876 1021 1929 et

104 1938 307 2033 indulgentiae
334 1970 374 2011 ex
394 1950 454 2011 heo
481 1970 605 2033 pugna,
629 1969 706 2031 ques
733 1971 795 2013 non
826 1952 946 2023 mitiore
970 1950 1022 2034 (ut

104 2032 248 2176 want)
271 2030 426 2095 sententis
447 2034 537 2095 utiles
559 2053 628 2095 esse
649 2034 769 2114 admisi,
791 2034 847 2096 ssd
858 2034 948 2097 utiles
971 2053 1020 2095 so·

178 2118 275 2199 pigris
305 2123 336 2178 et
363 2116 575 2178 stertentibus:
608 2124 744 2178 oetsrurn
770 2118 921 2179 insaniem
950 2137 1020 2178 esse

104 2196 233 2277 defendi,
268 2201 296 2261 si
330 2201 396 2280 quis
431 2219 484 2260 eas
513 2198 611 2260 bonas
646 2207 678 2260 et
711 2202 800 2262 utiles
835 2220 904 2260 esse
932 2201 1019 2261 Chri-

104 2284 192 2344 ttisno
214 2284 334 2344 homini
355 2282 475 2345 dixerit.
518 2283 619 2360 Haeo,
641 2285 777 2362 inquam,
800 2285 873 2344 mihi
895 2285 1017 2344 interim

104 2366 169 2427 eus
188 2375 263 2426 sunt
283 2367 427 2426 evenisse
448 2386 488 2426 ex
509 2366 568 2427 huo
589 2365 813 2446 disputatione,
841 2387 920 2447 quoe
942 2367 1014 2428 ideo

104 2450 237 2527 mtituvi,
259 2457 294 2509 ut
313 2451 492 2508 ieetsntism
513 2449 682 2528 gloriosam
706 2450 861 2511 Eooiause
881 2451 1019 2510 heerfflis
1048 2514 1056 2536 Χ

104 2530 314 2612 aliquantulum
327 2534 474 2608 iuverem,
497 2538 610 2610 cetere,
633 2533 684 2592 ubi
703 2533 781 2593 haee
802 2535 952 2614 quispiam
967 2553 1018 2594 eo·

104 2630 160 2675 rum
184 2616 373 2696 impetierit,
408 2615 543 2675 fortasse
568 2614 653 2675 dabit
674 2617 824 2676 Dourinus
854 2619 885 2676 in
916 2617 1016 2676 luoem

104 2714 204 2760 renue.

175 2781 300 2841 Vidisse
332 2789 363 2840 te
385 2779 478 2840 eredo
500 2780 585 2840 lleeii
614 2784 847 2842 exeusationem
869 2782 1016 2842 adversus

105 2859 269 2944 Philippum
293 2870 432 2923 nostrum
455 2865 529 2922 setis
552 2863 675 2942 dignam
698 2864 834 2925 Eooisno
856 2865 949 2945 genio
972 2863 1017 2942 4),

104 2943 129 3005 iu
148 2964 208 3027 qua
229 2946 348 3008 bomini
372 2948 462 3006 etiem
483 2947 515 3005 in
537 2947 632 3006 saeris
644 2946 749 3025 literis,
771 2955 878 3026 terque
899 2955 1018 3025 quater·

106 3044 156 3107 que
167 3029 313 3091 omnibus
324 3029 426 3089 Eooiis
438 3029 580 3105 doctiori,
593 3028 725 3109 denique
737 3039 768 3091 et
781 3029 925 3091 sordidae
936 3030 1018 3089 illius

108 3108 249 3173 Manae
288 3111 466 3192 theologiae
497 3131 560 3171 non
596 3113 720 3193 ignaro,
766 3114 935 3193 opprobrat
960 3132 1016 3193 pro
1092 3182 1095 3189 ¹

109 3198 209 3275 magno
233 3196 308 3256 vitio
330 3188 560 3275 grenlmstieem
582 3197 822 3275 professionem,
846 3205 908 3258 tum
931 3204 1017 3257 reolo

112 3284 168 3338 aunt
186 3277 299 3338 iudieio
322 3278 459 3358 Megistri
482 3277 528 3359 illi
550 3281 647 3339 nostri
670 3281 791 3355 eximii,
820 3284 853 3340 ul·
874 3279 1017 3340 eruditio-

113 3374 169 3419 nem
195 3363 360 3421 metiuntur
388 3360 558 3421 seeundum
586 3362 830 3440 qualificationes
862 3382 954 3439 suos,
986 3371 1018 3423 et

117 3438 204 3504 usses
226 3445 342 3510 titulos,
369 3444 507 3505 Coretus
527 3451 575 3503 est
597 3452 628 3505 et
641 3445 771 3506 eundem
795 3446 867 3508 mibi
888 3446 1017 3506 invidio-

149 3710 170 3768 lt
190 3715 216 3768 ln
233 3718 275 3770 ed.
288 3716 369 3789 ,Jenz
389 3719 644 3773 contradictorium.
680 3717 713 3782 2)
734 3717 765 3771 ln
777 3719 839 3774 edd.
855 3722 943 3788 oripi
969 3723 1007 3775 hii

126 3776 149 3840 3)
163 3783 187 3836 ln
204 3789 242 3842 ed.
260 3791 339 3844 len:
365 3791 485 3845 illorum.
523 3791 556 3860 3)
576 3791 659 3844 lbid.:
681 3793 805 3859 ingenio.

708 3862 778 3928 16*
881 3852 888 3868 '
