2346 4208
119 268 198 337 300'
361 273 455 328 nasot.
476 273 504 328 t.
524 278 607 344 snper
625 273 822 342 Proposltions

120 468 251 543 putare:
274 461 356 542 quod
379 468 480 522 tamen
502 463 534 522 in
554 460 695 523 omnibus
712 462 805 523 etiam
819 458 928 523 divinia
948 458 1017 521 rahni
1054 510 1057 515 .

16 619 20 626 .
124 543 235 620 (modo
266 546 429 625 primatum
451 546 533 606 hunc
555 564 617 605 non
640 546 820 627 tangerent)
844 542 1019 605 libentissime

121 629 331 709 permiserunt.
989 650 992 655 ·
1007 630 1010 635 '

207 709 322 772 Omitto
355 713 458 791 itaque
485 710 652 771 Eccianam
686 711 941 792 propositionem.
975 706 1020 769 Pd
1055 728 1064 813 p

122 814 214 872 mum,
237 793 318 875 quod
333 814 412 872 eam,
434 793 508 872 ut¹)
532 793 685 855 invidiose
707 800 738 855 et
751 792 883 856 subdole
903 792 1021 875 positum,

121 877 195 939 mihi
232 896 294 938 non
336 897 447 959 capere
478 876 595 938 videor.
644 876 723 937 Nam
755 878 822 938 sine
858 875 924 937 ulla
950 888 1021 937 asu

121 961 202 1021 hano
231 962 262 1021 in
296 960 419 1041 publico
451 960 525 1021 mihi
553 959 698 1020 invidiam
721 960 834 1039 movit,
870 978 939 1021 cum
960 956 1048 1019 tun·

123 1045 281 1104 materiam
304 1045 336 1104 in
358 1044 443 1104 nullo
466 1063 603 1105 meorum
627 1042 777 1103 dictorum
800 1042 966 1121 tractarim,
981 1036 1020 1101 'aad

122 1125 264 1187 adulator
285 1147 340 1187 sua
363 1128 529 1206 quaesivit,
562 1124 655 1187 etiam
684 1144 753 1186 oum
782 1126 884 1187 fratris
906 1125 951 1187 sui
972 1130 1051 1205 per-¹

122 1211 211 1272 nicie.
256 1210 384 1286 Deinde,
408 1210 490 1289 quod
513 1210 607 1270 homo
631 1210 733 1270 suavis
756 1209 904 1270 vicarium
928 1204 1020 1269 ordo

124 1300 155 1352 et
177 1293 257 1353 Petri
281 1312 490 1359 successorem
514 1312 576 1352 non
598 1293 722 1371 asserit,
742 1292 801 1353 nisi
824 1290 969 1354 attidem
983 1286 1020 1349 ha

123 1375 205 1438 beat.
252 1378 282 1434 ln
304 1394 365 1455 quo
388 1383 441 1436 aut
451 1377 575 1452 insanit,
596 1382 650 1435 aut
671 1375 785 1437 multos
806 1370 1019 1457 pontifloealio
1043 1402 1048 1409 ·

124 1478 232 1519 manos
255 1466 349 1539 negat
370 1460 501 1520 vicarios
524 1458 637 1519 Christi
658 1458 773 1535 fuisse,
798 1464 831 1519 et
851 1458 919 1520 fore
938 1468 1021 1537 possa.

123 1548 156 1601 ut
177 1560 255 1620 qnos
278 1541 371 1602 fidem
384 1542 528 1602 habuisse
542 1542 728 1621 nesciamus,
749 1549 851 1621 atque,
876 1538 956 1621 qnod
975 1554 1022 1599 on-

124 1626 205 1684 nium
228 1625 544 1686 intolerabilissimum
578 1630 639 1702 est,
668 1624 818 1685 Romania
849 1618 1022 1705 ponuhaitn

123 1709 286 1768 sanctitate
321 1715 352 1769 et
379 1710 494 1788 pietate
515 1709 700 1771 necessariis
722 1726 778 1769 eos
813 1712 939 1786 onerat,
971 1718 1023 1765 en!

126 1790 206 1871 apud
230 1811 287 1851 nos
310 1798 392 1852 ratus
423 1792 462 1851 ait
484 1793 576 1852 etiam
599 1793 664 1852 eius
686 1791 851 1851 vicariatus
872 1795 906 1852 et
924 1782 1022 1872 pontid

126 1876 222 1946 catus,
243 1875 383 1953 quisine
405 1873 466 1937 fide
491 1881 522 1936 et
541 1875 703 1935 sanctitate
726 1874 772 1934 sit

212 1956 272 2018 Sed
296 1976 364 2038 age,
385 1956 533 2018 lubricam
556 1957 636 2017 hanc
656 1955 824 2038 anguillam
847 1952 1025 2033 differamai

126 2039 186 2100 duo
196 2041 227 2099 in
239 2041 527 2121 meapropositione
540 2041 660 2119 faciam.
681 2034 1024 2101 Primoadduaamflrm

126 2128 247 2196 menta,
273 2123 382 2202 quibus
404 2125 550 2203 primatus
571 2124 630 2184 iste
651 2120 779 2184 stabiliri
801 2120 935 2183 fideliter
951 2132 1025 2201 posit

128 2205 199 2264 mihi
223 2206 375 2285 videatur,
409 2208 454 2267 ita
484 2212 518 2268 ut
539 2226 594 2286 per
621 2208 691 2286 ipsa
712 2206 805 2265 etiam
827 2202 1024 2266 haereticisal
1056 2204 1064 2263 l

126 2287 326 2349 schismaticis
349 2289 516 2350 efficaciter
532 2290 632 2349 resisti
644 2288 752 2368 possit.
796 2287 918 2349 Deinde
941 2290 1022 2348 osten
1057 2284 1064 2351 'J

126 2370 213 2447 dam,
252 2372 333 2451 quod
363 2372 438 2434 nihil
465 2373 579 2432 faciant
608 2372 740 2431 Decreta
772 2377 803 2430 et
833 2369 1024 2452 probationes,
1062 2370 1064 2377 '

126 2454 414 2597 pttppuupmlpltpousque
436 2457 499 2515 nixi
516 2454 647 2530 fuerunt,
669 2455 719 2533 qui
733 2452 864 2515 cundem
880 2454 1023 2535 primatum

409 2656 462 2716 De
484 2656 619 2734 priore
640 2654 762 2735 prius.

209 2772 351 2853 Primum,
374 2772 456 2852 quod
478 2792 527 2833 me
544 2778 657 2850 movet,
679 2770 853 2831 Romanum
868 2764 1026 2850 pontiliaco

128 2874 196 2915 esse
219 2855 285 2915 aliis
309 2856 460 2932 omnibus,
484 2874 561 2933 quos
584 2855 692 2915 saltem
716 2855 894 2914 noverimus
915 2870 949 2913 se
967 2864 1025 2931 pou

128 2936 225 2997 tifices
248 2958 373 3018 gerere,
403 2940 611 3019 superiorem,
646 2944 693 2997 ast
719 2938 788 3016 ipsa
811 2936 954 2997 voluntas
973 2928 1025 2999 nd

126 3040 217 3099 quam
248 3024 277 3080 in
309 3023 378 3101 ipso
410 3022 493 3082 iacto
516 3020 716 3087 videmus2).
737 3016 851 3098 Neque
880 3018 959 3091 eninr
978 3014 1027 3075 sine

126 3103 286 3164 voluntate
308 3105 365 3165 Dei
387 3106 417 3164 in
447 3104 526 3164 hauc
554 3103 760 3164 monarchiam
785 3120 922 3180 unquam
943 3096 1027 3159 voum

128 3188 280 3266 potuisset
290 3188 447 3248 Romanus
471 3186 621 3267 pontifex.
664 3185 706 3245 At
726 3184 954 3259 voluntasoei,
973 3194 1028 3261 qut·

127 3287 188 3348 quo
213 3270 305 3330 modo
330 3277 404 3330 nota
426 3271 535 3347 tuerit,
565 3289 632 3330 cum
656 3268 831 3329 reverentia
853 3258 1028 3353 surripiam

128 3360 184 3412 est.
228 3352 364 3431 ideoque
396 3373 458 3413 nou
490 3354 561 3414 licet
594 3359 709 3413 temere
731 3351 874 3411 Romano
907 3342 1024 3432 porrina

128 3436 158 3493 in
182 3454 238 3495 suo
262 3439 393 3515 primatu
416 3438 567 3497 resistere.

210 3518 295 3579 llaec
311 3526 413 3580 autem
437 3520 515 3579 ratio
538 3524 624 3579 tanta
646 3524 707 3593 est,
730 3523 778 3594 ut,
799 3516 824 3575 ai
848 3516 941 3576 etiam
961 3506 1024 3573 null·

165 3657 198 3713 1)
221 3656 249 3705 lu
270 3655 311 3707 ed.
332 3659 440 3723 priore:
460 3657 490 3708 Ε.
502 3656 737 3723 propositionem,
759 3668 843 3719 quam
863 3660 894 3705 ut
911 3648 1024 3703 tavistoc

127 3726 296 3854 diesim?
313 3730 435 3796 positam
459 3743 568 3781 menon
584 3741 680 3794 capara
699 3726 797 3777 fateor.
815 3722 849 3791 2)
870 3723 902 3775 ln
920 3716 1023 3777 adda:
