2346 4208
119 242 183 308 204
394 243 551 313 Responsio
569 242 602 298 D.
621 242 655 296 ll.
674 242 785 298 liutheri

122 431 203 493 idem
227 430 395 511 eapitulum
419 430 559 493 nonnulli
581 432 626 494 sio
642 430 783 493 irrident:
807 430 921 493 Omnis
941 431 1045 493 utrius-

122 534 184 595 que
205 522 315 587 sexu's,
337 514 368 576 id
392 523 455 594 est,
484 515 506 575 ii
528 513 648 594 solum,
676 515 727 595 qui
750 520 918 595 utrumque
941 530 1045 575 sexum

122 596 248 677 habeut,
266 597 386 659 soilieet
397 597 684 679 Hermaphroditae‚
700 596 812 658 debent
826 598 968 659 omnium
979 598 1046 695 'p'eo

123 687 262 742 natorum
292 697 416 751 snorum
441 681 545 742 faeere
567 681 805 743 contessionem.
855 680 1047 763 Dignissrn'u

126 763 219 846 plene
259 764 359 825 irrisio
393 762 527 825 Cononis
557 764 659 844 istius,
698 765 723 824 si
759 765 804 824 sio
832 782 905 825 eum
933 760 1048 825 'intelli-

121 848 152 928 gi
168 847 348 925 voluissent,
360 847 653 908 siontLovanieuses
665 846 850 928 intelligunt.
875 845 955 922 Quis
968 846 1047 908 enim

123 931 228 991 omnia
248 936 378 1010 peeosta
399 949 455 992 sna
479 948 573 991 nosse
602 935 724 1010 potest,
746 929 861 991 nedum
898 928 1048 1005 confiteri,

122 1030 191 1074 oum
205 1013 351 1093 seriptum
374 1014 427 1075 sit:
457 1012 578 1075 Delicta
599 1015 667 1093 quis
686 1013 852 1094 intelligit?
875 1017 910 1075 ot
929 1012 1047 1075 lsremi.

123 1100 182 1163 17:
210 1095 343 1157 Pravnm
376 1103 478 1158 estet
514 1097 712 1160 inscrutabile
748 1114 801 1157 eor
827 1095 994 1176 ‚hominis3
1018 1102 1048 1157 et

122 1179 230 1241 iterum
254 1178 351 1239 idem:
381 1179 451 1240 blon
474 1187 521 1240 est
548 1182 599 1241 vin
626 1180 760 1241 hominis
782 1180 859 1251 eius.
1010 1234 1013 1239 .

206 1262 267 1320 Vix
290 1281 339 1323 me
361 1263 412 1323 hio
434 1265 591 1341 eontineo,
612 1283 652 1323 ne
673 1264 704 1324 iu
718 1262 836 1324 frontes
845 1263 932 1323 istas
944 1260 1048 1323 indos·

125 1345 259 1405 tissimus
281 1343 493 1426 Sophistarum
516 1346 652 1425 invehar,
673 1365 800 1427 paream
820 1353 928 1407 umen
951 1344 995 1407 ob
1016 1345 1048 1406 ti·

124 1446 246 1491 morem
268 1426 337 1506 Dei,
358 1428 388 1489 id
411 1428 508 1491 libere
529 1429 695 1510 professus:
717 1428 751 1491 Si
770 1431 830 1490 iste
851 1428 975 1503 Canon
988 1446 1048 1491 om

123 1511 206 1571 ninm
228 1518 427 1591 peecatorum
450 1512 632 1593 simplieiter
654 1514 792 1594 exigeret
806 1511 1048 1589 confessionem,

124 1592 316 1655 damnandus
359 1602 442 1665 esset
476 1601 510 1657 ut
542 1597 654 1677 impius
689 1603 722 1657 et
758 1594 1047 1676 perniciosissimus.

124 1675 202 1739 Nem
226 1676 299 1738 inde
321 1679 386 1738 nati
407 1686 479 1739 suut
499 1678 595 1742 libelli
618 1681 666 1741 isti
687 1679 728 1739 de
750 1677 844 1740 modo
866 1674 1047 1757 oontltendi

126 1758 177 1847 ubi
198 1766 328 1840 peooata
355 1763 386 1822 in
418 1768 546 1840 matres,
583 1762 681 1842 filias,
713 1781 853 1839 sorores,
885 1767 1000 1842 neptes
1020 1766 1049 1821 et

126 1850 258 1923 nepotes
290 1843 487 1924 infinitasque
519 1846 596 1909 alios
632 1846 754 1925 speeies
786 1844 936 1919 distinata
970 1850 1048 1921 sunt,

126 1925 213 1987 nulla
234 1927 296 1987 alia
317 1946 411 2007 eura,
426 1929 493 1991 ¹uisi
514 1932 548 1990 ut
569 1929 686 1995 nultum
708 1934 878 2009 peooatum.
893 1927 1048 1989 omittere·

127 2015 175 2071 tur
194 2011 226 2071 in
249 2010 454 2090 consessione,
463 2011 560 2091 -quod
574 2011 667 2092 plane
690 2019 738 2074 est
748 2009 953 2092 impossibile.
971 2009 1049 2073 llam

127 2094 258 2173 sirigor
276 2092 412 2156 Cononis
434 2100 504 2173 stet7
525 2114 583 2156 neo
605 2095 711 2172 oblita,
733 2114 792 2156 neo
812 2097 959 2175 ignoratn
979 2110 1049 2174 peo

129 2182 198 2237 eota
220 2183 352 2257 excepta
373 2183 458 2254 sunt,
481 2179 553 2258 quio
575 2177 661 2239 dioit:
684 2178 827 2241 Omnium
850 2182 1050 2256 peecatorum

127 2278 251 2320 suorum
279 2260 372 2319 faeiat
403 2261 639 2322 confessionem.
684 2262 744 2325 Sed
774 2261 812 2322 de
833 2258 881 2319 his
903 2259 999 2320 latius
1019 2258 1048 2318 in

125 2343 246 2404 ratione
267 2343 443 2404 confitendi.

209 2425 277 2506 Ego
299 2432 412 2505 tamen,
436 2433 468 2486 nt
487 2426 651 2508 Magistros
674 2435 797 2489 nostros
812 2425 945 2488 eximios
968 2444 1049 2486 men·

127 2508 208 2570 daoii
230 2527 367 2590 arguam,
390 2529 452 2571 uon
476 2510 647 2590 improbavi
676 2511 939 2571 examinationem
973 2526 1050 2569 eon·

129 2593 286 2665 soientine,
309 2611 367 2653 neo
388 2593 449 2654 boo
470 2599 616 2673 poterunt
638 2588 779 2674 probare,
801 2598 937 2673 uuquam
960 2609 981 2652 a
1002 2608 1050 2651 me

127 2677 262 2738 iaotum:
286 2675 340 2736 sed
363 2677 486 2737 anxiam
509 2676 738 2754 carnificinam,
757 2695 832 2757 ·qna
852 2677 941 2735 iuxta
962 2672 1050 2734 buius

129 2760 258 2820 canorus
283 2758 468 2820 mortiferam
504 2761 570 2821 sive
598 2762 847 2822 constitutionem
871 2759 940 2818 sive
960 2757 1052 2818 inter·

127 2843 333 2923 pretationem
370 2842 409 2903 ad
437 2842 628 2922 impossibile
658 2844 808 2904 ducuntur
836 2841 940 2901 miseri
969 2838 1052 2900 Obri-

129 2927 237 3005 silani,
273 2926 348 2986 nihil
381 2926 479 2986 daturi
506 2927 695 3006 promittenti
723 2927 781 2987 Dei
813 2922 1053 2999 misericordiae,

129 3009 187 3069 nisi
210 3009 344 3070 omnium
366 3014 564 3091 pennatorum
594 3010 722 3070 feeerint
743 3008 992 3084 confessionem,
1023 3002 1053 3066 id

130 3097 196 3172 est,
223 3098 255 3152 ut
276 3110 432 3171 nunquam
454 3110 563 3173 paoem
587 3092 722 3153 habeant
741 3089 1055 3172 plusque-confidant

129 3175 267 3235 insuam
294 3175 448 3236 infelicem
471 3176 715 3253 ooniessionem,
748 3194 838 3255 quam
857 3174 916 3234 Dei
939 3171 1054 3235 miseri·

130 3257 277 3320 cordiam.
321 3259 424 3338 Atque
445 3259 495 3318 bio
515 3265 671 3338 optassem
695 3256 940 3320 bononiensibus
965 3257 1053 3329 meis,

130 3347 164 3402 ut
196 3347 228 3401 et
254 3341 381 3401 alterum
411 3341 603 3403 cardinalem
622 3342 840 3403 Dertusensem
871 3338 1055 3401 habuissent

130 3425 324 3501 monitorem,
347 3443 418 3485 uam
441 3425 523 3484 huno
544 3444 635 3484 unum
656 3425 748 3487 solito
770 3423 946 3485 temeritate
969 3440 1056 3505 prae·

131 3507 287 3585 terierunt,
308 3507 420 3569 trustra
442 3515 630 3587 mouentem,
653 3514 686 3568 nt
705 3527 775 3568 meo
797 3506 901 3569 omnia
925 3505 967 3568 sd
991 3526 1056 3568 ver·

131 3590 201 3651 bum
224 3591 390 3671 signarent.

213 3675 274 3733 lem
298 3675 322 3735 si
356 3680 387 3734 et
413 3680 517 3735 oetera
537 3692 707 3756 prosequar
728 3673 885 3734 hominum
909 3671 1057 3734 inielioia

130 3757 286 3836 almorum,
309 3762 372 3817 tum
394 3757 515 3818 somnio
526 3756 599 3818 mihi
620 3757 777 3839 imposita,
799 3762 862 3816 tum
883 3772 957 3815 mea
979 3755 1058 3818 inlse
