2346 4208
326 280 386 338 tals
406 278 515 355 Lipsiae
535 278 682 356 disputatis
708 296 733 340 a.
753 286 825 344 xlx.
974 272 1037 353 237

133 471 252 553 confugit
273 472 312 533 ad
335 472 498 534 concilium
523 472 777 553 constantiense,
799 468 1036 556 plena-fiducia,

128 555 302 635 prodesset
328 556 392 618 illic
420 555 653 617 determinatum
676 560 880 637 contrarium-5
910 570 1036 621 etsen-

125 639 208 699 tcntia
230 658 304 701 mea·
321 641 404 700 inter
423 640 567 701 articulos
584 638 664 699 Husa
687 638 863 701 etVuieleii
879 641 1035 703 damnata.

121 718 169 781 ffic
189 728 274 783 totus
294 724 474 784 immoratus
495 721 675 800 anhelabat,
712 740 773 803 quo
805 732 928 805 poterat
947 722 1035 787 adlo-

118 804 174 889 sina
195 822 323 866 movere
343 805 513 879 invidiam,
535 806 608 886 quia
628 805 710 867 aliud
732 824 795 866 non
818 806 939 886 habuit,
973 822 1034 887 quo

115 904 167 948 sno
188 886 343 949 ier-memo
364 888 514 969 palparet·
527 887 679 949 blandius.
722 886 781 949 Ubi
807 890 894 949 enirn
923 890 1036 951 deiecit

113 970 141 1031 in
160 970 229 1031 iure
250 969 372 1050 divino,
395 972 529 1033 cucurrit
550 971 588 1031 ad
611 972 657 1032 ius
680 970 868 1052 humanum,
890 972 1035 1055 probatu-

111 1072 160 1113 rus
180 1060 239 1134 p'er
259 1054 360 1135 ipsum
382 1056 429 1114 ius
451 1054 606 1132 divinum,
628 1070 729 1133 neque
749 1054 797 1115 'ulio
818 1061 921 1116 tamen
944 1055 1035 1117 rideri

110 1137 259 1217 oportuit,
282 1155 361 1216 quae
385 1142 486 1198 tantus
510 1137 675 1217 theologus
697 1144 852 1197 tentaret·
939 1166 942 1171 ·
986 1166 989 1173 ·

179 1218 251 1281 ¹(lui
274 1238 334 1301 ego
355 1220 416 1281 duo
439 1220 572 1281 concilia
593 1221 768 1298 antiquiora
800 1220 1036 1300 et'celebniora,

107 1300 261 1363 liicenum
300 1310 333 1363 et
363 1303 562 1379 Africanum,
606 1310 715 1363 contre
757 1321 872 1362 nnum-
893 1306 1036 1384 opposui,

110 1383 226 1447 deinde
250 1393 282 1446 et
302 1387 402 1466 ipsum
426 1384 858 1447 Constantiensemoareote
879 1386 974 1446 luisse
996 1386 1035 1447 ab

110 1468 181 1549 ipso
204 1474 239 1528 et
259 1466 588 1548 iernrent0¹nequitiae
623 1468 689 1548 (cui
712 1475 775 1527 tum
797 1467 968 1552 serviebat)
993 1470 1036 1529 in-

107 1550 276 1613 tellectum.
318 1551 468 1612 Nicennm
491 1552 572 1611 enim
595 1550 759 1611 concilium
789 1549 946 1627 decrevit,
976 1552 1035 1613 Ro·

108 1650 233 1695 manum
260 1633 449 1714 pontificem
480 1633 594 1694 debere
616 1650 720 1693 curanu
749 1632 868 1694 habere
889 1634 1034 1696 ecclesia-

109 1736 191 1777 rum·
208 1716 473 1792 suburbanarum,¹
508 1718 589 1777 siout
616 1716 859 1777 Alexandrinum
881 1719 1035 1798 Aegypti,

108 1798 221 1861 deinde
251 1796 440 1880 episcopos,
462 1818 540 1877 non,
568 1806 601 1859 ut
624 1797 732 1876 ruodo,
765 1818 803 1859 ex
825 1800 900 1860 urbe
922 1802 1033 1880 emptis

108 1881 210 1963 palliis
234 1889 266 1942 et
286 1889 456 1963 potestate,
479 1881 533 1942 sed
557 1882 930 1963 pervicinosepiscopos
955 1880 1035 1943 ordi-

107 1964 230 2025 nandos
253 1984 333 2045 esse,
356 1974 389 2025 ut
410 1964 463 2027 lib.
485 1964 635 2025 Ecclesia.
667 1965 774 2025 histor.
805 1969 851 2031 10.
884 1965 1036 2026 scribitur.

108 2046 164 2109 llic
184 2064 262 2109 raro
286 2048 423 2128 anguilla
457 2048 517 2107 ista
544 2046 662 2127 aiebat,
690 2046 758 2107 Hoc
781 2056 812 2107 ut
834 2047 939 2127 tieret,
957 2060 1036 2129 'per-

109 2132 236 2191 missum
259 2150 327 2190 esse
350 2131 473 2191 aliam.¹
494 2129 700 2207 Pontificibus,
724 2129 843 2210 lingens
868 2133 1033 2213 [utsolet)
1093 2204 1097 2213 ἱ

110 2232 147 2273 ex
170 2216 274 2293 capite
298 2215 423 2294 proprio
446 2214 566 2294 glossas
589 2231 699 2289 novas,
722 2215 809 2291 quasi
832 2234 894 2274 non
918 2217 1035 2293 impiis-

108 2296 183 2357 sime
208 2305 241 2356 et
261 2297 501 2356 haereticiseime
533 2296 679 2355 fecissent
711 2304 775 2356 tam
797 2298 928 2357 Romani
954 2298 1030 2358 Pu'n-

110 2378 225 2457 tiflcea,
249 2398 339 2458 quam
362 2380 511 2439 Nicenum
536 2378 713 2452 concilium,
738 2381 762 2437 si
788 2381 835 2439 vel
859 2388 1031 2440 statuerent

108 2462 156 2522 vel
177 2463 405 2542 permitterent,
445 2461 527 2541 quod
560 2470 643 2521 esset
673 2470 780 2521 eontra
808 2464 854 2522 ius¹
885 2463 1031 2523 divinum.

109 2544 184 2605 Nam
208 2546 235 2605 ai
257 2553 305 2604 est
325 2546 372 2605 iua
396 2544 547 2619 divinum,
571 2545 744 2604 Romanum
766 2545 944 2624 pontificem
968 2566 1033 2605 om-

109 2629 158 2688 nia
180 2630 212 2688 in
237 2628 379 2688 omnibus
402 2627 541 2689 ecclesiis
561 2646 664 2706 posse,
688 2646 750 2687 non
773 2635 821 2687 est
839 2629 870 2687 in
894 2631 958 2688 eius
980 2647 1037 2708 po-

109 2716 221 2770 testate
245 2712 442 2789 permittere,
473 2712 657 2770 contrarium
689 2711 736 2769 vel
766 2730 825 2769 una
854 2711 931 2770 hora
958 2710 1034 2788 lieni,

108 2795 220 2854 necin
246 2793 378 2853 Consilii
406 2800 561 2873 potestate
589 2795 791 2869 contrarium,
827 2801 880 2853 aut
907 2793 945 2853 de
964 2794 1034 2855 lio-

108 2895 200 2937 mano
226 2874 389 2957 pontifice,
413 2876 600 2936 utinierione
623 2894 690 2952 auo,
713 2876 889 2955 disponere,
912 2884 965 2936 aut
980 2877 1033 2939 -oi-

107 2978 241 3037 versum,
264 2966 317 3019 aut
339 2959 587 3033 aliud-statuere,
612 2980 674 3019 non
699 2961 795 3039 magia
818 2968 927 3034 cente,
942 2978 1033 3038 quam

107 3043 135 3102 in
159 3044 403 3122 potestate'eius
425 3044 477 3120 sit,¹
496 3042 674 3121 permittere
698 3050 750 3101 aut
772 3052 906 3102 statuere
929 3052 1033 3123 stupra

108 3136 138 3185 et
166 3125 317 3185 adulteria
345 3125 447 3185 licere.
490 3125 535 3184 Ita
557 3124 665 3203 fiebat,
700 3134 731 3183 ut
761 3127 853 3185 miser
874 3127 1033 3186 Romanae

109 3210 268 3287 potestatis
300 3215 382 3268 tutor
410 3215 441 3267 et
467 3216 613 3286 patronus
639 3209 802 3287 primatum
836 3209 917 3267 huno
956 3212 1031 3269 tueri

111 3308 170 3350 non
193 3298 318 3371 posset,
347 3292 403 3349 nisi
426 3290 660 3370 blasphemaret
695 3298 758 3350 tum
792 3293 1031 3351 sacratissimum

112 3370 256 3433 Nicetium
278 3374 457 3450 concilium,
481 3382 543 3433 tum
566 3374 651 3453 ipsos
674 3372 853 3452 pontifices,
880 3373 951 3435 dum
976 3395 1032 3435 eos

117 3455 239 3516 solvisse
269 3458 315 3515 ius
337 3456 472 3516 divinum
496 3458 634 3516 asseruit.
664 3455 744 3531 Quid
775 3460 822 3516 est
844 3457 1033 3517 haereticum

121 3542 146 3594 et
163 3538 389 3619 blasphemum,
421 3541 445 3600 si
468 3540 546 3599 haec
567 3539 703 3599 Ecciana
726 3536 877 3599 modestia
900 3559 961 3600 non
976 3550 1033 3601 eat

122 3615 243 3681 haeresis
275 3630 305 3682 et
328 3622 543 3701 blasphemia?
577 3621 637 3682 Sed
661 3623 706 3682 sic
734 3622 817 3701 loqui
840 3622 951 3699 debet,
980 3627 1030 3702 qui

127 3696 251 3789 loquitur,
274 3713 307 3764 ut
329 3704 503 3766 hominibus
526 3705 657 3785 placeat.
885 3734 888 3739 ·
958 3744 961 3751 ·

173 3786 318 3847 laureum
335 3788 498 3849 concilium
517 3789 705 3865 Africanum,
719 3785 891 3849 uthabetun
902 3787 1033 3853 mathil.
