2346 4208
330 266 344 309 s
415 262 719 353 alatoriislexuuptn
757 218 767 295 ’-
792 264 831 311 .·
976 244 1054 337 {ff

122 450 171 515 lua
189 450 304 513 suuis
323 450 450 513 flatrum
471 447 711 513 llendiaantium
727 446 770 513 ab
787 446 1052 511 initio-detraxe!
1153 438 1163 459 '

120 542 191 599 mi«
326 550 331 555 '
473 562 484 575 ·
758 558 762 563 ·
1157 586 1167 601 ,

196 618 247 683 Ad
268 617 440 680 Innueentii
462 618 495 679 iu
539 616 654 679 enerali
682 614 816 680 oonsilio
840 600 1040 677 Conltitutio-
1151 644 1156 653 ·

121 722 182 765 mm
204 702 293 779 (linit,
313 718 349 763 ss
370 718 434 763 non
454 636 640 783 intelligere,
661 697 819 781 quamodo
834 698 968 780 valeant,
989 698 1041 761 vel

96 784 327 871 ,umigatus
361 784 425 846 sint
459 782 601 847 remissio
633 788 843 865 pennatorum.
887 781 982 860 Dieu,
1008 789 1043 845 ut

106 888 248 959 ¹sunrper,
267 886 333 931 nou
353 866 450 948 dabo,
471 865 866 966 temsolennepunuilium
887 871 921 927 st
941 864 1041 946 legiti-

121 970 195 1099 π
213 948 759 1133 lt'dllffiallztdtll
774 947 1044 1130 {ittera

245 1136 400 1203 poenum,
430 1135 503 1199 quia
535 1135 648 1181 nomen
675 1121 795 1198 peeustr
824 1133 888 1178 non
921 1133 1044 1197 semper

121 1222 170 1285 pru
194 1202 310 1284 eulpa,
350 1198 407 1263 sed
448 1200 542 1263 etiam
573 1216 630 1282 pru
664 1218 768 1281 poene
799 1199 910 1289 eulpae
937 1198 1044 1261 debita

78 1286 82 1293 '
121 1292 290 1369 usurpatum,
312 1284 393 1345 siem
412 1282 495 1365 apud
516 1281 723 1345 ldaehabmm
736 1280 786 1360 ἢ,
807 1287 842 1345 ut
861 1302 881 1344 a
902 1282 1043 1364 mesatis

120 1368 301 1445 salvantur,
335 1363 419 1447 quad
436 1365 488 1429 de
509 1366 601 1448 urlpa
627 1367 735 1447 nequit
753 1365 1040 1449 intelligi-mortali,
1147 1410 1157 1431 e

121 1450 166 1513 sad
187 1450 472 1551 depoenaeulpps·
488 1449 601 1513 debita
624 1448 916 1531 Etsi-indulgentiae
936 1448 1038 1511 diean-

121 1540 161 1597 ur
178 1534 263 1613 dun,
286 1539 322 1595 ut
336 1532 538 1595 absolvuntur
557 1532 577 1594 a
599 1551 704 1614 pusna
724 1539 757 1595 st
770 1531 870 1614 eulpa,
893 1550 948 1593 eas
970 1550 1044 1594 eun-
1126 1578 1138 1593 .

123 1618 280 1699 uellentes
302 1614 405 1677 nullus
431 1616 609 1677 existimare
636 1615 730 1679 debet
756 1615 971 1696 indulgentias·
995 1632 1045 1677 reb

124 1700 235 1765 nuum
257 1698 393 1781 uulpem,
413 1696 468 1761 sed
490 1699 564 1779 quin
578 1696 835 1781 papuesoneedit,
856 1705 891 1759 ut
903 1698 923 1759 ‘a
936 1697 1046 1779 uulpm·
1117 1718 1120 1725 ·

124 1782 272 1847 udiente
280 1787 476 1843 memento
498 1782 718 1864 poenitentias,
739 1801 760 1843 a
779 1780 936 1863 deputetis
957 1778 1046 1843 sordi

124 1866 264 1929 mrito
284 1863 496 1942 almulvuntur,
518 1871 551 1927 et
564 1863 908 1946 deindeindulgenlias,
927 1863 1039 1941 idest,

123 1968 288 2029 peanum
303 1946 503 2010 remissiones
523 1950 772 2028 murmannus·
854 1966 858 1975 ·

196 2031 293 2109 Quod
315 2031 371 2105 ⁸⁸)
392 2048 468 2092 vero
490 2048 525 2093 ss
546 2036 691 2109 excusat,
719 2027 802 2111 quod
824 2029 917 2108 dixit,
944 2027 1042 2090 indul-

126 2118 238 2195 gentias
261 2132 332 2176 ease
342 2113 448 2175 vitium
471 2112 545 2176 boni
568 2114 680 2195 operis,
702 2114 775 2194 quie
795 2118 828 2174 et
848 2113 917 2193 ipse
940 2111 1045 2173 volue-

126 2199 157 2259 n't
182 2194 297 2260 eeteris'
327 2195 452 2277 paribus
481 2215 559 2277 opus
591 2195 707 2258 bonum
741 2215 810 2256 eum
840 2193 1038 2276 indulgentiis
1113 2180 1121 2208 “

128 2299 188 2342 esse
210 2280 335 2356 melius,
358 2298 450 2359 qnam
473 2280 540 2340 sine
560 2279 769 2361 indulgentiis.
791 2278 852 2340 Se'd
873 2279 961 2339 sicuti
984 2277 1042 2338 fier

78 2416 86 2433 ,
129 2364 236 2442 soleat,
268 2364 342 2442 quia
362 2363 407 2422 ita
426 2362 568 2424 homines
590 2361 797 2443 indulgentias
818 2360 985 2438 redimant,
1012 2368 1047 2421 ut
1095 2388 1103 2398 ·

130 2443 204 2507 buna
234 2465 333 2529 opera
366 2445 420 2507 illa
435 2454 438 2459 '
454 2446 522 2506 sine
563 2445 761 2526 indulgentiis
794 2464 855 2505 non
900 2445 1046 2522 fecerent,

132 2531 263 2608 quamvis
285 2529 435 2610 pleraque
465 2547 558 2609 super
585 2529 638 2590 illo
668 2528 750 2589 dieto
780 2527 882 2589 afferri
906 2534 1045 2610 possent,

134 2614 204 2673 etin
226 2612 337 2685 simili,
373 2610 497 2690 quando
529 2612 620 2671 vieini
642 2618 770 2692 propter
790 2612 955 2672 amicitiam
976 2611 1046 2670 vici·

136 2712 231 2755 mrum
255 2695 448 2755 conveniunt
475 2693 515 2753 ad
542 2693 716 2756 oblationes
744 2701 774 2755 et
797 2693 956 2754 offerturia
977 2694 1047 2774 plus

135 2793 212 2854 quam
249 2779 361 2839 intuitu
389 2783 589 2838 mortuorum.
633 2778 779 2838 Attamen
809 2777 882 2837 mihi
904 2780 1043 2858 apparet,

78 2882 80 2918 ι
136 2859 375 2923 meliori-iudieio
406 2877 530 2941 semper
551 2860 659 2938 salvo,
682 2860 744 2922 boe
764 2879 826 2921 non
850 2879 920 2920 esse
941 2861 1046 2921 vitium

78 2963 81 3001 ι
136 2938 195 3004 boni
224 2944 338 3024 operis.
382 2943 515 3004 Primum
544 2962 583 3004 ex
613 2962 669 3021 eo,
699 2945 772 3024 quia
802 2962 921 3004 suerum
944 2943 1046 3004 eenei-

138 3102 204 3169 lonu
226 3128 334 3190 opera.
378 3107 544 3185 Secundo,
573 3111 644 3189 quia
666 3117 753 3189 esto,
784 3109 867 3190 quod
891 3110 952 3170 tale
975 3107 1047 3188 quid

138 3186 251 3269 iselam,
281 3191 332 3252 vel
354 3191 535 3270 exhibeant,
564 3196 689 3274 propter
709 3193 916 3274 indulgentias
939 3211 1046 3253 eonse-

78 3318 81 3329 .
141 3275 277 3354 prendas,
310 3282 412 3335 tamen
437 3276 496 3336 ista
518 3295 614 3358 opera
641 3295 681 3336 ex
701 3276 756 3337 illo
784 3275 845 3336 flne
867 3295 930 3336 non
951 3273 1046 3335 inlidi·
1108 3322 1111 3329 .

78 3392 81 3401 ·
142 3364 232 3431 untur,
262 3358 409 3438 quoniam
443 3357 512 3419 fluis
539 3360 599 3421 iste
619 3359 877 3441 indulgentiarum
900 3378 963 3419 non
986 3357 1043 3418 dis·

78 3471 81 3480 =
142 3448 230 3520 nepae
251 3460 270 3501 a
291 3439 353 3500 line
375 3441 505 3519 ultimo,
539 3442 583 3504 ita
608 3442 688 3522 quod
712 3461 881 3524 poenarum
903 3441 1042 3502 remissio

85 3068 93 3575 Ι
137 3021 193 3085 lium
228 3045 285 3107 per
317 3024 525 3108 indulgentias
562 3027 626 3086 vult
663 3028 799 3088 excitare
832 3027 973 3088 homines
1007 3024 1047 3085 ad

175 3647 244 3710 ⁸12.
264 3649 332 3702 liae.
357 3645 398 3701 12.
460 3645 507 3713 **)
527 3646 558 3699 ln
579 3663 667 3718 marg.
688 3644 730 3701 ed.
750 3648 850 3717 origin.
871 3651 899 3700 et
917 3644 980 3700 Jen.
997 3644 1043 3699 hie
1136 3660 1139 3665 ·

143 3709 235 3846 llllw
273 3720 323 3774 Hie
352 3718 524 3774 contnuevlt
549 3716 647 3821 litoius
678 3719 748 3773 horu
774 3718 792 3774 2
818 3718 872 3774 diei
904 3717 950 3772 Xl.
974 3715 1041 3770 Julii
