2346 4208
169 271 233 338 412
456 270 492 329 ΙΙ(
507 275 610 330 concio
629 274 664 329 D.
683 275 717 330 li.
736 275 816 331 bath.

254 462 385 545 Quinto,
419 463 480 526 hoo
501 483 624 545 quoque
645 467 748 526 animo
770 471 823 526 tuo
844 463 1016 544 insculpes,
1038 482 1090 526 ne·

171 564 230 626 quc
252 544 424 624 dubitabis,
449 549 520 626 quin
544 556 575 608 tu
603 566 725 627 quoque
756 568 796 607 ex
816 548 937 608 illorum
967 549 1008 607 sis
1036 568 1090 607 uu·

57 646 59 650 ’
170 647 274 707 mero,
298 631 349 710 qui
372 629 523 691 Christum
547 632 590 691 ita
612 631 847 708 excarnificant,
869 637 900 690 et
922 631 1004 690 cruci
1025 628 1089 691 affi-

169 710 260 795 g'unt,
293 722 422 794 peccata
452 715 531 774 enim
565 721 617 774 tua
640 714 838 774 coniecerunt
871 733 940 773 eum
963 713 994 773 in
1018 713 1090 775 illos

168 797 329 858 cruciatus.
364 797 465 876 Atque
488 798 532 857 sic
554 814 676 875 quoque
699 797 729 858 S.
752 797 859 856 Petrus
882 795 972 857 Aeto.
984 794 1015 861 2.
1042 797 1089 857 lu-

170 878 265 941 daeos
288 898 343 940 ceu
365 882 479 940 tonitru
502 879 635 959 quodam
657 880 876 959 perterrefecit,
899 898 969 939 cum
991 880 1091 959 inquit

169 961 208 1023 ad
231 980 350 1039 omnes,
373 963 424 1043 qui
445 962 587 1023 aderant:
610 963 675 1024 Vos
699 982 768 1022 eum
791 960 993 1023 crucifixistis.
1015 961 1090 1024 Tria

168 1045 262 1129 igitur
292 1045 371 1105 milia
391 1045 551 1106 hominum
583 1064 620 1106 ea
641 1064 721 1106 voce
743 1045 910 1123 conterriti,
932 1043 1011 1120 Quid
1034 1046 1090 1128 igi-

168 1120 218 1189 tu'r
237 1127 394 1206 faciemus,
415 1129 544 1189 fratres?
572 1128 611 1189 ad
635 1129 797 1208 apostolos
820 1127 973 1189 dicebant.
1003 1128 1088 1208 Ergo

169 1229 238 1272 cum
267 1209 372 1271 clavos
399 1210 511 1272 infixos
539 1211 679 1272 manibus
703 1211 814 1272 Christi
837 1212 951 1288 cernis,
985 1211 1090 1292 cogdta

168 1293 239 1354 illos
262 1293 367 1354 clavos
390 1313 458 1355 esse
480 1302 532 1355 tua
554 1313 658 1374 opera,
681 1313 748 1354 cum
773 1313 919 1356 coronam
939 1294 1089 1374 spineam,

170 1377 274 1459 cogita
311 1396 378 1439 eam
413 1396 482 1438 esse
503 1377 600 1438 malas
635 1383 666 1437 et
697 1378 808 1457 impias
838 1382 906 1438 tuas
929 1376 1089 1475 cosstio·

168 1478 224 1521 nas
246 1465 303 1525 etc.
1001 1468 1019 1477 ““

252 1540 358 1620 Sexto,
379 1542 431 1603 ubi
451 1543 544 1624 igitur
561 1542 713 1603 Christum
736 1561 797 1602 una
819 1542 907 1621 spina
928 1541 1025 1624 pungi
1046 1542 1089 1601 vi-

170 1624 241 1704 des,
276 1632 307 1685 tu
337 1627 441 1706 cogita
468 1630 498 1685 te
528 1627 686 1704 meritum,
725 1631 759 1684 ut
779 1624 891 1684 millies
913 1625 1036 1704 gravium
1059 1629 1091 1684 et

169 1709 292 1788 saepius
313 1709 501 1790 pungereris.
544 1708 603 1770 Ubi
625 1707 720 1768 clavis
741 1707 897 1788 perfossas
919 1724 1028 1766 manus
1052 1726 1090 1768 ac

169 1790 265 1873 pedes
288 1793 400 1867 cernis,
421 1793 525 1872 cogita
546 1798 578 1852 te
598 1790 693 1872 longe
715 1792 847 1852 maiores
859 1792 1001 1851 meritum
1025 1809 1089 1850 cru-

166 1874 274 1937 ciatus.
316 1873 357 1935 Et
378 1893 470 1950 sane,
504 1876 557 1953 qui
580 1872 691 1934 Christi
718 1875 894 1953 passionem
917 1872 1088 1956 negligunt,

165 1957 211 2018 illi
240 1975 348 2018 omnes
378 1956 450 2016 illos
478 1959 677 2037 gravissimos
707 1957 858 2017 cruciatus
880 1955 1090 2016 indesinenter

169 2041 331 2122 patientur.
354 2039 462 2118 Neque
486 2041 567 2099 enim
588 2039 649 2100 hoc
671 2035 846 2118 exemplum
869 2040 934 2099 irae
955 2039 1088 2120 divinae,

167 2124 200 2183 in
222 2122 342 2183 Christo
365 2123 566 2202 propositum,
589 2140 647 2184 nos
669 2122 763 2186 fallet.
786 2122 849 2181 leta
870 2123 974 2184 omnia
995 2128 1089 2203 atque

165 2205 213 2266 his
235 2208 326 2265 etiam
349 2206 492 2285 graviora
513 2207 599 2285 impii
623 2207 828 2284 experientur.

248 2286 397 2368 Septimo,
420 2308 456 2349 ac
477 2288 569 2348 talem
593 2288 716 2367 quidem
737 2294 884 2348 terrorem
907 2285 937 2350 S.
958 2287 1086 2348 Bemar-

166 2370 223 2432 dus
246 2389 284 2430 ex
309 2370 420 2431 Christi
442 2373 588 2452 passione
608 2373 745 2451 aceepit,
774 2377 807 2431 ut
829 2370 960 2430 diceret:
995 2369 1087 2432 Secu·

164 2473 215 2515 rus
236 2454 428 2532 incedebam,
451 2454 525 2514 nihil
548 2455 648 2514 sciens
672 2454 710 2514 de
722 2452 836 2514 iudicio
851 2453 908 2513 Dei
920 2452 1086 2531 horrendo,

165 2535 248 2617 quod
272 2544 379 2597 contra
401 2557 450 2597 me
471 2538 566 2598 latum
590 2545 654 2597 erat
674 2539 705 2597 in
729 2537 829 2597 coele.
864 2535 904 2595 Et
924 2554 998 2596 ecce
1020 2537 1087 2596 mit-

165 2620 238 2681 titur
259 2621 384 2701 virginis
405 2619 502 2697 filius,
533 2618 613 2680 filius
637 2621 694 2680 Dei
722 2619 879 2697 altissimi,
915 2625 946 2679 ct
966 2617 1089 2680 iubetur

166 2702 275 2781 occidi,
298 2709 332 2764 ut
354 2703 529 2766 vulneribus
551 2705 639 2777 meis,
660 2704 797 2784 pretioso
811 2702 968 2782 sanguinis
989 2702 1087 2782 ipsius

164 2785 322 2862 balsamo,
353 2786 519 2850 medeatur.
563 2785 710 2867 Agnosce
730 2785 842 2863 homo,
866 2803 957 2863 quam
979 2785 1087 2866 gravia

120 2902 126 2911 ·
165 2874 237 2930 sunt
266 2869 412 2948 vulnera,
446 2889 502 2950 pro
536 2869 645 2948 quibus
679 2886 808 2928 necesse
840 2870 888 2928 est
920 2868 1086 2928 Dominum

166 2951 319 3014 Ohristnm
341 2952 502 3014 vulnerari.
545 2950 576 3013 Si
605 2971 667 3013 non
700 2957 805 3011 essent
830 2950 910 3010 haec
938 2948 978 3011 ad
1007 2969 1087 3011 mor·

166 3039 227 3096 tem
249 3041 281 3096 et
301 3041 430 3096 mortem
453 3036 690 3114 sempiternam,
723 3034 877 3113 nunquam
899 3051 956 3113 pro
979 3052 1086 3095 corum

166 3118 303 3183 remedio
324 3119 383 3179 Dei
405 3118 484 3179 filius
507 3126 680 3178 moreretur
697 3123 754 3178 etc.

228 3201 302 3262 'Sic
321 3200 458 3262 Christus
480 3220 603 3281 quoque
624 3201 772 3262 monebat
788 3196 1002 3258 mulierculas:
1025 3196 1086 3258 No-

165 3284 221 3345 lite
242 3283 317 3345 flere
339 3304 430 3365 super
451 3304 516 3362 me,
553 3284 606 3344 sed
637 3302 729 3364 snper
748 3301 806 3344 vos
827 3283 913 3362 ipsas
934 3279 1023 3356 flete,
1057 3288 1089 3341 et

166 3373 259 3448 super
288 3367 367 3428 lilios
401 3374 529 3431 vestros.
577 3367 618 3427 Et
644 3365 779 3427 addebat
805 3365 972 3426 rationem:
1008 3361 1088 3438 Quia

166 3451 245 3510 siin
267 3449 393 3511 humido
415 3450 499 3532 ligno
522 3450 599 3510 haec
614 3449 738 3528 faciunt,
764 3450 794 3509 in
817 3447 903 3509 arido
916 3445 988 3526 quid
1010 3443 1086 3506 fiet?

165 3532 236 3597 Luc.
261 3535 310 3598 ¹23.
341 3552 369 3613 q.
388 3533 418 3594 d.
450 3533 565 3594 Discite
588 3552 627 3592 ex
648 3533 707 3593 hac
727 3551 797 3592 mea
819 3531 980 3612 passione,
1008 3546 1087 3607 quos

166 3616 317 3677 cruciatus
340 3636 396 3678 vos
418 3617 483 3676 sitis
507 3617 621 3691 meriti,
655 3622 786 3694 atquae
814 3633 869 3675 vos
893 3618 1033 3689 maneat,
1056 3615 1087 3673 ni

165 3697 374 3778 credideritis,
402 3718 512 3780 poena.
554 3698 649 3759 Plane
671 3699 752 3758 enim
779 3697 829 3758 hic
851 3695 990 3757 videmus
1010 3694 1086 3773 fieri,

166 3788 203 3844 ut
222 3782 368 3845 caedatur
389 3782 507 3843 catulus
528 3782 560 3842 in
583 3787 730 3842 terrorem
752 3780 847 3843 vetuli
868 3779 965 3843 cauis.
