2346 4208
169 273 234 341 476
476 278 602 348 Epistola
617 278 678 334 loh.
696 279 771 335 anii
864 323 867 327 .

171 464 316 525 editionis
338 466 476 527 lenensis
499 467 651 538 atilium,
673 485 763 545 quem
786 465 939 527 Loescher
959 462 1092 524 reddidit

169 549 200 608 in
221 549 309 608 Actia
330 549 466 610 Reform.
490 550 530 611 ΙΙΙ
551 571 580 630 ρ.
595 553 657 613 214
679 569 746 629 sqq,
771 557 802 610 et
823 552 881 614 591
906 567 971 628 sqq.
996 594 999 599 <

416 716 565 798 Epistola
586 715 738 782 Iohannis
759 716 846 781 Eooii

170 833 264 893 missa
286 852 325 892 ex
335 833 438 910 Lipaia
460 833 499 893 cd
513 834 665 895 famosum
689 841 720 894 et
740 833 941 894 reverendum
958 830 1090 904 Patrem,

168 912 201 976 F.
236 915 339 977 iacob.
367 917 590 998 Hocbstraten,
633 918 812 997 Magistrum
851 919 881 976 in
917 915 1092 994 Theologia

170 1006 324 1076 nostrum,
367 1000 398 1059 in
421 1019 481 1080 qua
503 999 652 1072 ostendit,
675 1000 784 1079 quibus
807 1000 980 1078 scripturis,
1003 1016 1090 1076 argu·

171 1083 281 1142 mentis
311 1090 343 1142 et
369 1084 541 1145 rationibus
565 1082 735 1144 defenderit
762 1083 907 1143 articulos
929 1082 1090 1141 Romanae

169 1163 319 1225 ecclesiae
353 1167 382 1225 in
416 1166 623 1247 disputatione
652 1166 773 1245 Lipsica
806 1173 913 1227 contra
942 1165 979 1226 D.
1003 1165 1090 1224 biart.

335 1249 500 1310 Lutherum
521 1269 602 1310 anuo
626 1249 785 1311 nonin.
808 1248 922 1310 habita.

331 1366 508 1427 Salutem
531 1369 570 1427 in
591 1369 758 1439 Domino
779 1367 954 1441 Iesu*).·

250 1499 319 1560 Non
344 1510 373 1562 te
396 1505 556 1581 praeterit,
588 1502 770 1563 Reverende
791 1501 897 1580 Pater,
931 1498 1088 1578 quomodo
1165 1524 1167 1534 ·

169 1602 218 1642 me
262 1584 411 1645 hactenus
460 1588 658 1666 opposuerim
701 1586 869 1645 temerariis
912 1583 1088 1643 hominibus

146 1664 434 1748 ,Vuittembergae
476 1689 584 1729 omnes
617 1670 769 1730 Doctores
803 1688 821 1727 a
855 1666 1088 1746 quadringentis

167 1751 272 1825 annis,
308 1753 503 1830 quantumvis
526 1752 556 1813 S,
587 1760 617 1812 et
646 1752 775 1827 doctos,
809 1749 1088 1825 contemnentibus,

167 1837 198 1892 et
219 1832 315 1893 muita
335 1834 415 1894 falsa
436 1842 467 1894 et
491 1854 621 1895 erronea
641 1837 672 1895 in
696 1833 843 1914 populum
856 1831 1087 1909 seminantibus3

167 1918 361 1997 potissimum
386 1923 478 1997 caput
499 1918 589 1977 huius
612 1918 750 1978 scandali
780 1937 836 1997 per
868 1917 1087 1996 impressiones

166 1998 291 2080 liuguae
313 2005 440 2060 nostrae
463 2000 587 2080 vulgum
610 2001 729 2062 seducit
750 2005 782 2061 et
802 1999 909 2062 inficit.

249 2081 424 2143 Novissime
458 2083 679 2162 disputavimus
710 2084 848 2163 Lipsiae,
884 2085 915 2142 in
948 2081 1086 2159 frequen-

167 2165 287 2224 tissimo
321 2165 474 2225 auditorio
508 2165 756 2228 doctissimorum
789 2168 939 2242 virorum,
974 2162 1087 2243 ubique

167 2249 432 2322 convenientium,
466 2249 516 2310 ubi
550 2251 633 2323 (laus
663 2253 747 2328 Deo,
781 2250 882 2309 honor
908 2255 939 2308 et
959 2245 1083 2330 gloria)

166 2329 328 2409 plurimum
352 2333 513 2392 imminuta
535 2341 582 2394 est
600 2352 708 2394 =eorum
735 2335 858 2412 opinio,
892 2333 983 2392 etiarn
1006 2330 1086 2413 apud

166 2413 307 2494 vulgum,
341 2413 422 2494 apud
452 2416 561 2478 doctos
584 2437 658 2478 vero
681 2435 737 2498 pro
761 2417 869 2476 maiori
892 2422 979 2494 parte
1000 2413 1089 2494 lapsa

166 2505 233 2572 est,
271 2496 409 2558 audisses
441 2499 599 2560 hominum
623 2501 842 2576 temeritatem,
879 2517 968 2577 quam
1004 2498 1088 2557 caeci

168 2578 240 2639 sunt
262 2585 293 2640 et
315 2580 354 2640 ad
376 2582 513 2644 facinora
534 2584 740 2663 imperterriti.

248 2661 349 2744 Negat
371 2664 537 2744 Lutherus,
561 2667 681 2726 Petrum
705 2667 800 2726 fuisse
823 2665 993 2744 principem
1015 2681 1087 2742 apo·

166 2745 331 2821 stolorum,
369 2756 463 2828 negat
499 2749 705 2811 obedientiam
741 2747 984 2808 ecclesiasticam
1019 2765 1087 2805 esse

166 2827 205 2888 de
226 2830 291 2890 iure
313 2829 435 2910 divino,
464 2831 524 2898 aed
547 2832 681 2893 humano
711 2851 865 2894 consensu
888 2829 936 2888 vel
959 2831 1087 2908 impera

167 2913 242 2972 toris
278 2913 442 2975 inductam.
485 2915 586 2995 Negat
619 2936 711 2996 super
742 2917 862 2975 Petrum
897 2910 1086 2972 aedificatam

166 2996 344 3056 ecclesiam:
385 2988 482 3076 sapei
512 2999 592 3058 hano
623 3006 740 3079 petram
773 3003 831 3058 etc.
880 2995 920 3054 Et
952 2993 1023 3054 dum
1061 2995 1087 3054 ei

166 3079 386 3159 Augustinum,
410 3081 641 3161 Hieronymum,
664 3082 870 3156 Ambrosium,
895 3079 1088 3158 Gregorium,

166 3161 370 3243 cyprianum,
394 3164 664 3244 Chrysostomurn,
687 3166 822 3225 Leonem
846 3170 877 3221 et
900 3160 1086 3221 Bernardum

166 3243 258 3326 super
292 3247 345 3308 illo
370 3245 554 3308 adducerem
585 3268 653 3308 oum
675 3246 864 3327 Theophi10,
904 3263 1013 3304 omnes
1037 3263 1088 3303 ne-

152 3330 251 3409 gavit
273 3330 392 3409 absque
414 3331 540 3410 rubore,
578 3338 607 3391 et
630 3351 664 3392 se
685 3351 777 3391 unum
800 3329 877 3389 dixit
911 3327 992 3387 velle
1014 3328 1086 3388 resi-

166 3419 246 3473 stere
276 3413 373 3488 mille,
407 3414 492 3474 nullo
527 3414 588 3474 alio
620 3414 731 3485 fultus,
767 3414 825 3472 nisi
856 3412 927 3490 quia
950 3410 1087 3470 Christus

166 3503 248 3556 esset
269 3494 500 3556 tundamentum
522 3498 681 3575 ecclesiae,
706 3504 737 3557 et
758 3495 840 3556 aliud
855 3492 1086 3576 fundamentum

171 3657 379 3667 ἡ...
384 3659 572 3665 --.-.,...,.....
584 3661 591 3663 -

238 3722 268 3787 *l
288 3724 331 3775 Ex
360 3725 403 3777 ed.
416 3726 544 3794 lenensi,
565 3742 600 3778 ax
620 3741 676 3796 qua
695 3731 787 3777 textus
808 3728 852 3777 eat
870 3724 1004 3795 redditus,
1024 3736 1089 3782 sunt

163 3796 248 3848 otiam
267 3801 352 3850 notae
370 3799 511 3867 repetitae.
