2346 4208
122 247 185 315 288
459 249 537 303 Bulla
555 249 657 304 Laome
677 247 712 304 X.

208 435 350 514 lnsuper,
383 436 455 514 quia
489 454 609 496 errores
642 434 771 515 praefati
801 441 833 497 et
861 434 966 516 plures
997 433 1044 495 alii

125 519 321 580 continentur
341 518 372 578 in
396 517 505 579 libellis
528 537 581 579 seu
602 519 722 598 scriptis
744 517 907 579 cuiusdam
916 515 951 601 a)
973 517 1045 581 llar-

125 603 178 662 tini
198 600 319 674 Lutlrer,
342 601 440 661 dictos
463 600 595 677 libellos,
618 608 649 661 et
665 602 770 662 omnia
794 601 868 672 dicti
884 598 1045 675 Martini-¹)

125 686 247 765 scripta,
270 704 325 743 seu
340 683 596 764 praedicationes,
612 686 644 744 in
665 684 773 762 latino,
795 684 1046 764 veluuocuuqm

125 768 187 828 alio
210 766 356 827 idiomate
380 764 624 848 reperiuntur2),
647 768 677 827 in
701 767 811 846 quibus
833 767 1047 857 dictierrorqs,

125 871 181 911 sen
203 869 309 910 eorum
333 851 442 929 aliquis
465 851 671 925 continentur,
694 850 835 920 similiter
856 851 1048 928 damnamus,

125 933 342 1015 reprobamus,
363 941 456 1012 atque
479 934 605 995 omnino
629 933 800 1014 reiicimus,
818 940 853 995 et
874 950 934 1014 pro
956 935 1049 997 omnl-

125 1015 206 1091 n0³)
232 1015 399 1092 damnatis,
428 1016 600 1096 reprobatis
629 1034 667 1076 ao
695 1017 820 1087 reiectis
843 1024 896 1092 (ut
918 1016 1050 1096 praefer·

126 1108 190 1174 tur)
215 1098 320 1159 haberi
344 1098 505 1159 volumus:
529 1097 755 1181 mandantesb)
778 1101 812 1159 in
836 1100 1051 1167 virtutezsanc·

125 1191 175 1242 tae
198 1179 412 1260 obedientiae,
443 1188 475 1243 et
496 1181 551 1248 sub
574 1183 684 1262 poenis
714 1181 882 1262 praedictis
916 1201 958 1244 eo
987 1184 1050 1264 ipsc

124 1263 333 1341 incurrendis,
369 1264 509 1325 omnibus
544 1272 575 1326 et
601 1265 733 1346 singulis
765 1267 929 1345 utriusque
963 1282 1052 1327 saxna

125 1346 379 1411 christifidelibus
408 1349 546 1428 superius
584 1350 763 1426 nominatis,
805 1367 845 1410 ne
878 1347 1052 1413 huiuamodi

123 1432 247 1511 scripta,
268 1430 402 1509 libellos,
422 1430 669 1510 praedicationes
683 1451 738 1492 seu
751 1430 932 1510 schedulas,
955 1432 1053 1499 velim

125 1515 169 1575 eis
194 1520 339 1574 contenta
373 1514 522 1594 capitula,
555 1534 675 1576 errores
705 1521 759 1575 aut
784 1514 939 1578 articulos
966 1532 1053 1597 snpra

123 1597 224 1657 dictos
251 1598 442 1659 continentia
464 1597 638 1678 legem),
671 1616 824 1675 asserere,
863 1598 1054 1678 praedium,

125 1680 268 1758 laudare,
299 1681 492 1760 imprimere,
514 1681 673 1760 publicare
694 1682 760 1742 siva
781 1679 982 1758 defendere,
1002 1700 1053 1764 pec

125 1760 213 1840 sed),
236 1764 285 1823 vel
307 1762 411 1842 alium,
434 1783 487 1824 seu
511 1763 599 1841 alios,
622 1763 738 1825 directe
758 1764 810 1824 vel
825 1763 995 1839 indirecte,
1014 1772 1053 1827 tce

124 1848 184 1908 cite
207 1847 257 1907 vel
280 1866 441 1927 expresse,
475 1846 599 1928 publice
625 1847 676 1908 vel
699 1847 836 1925 occulte,
872 1850 984 1910 autin
1005 1847 1055 1915 dor

126 1929 264 2006 mibus0)
291 1930 369 2006 suis,
398 1931 465 1991 sive
486 1929 568 2007 aliis,
600 1930 730 2011 publicis
752 1930 801 1991 vel
824 1931 960 2010 privatis
983 1931 1053 1999 lolia.

124 2021 231 2074 tenere
252 2031 377 2092 quoquo
402 2013 493 2074 modo
516 2019 730 2093 praesumant,
757 2013 898 2092 quinimo
921 2014 981 2077 illa
1000 2020 1050 2077 sta·

124 2098 177 2157 tim
200 2106 272 2177 post
306 2095 411 2155 harum
435 2095 690 2176 publicationem,
725 2097 903 2176 ubicunque
937 2097 1049 2173 luerint

126 2199 180 2260 per
207 2179 377 2239 ordinarios
410 2187 441 2240 et
461 2178 539 2240 alios
559 2178 751 2259 supradictos
773 2179 945 2260 diligenter
968 2199 1049 2261 quac

124 2261 182 2323 sila
205 2262 336 2342 publice,
359 2270 391 2322 et
412 2263 581 2337 solenniter
603 2264 633 2323 in
656 2263 832 2342 praesentia
855 2264 935 2325 cleri
958 2272 1048 2345 etpo

125 2346 203 2426 puli,
241 2346 296 2405 sub
332 2345 473 2406 omnibus
509 2353 539 2406 et
567 2346 695 2426 singulis
728 2345 915 2426 supradictis
949 2348 1047 2428 poeuis

124 2426 354 2499 comburants).

165 2525 202 2582 a)
227 2510 361 2572 Attende
385 2511 566 2591 emphasim.

164 2596 203 2671 b)
228 2595 297 2656 Non
321 2595 451 2659 obtines.
494 2594 556 2654 Iam
592 2595 672 2655 euim
710 2594 801 2656 altius
838 2594 966 2657 radices
987 2614 1046 2676 ege

164 2688 243 2753 runt,
267 2698 358 2757 quam
381 2686 413 2738 ut
434 2676 526 2738 avelli
550 2676 605 2738 aba
628 2684 658 2738 te
679 2680 862 2739 sustineant.

163 2772 201 2843 c)
226 2760 361 2821 Attende
384 2763 505 2841 copiam
528 2762 688 2821 sermonis.

165 2844 202 2922 d)
230 2843 327 2918 Quam
352 2842 455 2905 diserti
479 2851 549 2904 sunt
571 2844 702 2904 Romani
716 2844 876 2925 Copiistae
890 2844 1042 2906 Bullarnrn

165 2926 361 2989 conflatores.

164 3015 200 3086 e)
226 3009 308 3070 Nihil
330 3011 489 3090 praeterit,
519 3015 611 3089 atque
633 3008 712 3069 adeo
735 3008 785 3069 ubi
808 3015 857 3068 est
879 3029 947 3070 una
966 3010 1045 3070 rimu·

166 3094 204 3163 la,
227 3092 362 3153 nondum
387 3093 533 3175 expleta?
566 3092 635 3153 Hoc
668 3091 791 3152 tandem
822 3098 871 3151 est
893 3099 1044 3154 oratorem

164 3195 233 3236 esse
256 3182 287 3236 et
309 3175 412 3237 literas
435 3175 528 3237 latine
550 3176 635 3254 loqui
657 3176 746 3236 scire.

163 3259 192 3333 f)
217 3259 375 3335 Vixerunt,
398 3266 498 3319 actum
522 3266 577 3321 est.

206 3341 295 3416 Quod
319 3361 393 3401 vero
405 3341 443 3402 ad
459 3343 558 3422 ipsum
570 3337 771 3417 Martinum⁴l
786 3341 909 3419 attinet,
933 3338 1043 3418 bono)

121 3424 215 3509 Deus,
238 3423 310 3503 quid
332 3425 610 3506 praetermisimus,
634 3422 706 3502 quid
729 3442 790 3483 non
812 3422 958 3502 fecimus,
979 3420 1043 3504 quid

193 3641 222 3697 lt
245 3641 272 3691 ln
294 3638 455 3693 antalam:
488 3641 607 3693 Lutheri.
645 3637 791 3705 2)1ned.
814 3635 944 3695 Midoen:
975 3654 1045 3709 repe·

119 3713 315 3836 ssddddddm.3)
347 3712 451 3765 Ibidem
484 3713 575 3765 deest:
609 3714 733 3763 omnino.
782 3711 812 3773 4)
831 3709 863 3762 lu
896 3713 943 3764 ad.
973 3710 1042 3766 Jen.:
