2346 4208
285 261 395 317 Tesssr.
415 259 527 320 (lonsolt
547 262 577 316 D.
594 261 785 321 ithumas·
938 261 979 328 85

56 449 224 511 formando
246 450 409 511 haesitanti
430 451 509 512 haee
529 452 647 515 soribit:
670 450 824 530 „Titulum
835 452 978 515 Tessera-

58 532 187 594 deoadis
216 553 304 595 meae
338 555 400 596 non
437 555 506 595 mea
543 536 635 597 refert
672 536 793 614 qualem
828 536 978 614 formaris,

59 616 155 678 modo
178 616 253 677 nihil
275 618 470 698 arrogantiae
499 621 614 700 sapiat,
644 637 711 678 oum
741 639 792 681 res
815 621 883 700 ipsa
907 619 979 680 mihi

59 700 201 760 videatur
223 700 404 761 viliusenla“
430 702 532 772 (Lutb.
547 703 624 783 hipp.
648 701 696 763 ed.
706 701 804 762 Auris.
816 702 839 778 1,
862 723 891 783 p.
906 705 976 768 219.

57 784 96 844 de
126 782 282 863 Wette'l,
320 803 350 864 p.
372 782 458 867 369).
501 785 559 846 Die
592 789 619 850 7.
655 786 978 849 mensisbeoembris

55 866 156 927 sidem
202 867 307 928 refert:
352 868 622 947 „Tesseradeoada
656 868 791 930 nondum
829 870 894 932 snio
939 888 977 928 an

55 950 157 1027 edam,
180 951 359 1029 praesertim
383 951 505 1029 Latine,
528 971 597 1012 oum
619 951 651 1011 id
673 971 770 1032 genus
793 953 978 1031 sumptionis,

55 1032 141 1112 quod
165 1031 318 1093 Christum
349 1035 443 1114 sapit,
478 1035 622 1115 sophistis
657 1037 696 1095 sit
730 1034 979 1096 odiosissimum“

58 1115 166 1197 (Lutb.
194 1115 273 1196 Epp.
304 1116 353 1178 ed.
389 1117 427 1178 de
449 1117 554 1179 Wette
576 1119 588 1179 l
612 1138 642 1199 p.
665 1120 762 1195 373),
793 1117 844 1178 die
875 1126 977 1179 autem
1050 1113 1053 1129 '

56 1200 106 1263 18.
137 1219 177 1260 m.
206 1200 282 1260 Deo.
311 1202 340 1260 ei
369 1202 508 1262 nuntiat:
545 1201 791 1279 „Tessatadeoes
820 1200 979 1261 excuditur

54 1289 185 1361 utraque
206 1282 331 1364 lingua“
363 1284 467 1358 (Lutb.
491 1284 570 1365 hipp.
602 1284 649 1348 ed.
677 1284 773 1345 Aurif.
796 1285 824 1361 1,
853 1304 882 1364 p.
906 1287 976 1348 223.

54 1365 95 1446 de
117 1364 222 1426 Wette
243 1365 266 1444 1,
297 1387 327 1447 p.
350 1368 440 1440 378).
484 1368 541 1428 Die
565 1370 593 1431 9.
623 1368 736 1428 mensis
760 1367 920 1429 Februarii
949 1387 977 1428 a.

55 1451 139 1514 1520
161 1446 322 1528 Spalatino
345 1450 423 1510 haeo
445 1450 563 1512 scribit:
592 1449 874 1531 „Tesseradeeadis
896 1450 975 1511 fron-

54 1531 127 1592 talis
150 1532 282 1611 epistola
304 1535 420 1594 omissa
442 1541 506 1612 est,
531 1553 643 1615 magna
664 1533 759 1595 libelli
782 1532 978 1594 deformitate

54 1621 87 1676 et
109 1633 180 1675 mea
200 1613 422 1696 indignatione.
465 1617 603 1677 Absente
641 1636 689 1676 me
717 1617 800 1695 prior
822 1617 977 1676 sexternis

54 1716 189 1759 excusus
223 1704 285 1758 est:
317 1700 482 1760 vernaoula
511 1698 691 1780 propediem
721 1717 844 1780 quoque
877 1693 977 1759 absolss

54 1788 152 1844 vetur.
196 1779 287 1842 Tardi
312 1801 381 1842 esse
404 1785 543 1863 cogimur
570 1790 633 1842 tum
657 1783 748 1861 oopia
770 1783 975 1862 negotiorum,

54 1871 119 1925 tum
151 1865 258 1943 inopia
291 1869 454 1946 typorum“
496 1865 600 1941 (Lutb.
635 1865 713 1945 upp.
756 1863 802 1926 ed.
838 1863 932 1926 Aurif.
955 1864 978 1942 1,

53 1967 85 2028 p.
108 1946 193 2011 2401»
217 1945 255 2006 de
279 1946 384 2008 Wette
398 1951 417 2022 Ι,
439 1970 468 2029 p.
481 1951 573 2024 407),
597 1947 646 2008 die
667 1947 800 2026 denique
824 1951 871 2010 11.
895 1943 977 2006 menl

53 2031 97 2091 sis
125 2029 280 2091 Februarii
314 2030 474 2110 spalatino
511 2033 602 2092 mittit
622 2029 874 2091 Tessasadeoada
901 2030 979 2090 haee

53 2112 191 2174 addens:
215 2112 318 2192 „ane
341 2114 592 2175 Tesseradeeada
615 2122 716 2188 tuam,
744 2115 807 2175 imo
830 2114 978 2191 nostram,

54 2197 97 2255 mi
117 2194 308 2274 Spalatine.“
361 2197 464 2269 (Lutb.
487 2198 566 2279 Epp.
596 2198 643 2258 ed.
667 2197 761 2260 Auris.
785 2199 812 2275 1,
837 2217 866 2276 p.
890 2196 976 2259 244¹).

55 2279 96 2349 de
118 2277 224 2338 Wette
245 2278 270 2355 Ι,
292 2300 322 2360 p.
341 2281 432 2358 408).

139 2378 460 2440 HaeoTessaradeoas
475 2381 693 2459 consolatoria,
716 2400 807 2460 quum
831 2379 978 2439 maximo-

54 2482 131 2544 pere
167 2462 307 2523 omnibus
339 2462 402 2522 fere
425 2461 464 2522 ad
495 2484 603 2540 unum,
636 2464 728 2523 etiam
752 2463 817 2538 his,
851 2463 901 2539 qui
923 2461 978 2521 Lu-

55 2545 135 2606 theri
159 2543 318 2605 doctrinae
341 2546 483 2606 omnibus
508 2545 606 2605 modis
623 2545 880 2623 adversabantur,
911 2564 978 2624 pro-

56 2629 181 2690 baretur
225 2627 280 2702 (el.
326 2627 537 2689 Seeksndorfii
580 2629 657 2688 Hist.
691 2625 850 2688 Luther.l
889 2633 915 2699 §.
940 2630 978 2690 63

55 2733 87 2792 p.
111 2712 168 2788 93,
200 2710 334 2771 Walohii
357 2711 470 2771 lntrod.
494 2713 524 2771 in
547 2711 627 2791 Opp.
643 2711 731 2771 Lutb.
747 2709 823 2771 Τ.Χ
846 2730 873 2788 p.
889 2713 978 2787 ΙΙΙ),

56 2795 181 2874 saepius
204 2801 253 2853 est
272 2795 354 2874 typis
378 2814 502 2871 excusa,
526 2794 556 2854 id
580 2793 770 2873 quodetiam
794 2793 891 2852 exiis
915 2812 978 2850 eer-

56 2896 132 2938 nere
160 2876 249 2954 lioet,
277 2877 385 2955 quibus
414 2877 562 2937 Lutherus
599 2877 705 2938 dolere
749 2896 782 2935 se
825 2874 979 2953 indicavit,

56 2958 141 3039 quod
163 2959 213 3019 hie
235 2958 320 3036 liber,
336 2980 427 3038 quum
443 2962 533 3021 toties
547 2959 754 3037 recuderetur,
766 2957 857 3018 valde
871 2957 976 3037 depra-

55 3045 147 3104 vatus
171 3050 201 3102 et
224 3043 378 3103 mutilatus
403 3051 485 3105 esset
503 3044 557 3115 (of.
581 3044 658 3103 infra
678 3041 743 3103 sub.
767 3041 818 3103 fin.
842 3040 872 3101 h.
895 3041 978 3114 lib).

143 3161 378 3220 Vetustissimae
400 3160 488 3219 buius
512 3160 579 3220 libri
603 3161 755 3220 editiones
781 3164 864 3218 sunt:

100 3265 138 3334 a)
163 3259 294 3319 latinae:

141 3359 368 3419 Tesseradeoas
392 3359 609 3419 Consolatoria
637 3377 693 3438 pro
716 3357 926 3419 laborantibus
949 3364 980 3416 et

143 3444 279 3502 oneratis
302 3443 339 3500 M.
363 3441 485 3501 Lutheri
514 3443 593 3523 Aug.
617 3441 871 3521 Vuittenbergen.
917 3439 980 3510 (Ti-

144 3525 198 3585 tuli
220 3527 343 3606 pagina,
367 3526 452 3584 ouius
466 3526 618 3606 margines
637 3526 731 3604 signis
749 3522 980 3604 typographicis

144 3627 207 3668 non
230 3614 302 3667 sunt
315 3609 423 3685 ornati,
449 3627 507 3668 neo
519 3609 621 3668 laeum
634 3626 693 3667 neo
705 3626 818 3667 annum
834 3606 979 3680 indicat).

100 3742 103 3746 Α
143 3691 177 3751 ln
199 3690 277 3752 fine:
307 3693 490 3770 Impressum
525 3689 748 3770 Vuittenbergii
780 3705 845 3769 per
866 3689 979 3749 loban-

143 3793 214 3838 nem
237 3772 471 3854 Grunenbergk.
514 3773 606 3836 Anno
628 3773 667 3837 M.
692 3774 729 3836 D.
751 3770 820 3837 XX.
847 3772 981 3852 (Panuer
