2346 4208
380 109 488 182 lipsiae
505 113 535 165 in
552 126 614 166 arce
632 109 753 168 habitus.
965 107 1028 177 223

125 313 360 437 permaneamus,
406 295 448 355 uti
481 295 638 377 Propheta
667 298 699 356 in
730 294 812 357 Paal.
833 297 884 360 42.
918 296 1026 376 inquit.

146 378 267 439 'uomodi
299 379 379 439 sitim
407 376 447 437 ad
471 378 569 439 Deum
602 385 633 440 et
659 377 699 439 ad
720 380 865 439 iustitiam
888 381 1026 458 perveni-

124 460 179 536 endi
199 463 297 542 gratia
319 461 435 540 incipit,
457 471 488 520 et
509 461 549 521 ad
572 470 701 522 mortem
715 482 810 541 usque
827 462 922 524 durat
947 462 1027 538 Qua

124 552 231 624 propter
265 547 352 606 iuxta
384 546 475 603 etiam
506 543 679 624 desperatio
712 547 759 605 sui
792 546 888 625 ipsius
916 544 1043 614 durare

125 626 207 706 debet,
230 635 262 690 et
284 630 331 688 sui
352 626 430 687 falsa
452 626 565 688 fiducia
587 626 767 692 omittenda.

178 793 316 854 Altera
338 813 427 873 pars
448 793 493 853 de
515 800 718 874 potestate
740 793 820 853 divi
844 794 955 858 Petri.

188 959 335 1039 imperito
359 959 452 1040 vulgo
477 959 551 1018 nihil
573 978 652 1038 opus
675 965 737 1034 est,
760 959 857 1019 multa
881 959 920 1021 de
942 966 1027 1039 pote-
1132 1008 1134 1023 .

120 1047 184 1103 state
217 1041 281 1102 divi
314 1041 396 1102 Petri
424 1048 477 1102 aut
503 1042 606 1122 Papae
635 1042 799 1122 disputare.
843 1041 876 1101 ln
899 1061 937 1102 eo
959 1043 1028 1121 plus

120 1125 195 1183 situm
219 1132 277 1203 est,
301 1133 334 1186 ut
355 1127 477 1203 sciatur,
500 1125 656 1204 quomodo
682 1145 719 1185 ea
737 1125 865 1188 feliciter
881 1125 1028 1187 utendum

120 1208 157 1269 sit.
199 1207 315 1268 Verum
344 1214 406 1287 est,
438 1208 542 1271 claves
576 1208 647 1269 divo
670 1208 761 1268 Petro
795 1227 864 1267 esse
891 1207 1028 1286 traditas,

120 1289 162 1350 sed
184 1309 247 1351 nou
270 1292 330 1370 ipsi
353 1299 386 1363 nt
407 1310 481 1351 suae
503 1311 657 1371 personae
679 1292 734 1351 scd
756 1293 786 1350 in
799 1310 932 1370 persona
945 1291 1028 1351 Chri-

121 1375 227 1433 stianae
256 1373 426 1451 ecclesiae,
463 1374 605 1452 adeoque
638 1373 712 1434 mihi
745 1381 777 1434 et
814 1373 869 1434 tibi
897 1374 1028 1435 traditae

78 1494 80 1501 ›
121 1463 178 1517 aunt
212 1458 244 1517 in
280 1457 526 1518 consolationem
558 1457 815 1517 conscientiarum
846 1464 1027 1518 nostrarum.

121 1537 323 1600 DivusPetrus
346 1548 377 1600 et
398 1541 497 1618 quivis
519 1540 665 1600 sacerdos
688 1540 826 1600 minister
847 1542 946 1601 estin
968 1541 1028 1602 cla·

123 1622 189 1681 vium
212 1621 327 1683 officio.
370 1621 513 1683 Ecclesia
541 1622 667 1682 domina
696 1630 728 1682 et
748 1642 863 1702 sponsa
886 1631 948 1702 est,
980 1625 1030 1686 cui

122 1707 221 1765 sarire
245 1705 338 1768 debet
359 1713 513 1785 potestate
536 1706 682 1784 clavium,
705 1707 748 1765 uti
770 1706 949 1785 quotidiano
972 1726 1030 1769 usu

124 1776 324 1869 observamus,
361 1788 442 1867 quod
467 1798 659 1849 sacramenta
683 1788 834 1867 omnibus,
868 1791 918 1868 qui
947 1808 1029 1851 aaa

124 1871 458 1952 sacerdotibuspetunt,
482 1874 684 1952 porriguntur.

191 1955 285 2015 Porro
311 1962 343 2015 ut
363 1957 569 2035 percipiatur,
593 1955 749 2034 quomodo
773 1955 910 2015 clavibus
932 1956 1025 2021 felici·

128 2041 160 2095 ter
177 2037 322 2098 utendum
346 2040 394 2116 sit,
417 2037 610 2117 supradixi,
648 2058 715 2098 cum
739 2058 842 2100 coram
866 2040 932 2100 Deo
954 2041 1024 2100 iusti

129 2134 167 2177 seu
186 2122 303 2201 accepti
335 2140 403 2181 esse
427 2123 588 2200 cupimus,
626 2129 655 2181 ct
685 2130 809 2182 nostrae
829 2121 1024 2201 possibilitati

129 2206 249 2263 nuncium
272 2204 474 2281 remittendo,
506 2207 623 2284 gratiae
646 2224 776 2284 capaces
799 2207 859 2264 iam
883 2207 954 2265 lacti
978 2227 1024 2266 su-

131 2301 186 2344 nus.
227 2289 339 2347 Postea
367 2290 395 2346 in
431 2295 607 2347 astantum
635 2290 764 2349 rescita
788 2296 848 2363 est,
885 2291 926 2348 uti
949 2290 1023 2351 scia-

131 2383 194 2448 mus,
219 2391 257 2430 an
287 2372 385 2451 gratia
409 2372 464 2431 Dei
488 2371 615 2430 obtenta
636 2373 690 2447 sit,
714 2373 762 2431 vel
786 2391 883 2433 secus.
928 2373 1024 2453 Siqui-

132 2446 181 2510 dem
200 2455 276 2515 scire
300 2461 436 2533 oportet,
466 2453 622 2532 quomodo
654 2474 721 2514 cum
745 2456 811 2515 Deo
841 2454 929 2514 nobis
952 2476 1023 2516 con-

132 2537 220 2614 veniat,
242 2539 268 2596 si
291 2538 385 2597 modo
408 2539 628 2597 conscientiam
648 2539 811 2597 exhilarari
834 2546 865 2597 et
885 2539 1024 2599 roborari

132 2616 257 2679 volumus.
301 2621 445 2698 Etenim,
470 2622 583 2698 siquis
608 2621 741 2698 dubitet,
770 2640 827 2680 uec
851 2628 934 2681 certo
956 2642 1021 2702 per·

132 2713 214 2761 suasus
237 2705 293 2778 sit,
317 2724 350 2763 se
373 2705 536 2783 propitium
562 2705 658 2762 ileum
682 2704 809 2782 habere,
842 2702 928 2764 certe
953 2725 1021 2767 eum

133 2796 176 2840 non
208 2786 308 2846 habet.
352 2786 436 2846 Sicut
469 2787 584 2863 credit,
619 2789 661 2845 ita
694 2796 724 2846 et
746 2788 844 2847 habet,
891 2788 1028 2848 Proinde*

132 2879 199 2927 nemo
228 2872 306 2929 scire
340 2877 457 2949 potest,
496 2870 575 2948 quod
599 2872 628 2928 in
652 2872 752 2949 gratia
787 2873 826 2930 sit
860 2878 891 2931 et
924 2872 1021 2936 Deum

130 2953 268 3027 propitium
293 2952 421 3031 habeat,
455 2955 512 3012 nisi
546 2974 601 3031 per
634 2954 735 3013 iidem.
780 2954 811 3014 si
836 2954 932 3013 credit
953 2956 1021 3035 hoc,

131 3030 209 3093 salvus
231 3043 296 3111 est,
321 3037 346 3095 si
369 3056 430 3096 nou
455 3038 570 3114 credit,
594 3038 817 3096 corrdemnalus
840 3044 895 3098 est.
939 3038 1022 3098 Talis

132 3115 191 3174 euim
211 3118 321 3178 fiducia
358 3123 389 3179 et
423 3120 505 3179 bona
529 3122 719 3180 conscientia
746 3140 818 3180 vera
841 3129 871 3180 et
894 3121 1022 3200 probata

132 3192 187 3255 fides
207 3210 260 3279 est,
283 3223 362 3281 quae
385 3202 441 3262 Dei
463 3204 591 3282 gratiam
615 3204 703 3263 nobis
728 3204 834 3264 adl'ert.

194 3284 281 3359 Vide,
311 3286 371 3344 huc
393 3286 446 3345 tibi
469 3287 572 3346 claves
595 3287 797 3364 ancillantur,
832 3286 869 3346 ad
893 3288 953 3347 hoc
976 3308 1022 3348 aa·

134 3365 245 3428 cerdotes
279 3371 408 3428 instituti
438 3378 517 3431 suut.
563 3370 637 3428 Cum
667 3371 760 3429 sentis
791 3377 949 3429 cortuum
973 3393 1022 3432 va·

134 3443 212 3536 cillere
233 3462 283 3512 aut
304 3452 460 3531 dubitare,
495 3473 528 3512 se
559 3471 620 3512 non
650 3473 719 3512 esse
743 3454 773 3511 in
795 3456 894 3532 gratia
916 3473 1018 3515 coram

135 3522 216 3592 divinis
237 3537 350 3608 oculis,
374 3544 436 3594 tum
461 3556 593 3616 peropus
617 3546 663 3597 est
686 3537 748 3612 tibi,
772 3544 804 3595 ut
826 3537 1018 3598 sacerdotem

136 3617 250 3698 accedas,
284 3629 314 3680 et
343 3619 568 3680 absolutionem
600 3621 781 3681 delictorum
815 3627 937 3680 tucrum
967 3642 1020 3702 pe-
