2346 4208
120 258 183 327 176
342 261 497 331 Disputatio
516 262 624 332 Lipsiae
639 263 733 317 habita
752 279 778 316 a.
797 260 858 317 x1x

119 465 216 527 saepe
236 446 359 507 invenio
380 455 541 526 peccatum
560 465 617 527 pro
627 465 730 527 poena
740 448 851 528 accipi,
872 447 932 510 nisi
946 448 1042 529 -iorte,

120 529 172 590 ubi
195 528 234 591 de
256 528 377 589 Christo
400 530 540 591 scribitur
562 529 617 611 *):
656 529 746 604 Quod
781 534 913 610 peccato
935 538 1041 595 nostra

119 613 186 693 ipse
207 613 356 692 portavit,
379 613 461 695 quod
484 620 586 674 tamen
610 622 642 674 et
662 614 762 693 ipsum
785 632 849 674 non
872 616 975 676 ausim
997 614 1044 677 di·

120 713 191 757 cere
216 695 396 776 simpliciter
424 716 482 776 pro
510 714 614 775 poena
642 697 749 776 accipi.
792 695 854 757 Sed
886 697 967 759 haec
994 717 1041 760 ex·

122 784 242 841 tranea.
941 824 946 833 .

200 859 540 938 confutaturus‘illud,
570 859 653 940 quod
686 862 792 922 venias
815 861 878 923 dixi
907 882 981 925 esso
1000 865 1040 925 vi·

119 945 193 1004 tium
216 944 336 1024 operis,
371 943 445 1004 dicit
470 962 540 1005 esse
568 943 854 1007 subordinationem
882 943 992 1008 linium
1011 947 1039 1008 iu

120 1027 284 1107 operibus,
311 1025 383 1087 ideo
406 1028 432 1086 si
454 1029 564 1088 veniae
580 1027 752 1088 reserantur
780 1030 811 1088 iu
833 1029 954 1108 Deum,
982 1048 1039 1091 nou

120 1111 226 1171 vitiant
256 1129 341 1189 opus.
384 1108 592 1191 Respondeo:
627 1111 672 1170 Da
700 1111 877 1190 exemplum
914 1111 1038 1175 demon·

119 1192 245 1253 straudi.
273 1192 344 1252 Dixi
366 1194 448 1253 enim
471 1192 564 1254 hodie
577 1212 662 1254 raros
684 1193 825 1272 inveniri,
847 1195 900 1275 qui
923 1202 1038 1257 tanturn

120 1275 229 1336 darent
249 1277 343 1355 gratis
365 1285 398 1337 et
420 1286 545 1356 propter
567 1276 684 1355 Deum,
713 1284 860 1356 quantum
888 1278 966 1339 dant
987 1294 1047 1362 prc-

120 1358 335 1438 indulgentiis,
357 1378 396 1419 ex
417 1358 564 1422 fructibus
587 1379 662 1440 ergo
682 1362 879 1440 cognoscetis
892 1380 962 1441 eos,
981 1362 1040 1424 imo

119 1444 145 1503 si
167 1441 294 1502 audiant
317 1441 424 1502 melius
448 1463 483 1502 se
505 1461 600 1522 possa
619 1443 743 1519 facere,
775 1462 867 1524 quam
889 1444 1043 1527 redimere

120 1525 336 1606 indulgentias,
359 1525 520 1605 probabile
544 1532 600 1604 est,
622 1524 723 1586 nullas
744 1527 1039 1609 esseredsmpmror

123 1609 338 1689 indulgentias.

202 1692 249 1751 De
280 1697 459 1770 contemptu
492 1690 752 1770 indulgentiarum
785 1688 872 1753 diolt‘.
906 1691 941 1753 si
977 1692 1043 1753 l'uls·

120 1794 185 1835 sem
230 1794 302 1835 usus
346 1773 407 1834 hoc
452 1773 678 1852 moderamine,
722 1774 865 1836 standum
906 1784 994 1837 esset
1013 1774 1040 1855 ¹)

120 1860 186 1919 eius
209 1856 422 1919 declarationi.
467 1857 580 1916 Verum
605 1857 740 1937 vulgaris
761 1876 863 1919 sermo
885 1857 981 1919 aliam
1002 1858 1041 1919 iu·

120 1941 202 2003 dicat
221 1941 307 2001 laicis
329 1939 575 2018 intelligentiam.
616 1939 820 2019 Respondent
846 1940 961 2003 Videat
981 1938 1042 2003 dili·

120 2026 243 2106 gentius
266 2023 397 2084 eundem
419 2041 590 2084 serrncnem
613 2024 756 2104 egregius
778 2024 816 2086 D.
839 2024 875 2087 D.
907 2030 941 2085 et
961 2024 1044 2086 inra-

121 2109 195 2187 uiet,
219 2126 268 2167 me
288 2106 443 2184 expressis
457 2105 556 2166 verbis
579 2107 704 2184 dixisse,
727 2125 789 2167 uon
811 2112 882 2167 es'se
904 2114 1041 2169 contem

122 2190 239 2255 neudas
260 2188 478 2268 indulgentias,
500 2189 554 2249 sed
571 2188 789 2268 relinquendas
803 2189 927 2270 liberas,
949 2190 1042 2253 nemi·

121 2294 192 2335 nem
216 2292 285 2334 esse
307 2270 563 2349 absterrendum,
585 2276 664 2333 sicut
685 2275 839 2333 neminem
863 2273 1043 2353 urgendum,

121 2376 191 2418 esse
220 2354 365 2416 videlicet
394 2356 551 2435 pigrorum
580 2356 703 2417 solatia.
747 2354 851 2431 Quare
879 2358 948 2417 sine
978 2374 1042 2417 mea

123 2440 215 2520 culpa
236 2439 317 2499 hane
342 2437 582 2511 declarationem
611 2446 643 2501 et
664 2440 739 2501 satis
761 2439 955 2523 moderatam
977 2458 1041 2501 seu·
1075 2460 1080 2469 ·

128 2524 254 2585 tentiam
277 2542 339 2583 non
361 2520 545 2601 intelligunt.
697 2521 705 2535 ”

206 2606 344 2667 Transeo
366 2603 441 2666 illud
462 2603 660 2684 deGersone,
684 2604 735 2665 ubi
756 2603 849 2666 dicit:
868 2604 963 2667 Aliud
977 2622 1041 2669 csse

125 2689 303 2751 satisfacere
325 2689 356 2749 iu
377 2690 528 2768 peccatis,
561 2698 592 2749 et
612 2688 763 2749 redimere
783 2688 995 2769 indulgentias
1014 2688 1041 2749 in

123 2774 274 2853 peccatis:
297 2773 370 2854 quia
391 2773 421 2831 in
444 2772 480 2832 iis
503 2772 606 2833 obstat
617 2772 715 2833 forma
727 2772 949 2852 concessionis,
966 2788 1042 2853 quac

126 2858 226 2918 solum
251 2851 400 2917 confessis
429 2865 459 2915 et
486 2856 624 2916 contritis
653 2856 800 2934 permittit
826 2854 1042 2936 indulgentias,

124 2940 189 3000 illic
209 2958 283 3000 vero
315 2946 347 3000 et
367 2940 435 3017 ipse
460 2938 619 3000 lohannes
642 2938 763 3001 Gerson
788 2956 893 2999 secum
922 2938 1040 3001 sentiat

123 3023 215 3085 Dico:
238 3019 454 3102 Relinquenda
477 3021 539 3083 hoc
560 3029 704 3102 tanquam
728 3029 816 3083 extra
838 3023 1038 3102 capacitatem

124 3106 300 3168 intellectus
324 3106 401 3183 mei,
435 3124 507 3165 vere
543 3107 624 3167 enim
646 3125 710 3166 non
741 3106 850 3184 capio,
883 3102 1038 3184 quomodo

123 3197 270 3271 peccator
281 3190 379 3270 possit
402 3189 580 3251 satisfacere
601 3191 632 3250 in
653 3190 789 3270 peccatis
811 3198 842 3250 et
863 3206 928 3249 nou
951 3186 1038 3251 etiarn

123 3275 223 3353 possit
243 3275 380 3353 recipere
392 3273 547 3334 licentiam
564 3294 627 3335 nou
649 3271 867 3350 satisfaciendi,
890 3291 961 3333 cum
974 3272 1036 3353 plu!

124 3357 264 3418 videatur
285 3358 398 3435 requiri
420 3356 459 3417 ad
481 3376 607 3438 operum
630 3358 867 3439 perfectionem,
889 3374 982 3436 quam
1002 3351 1034 3415 ad

125 3459 334 3502 omissionem.

160 3709 192 3777 1)
215 3710 244 3762 lu
264 3709 307 3762 ed.
330 3712 421 3779 origt
450 3717 500 3765 est.
561 3680 565 3689 Ι

161 3784 193 3846 a)
212 3781 286 3836 Esai.
306 3780 351 3836 53.
