2346 4208
209 241 273 308 334
575 243 778 313 Disputationes

211 432 417 512 tenbcrgensi.
460 431 543 511 Lege
563 430 675 492 Lector
702 440 734 492 et
755 429 918 511 afficieris,
947 448 1039 495 versa
1057 429 1128 492 facie

209 516 385 595 catalogum
407 514 568 574 invenies“
965 574 968 579 .

209 606 270 659 tres
303 598 496 678 reperiuntur
530 596 775 675 disputationes,
804 614 905 676 quae,
949 614 1129 676 quamquam

208 700 228 741 a
240 680 372 741 Luthero
382 680 561 760 propositae
575 679 789 759 insigniuntur,
812 687 917 740 tamen
932 679 967 741 in
988 682 1129 760 posterla

208 764 291 825 ribus
314 763 555 843 disputationum
586 767 617 822 et
638 781 767 842 operum
789 761 919 827 Lutheri
944 762 1129 825 collectioni-

208 845 264 907 bus
287 865 350 908 non
374 845 553 906 redduntur.
596 845 661 905 Nos
685 864 738 906 eas
764 847 796 906 in
827 845 972 926 margine
1000 846 1053 917 bio
1070 845 1130 911 red·

209 928 326 1007 dimus,
354 930 420 989 sivo
441 934 512 988 sunt
532 947 552 987 a
572 927 705 990 Lutlrcro
735 929 804 1009 ipso
826 927 991 1008 proiectae
1010 928 1079 989 sive
1097 927 1130 989 ab

206 1011 286 1075 aliis.
593 1039 602 1052 =

290 1094 401 1169 Prima,
416 1111 507 1172 quam
519 1093 667 1155 Riederer
678 1095 709 1154 in
724 1094 819 1156 libro:
837 1092 1072 1173 „llacbriobten
1084 1113 1131 1154 aur

207 1175 539 1237 Kircheu·Gelehrten·
568 1177 629 1236 und
652 1176 986 1239 Bentian-Gesahichte.
1013 1176 1134 1239 Altdorf

209 1261 298 1324 1768.
322 1259 411 1321 Tom.
437 1259 474 1318 lV
498 1279 528 1339 p.
552 1261 613 1324 {ab
643 1259 900 1321 aGarolostadio
923 1260 1130 1340 compositam

208 1361 277 1402 osse
300 1343 481 1423 suspicatur,
502 1342 639 1403 redditur
660 1342 702 1420 ibi
723 1364 754 1424 p.
776 1344 880 1408 a-lo
901 1342 952 1405 his
975 1341 1094 1405 vorbis:

288 1425 448 1485 Tredeoirn
472 1425 689 1486 conclusiones
722 1426 760 1486 de
782 1426 894 1486 Christi
916 1426 1130 1487 incarnatione
1148 1493 1152 1501 ,

206 1515 238 1570 et
259 1508 385 1569 humani
407 1510 529 1588 generis
551 1511 757 1588 reparatione.
778 1510 816 1570 l).
838 1509 879 1569 lli.
901 1508 936 1570 L

289 1591 454 1653 Conclusio
479 1595 506 1654 1.
530 1591 712 1671 Unigenitus
740 1592 789 1652 dei
810 1591 891 1651 filius
913 1591 1130 1672 incorporalis,

204 1674 480 1753 incommutabilis,
508 1675 630 1736 sibimet
651 1674 942 1752 consubstantialis,
967 1682 1001 1735 et
1019 1681 1129 1737 natira

203 1760 282 1838 patri
303 1765 336 1820 et
357 1759 475 1839 spiritui
504 1764 614 1819 sancto
638 1765 838 1836 coaeternus,
869 1759 898 1819 2.
923 1757 1127 1821 Calamitateo

202 1848 324 1902 nostras
346 1861 525 1918 assumens,
556 1841 653 1902 factus
684 1850 731 1902 est
757 1860 813 1923 pro
844 1840 936 1902 nobis
956 1848 1128 1921 peccatura,

202 1932 236 1984 ut
258 1924 297 1986 de
318 1931 447 2005 peccato
477 1924 700 1986 condemnaret
720 1931 890 2006 peecatum.
926 1923 985 2005 (2.)
1010 1924 1053 1985 lut
1074 1944 1127 1986 noa

204 2007 305 2069 effecti
327 2009 458 2087 iustitia,
480 2026 541 2069 non
566 2028 605 2068 ox
627 2008 697 2089 lege
717 2011 886 2089 imperata,
909 2009 985 2085 quia
1007 2027 1048 2068 ex
1071 2007 1127 2071 deo

203 2111 266 2152 non
289 2097 345 2171 est,
370 2091 423 2151 sed
450 2091 509 2166 dei,
530 2110 609 2170 quae
630 2112 686 2173 per
707 2091 889 2154 beneficium
911 2089 965 2151 dei
987 2089 1080 2153 datur
1099 2100 1129 2152 et

202 2181 441 2235 consummatur.
485 2174 526 2234 Ut
548 2194 610 2234 non
634 2177 695 2236 sint
707 2175 852 2236 terribilia
873 2179 905 2233 et
926 2174 1047 2253 gravia,
1071 2173 1121 2235 ssd

200 2259 307 2317 suavia
329 2263 361 2317 et
382 2256 463 2317 levia
486 2266 663 2338 praecepta.
684 2262 714 2323 3.
736 2257 844 2318 Itidem
869 2257 970 2317 faetus
994 2263 1044 2318 est
1066 2276 1124 2318 ma-

202 2340 314 2400 dictum
338 2360 393 2418 pro
417 2339 604 2420 maledictis,
634 2343 756 2402 tametsi
777 2343 844 2421 ipse
865 2340 1069 2401 aeternaliter
1089 2341 1127 2401 sit

202 2423 392 2484 benedictus.
434 2422 500 2483 Nec
512 2443 570 2484 nos
589 2431 682 2484 antea
693 2424 832 2485 salvandi
843 2430 896 2483 aut
907 2422 1123 2500 benedicendi,

202 2524 293 2585 quam
316 2506 452 2566 damnati
475 2513 506 2567 et
527 2506 691 2570 maledicti.
719 2511 748 2571 4.
770 2506 871 2569 Tanta
893 2511 940 2565 est
964 2526 1041 2586 erga
1063 2526 1124 2567 om·

200 2609 256 2650 nes
279 2589 419 2650 homines
433 2589 482 2651 dei
498 2589 630 2668 bonitas,
654 2598 687 2651 ut
697 2599 803 2651 nostra
824 2589 983 2650 volitasse
1005 2591 1123 2666 merita,

200 2692 280 2752 quae
302 2680 373 2733 sunt
394 2674 488 2753 ipsius
511 2673 601 2734 dona.
645 2673 686 2734 Et
707 2694 762 2754 pro
785 2673 847 2753 his,
872 2691 953 2750 quae
977 2673 1047 2752 ipse
1068 2672 1122 2733 lar-

199 2757 279 2835 gitus
302 2763 365 2835 est,
400 2762 526 2817 aeterna
556 2759 693 2837 praemia
715 2759 755 2817 sit
776 2757 919 2832 daturus,
954 2775 1012 2816 sua
1040 2757 1119 2816 enim

199 2839 282 2900 dona
304 2847 433 2900 coronet
454 2839 538 2902 deus.
575 2845 604 2904 5.
627 2840 813 2900 Firmissime
835 2837 1037 2918 credendum,
1060 2838 1120 2899 nul-

198 2920 260 2981 lum
283 2922 440 2983 hominem
462 2929 656 3003 accepturum
680 2922 928 2984 benedictionem
951 2928 1120 2999 aeternam,

198 3023 287 3083 quem
313 3002 425 3087 (etiam
447 3006 603 3066 nolentem
634 3013 666 3066 et
687 3001 968 3085 contradicentem)
994 3024 1060 3066 non
1081 3004 1119 3065 fe·

197 3089 274 3148 serit
294 3088 370 3149 deus
398 3108 453 3149 vas
475 3089 705 3151 misericordiae
736 3089 875 3151 bonitate
898 3106 955 3147 oua
976 3088 1118 3168 gratuita.

196 3167 236 3230 nt
257 3178 330 3231 ante
352 3172 457 3232 mundi
479 3175 740 3246 constitutionem,
762 3174 793 3233 in
817 3171 1020 3251 adoptionem
1043 3170 1118 3230 iilic·

195 3273 261 3312 rum
284 3253 334 3315 dei
355 3253 600 3335 praedestinatus
633 3275 652 3314 a
672 3255 732 3317 de'o
768 3257 895 3334 eiusque
916 3254 1009 3315 fuerit
1029 3255 1118 3314 vesti

195 3336 247 3414 gia
275 3343 408 3399 secutus.
451 3343 479 3403 6.
508 3339 748 3400 Praedestinatis
788 3336 942 3418 quoddam
981 3338 1116 3397 divinum

195 3437 305 3480 munus
335 3427 368 3481 et
387 3421 531 3482 audiendi
559 3430 590 3482 et
618 3421 826 3504 intelligendi,
860 3439 921 3500 quo
960 3420 1002 3480 ad
1024 3419 1115 3480 fldem

194 3509 386 3583 moveantur,
407 3503 505 3565 datur.
547 3504 699 3586 Reprobis
722 3512 824 3566 autem
847 3523 909 3564 uon
923 3502 1115 3580 adhibentur,

192 3603 248 3664 per
270 3604 349 3664 quae
376 3586 501 3648 credere
529 3595 677 3668 possent,
708 3588 858 3651 obdurata
892 3587 973 3646 enim
1010 3605 1114 3647 eorum

194 3671 289 3733 eorda
309 3671 527 3749 relinquuntur.
550 3677 579 3737 7.
601 3673 751 3733 Iustorum
774 3671 836 3749 alii,
859 3669 930 3730 dum
953 3671 1115 3746 iustisnnt,

188 3771 232 3817 'ex
253 3754 343 3816 huius
367 3757 449 3816 vitae
470 3756 630 3838 periculis,
660 3775 700 3816 ne
722 3754 840 3835 malitia
861 3758 959 3814 mutet
979 3752 1115 3815 intellec
