2346 4208
120 249 184 315 35ss
432 250 590 320 Disputatio
607 249 642 304 1).
660 250 697 304 Ι.
714 251 744 303 L.

162 439 212 499 65.
235 434 305 495 Nou
318 433 443 496 libertas
464 436 530 495 aius
550 435 675 495 illorum
694 435 878 515 baptisimi,
899 433 953 495 sed
973 453 1034 514 sap

122 521 224 580 tivitas
246 517 368 578 illorum
386 518 474 578 huius
497 518 629 579 libertati
651 517 745 588 cedit.

165 603 215 666 66.
237 601 288 662 sie
310 601 391 662 velle
413 621 446 661 se
468 601 552 661 Deus
572 601 733 681 insiguiter
749 600 922 662 declararit
940 601 972 660 in
992 619 1038 660 vo

122 686 160 744 tis
181 685 369 764 paupertatis
393 692 424 744 et
445 683 650 746 obedieutiae.

164 770 212 830 67.
236 767 382 827 baustum
405 767 614 827 Bernhardum
646 767 729 826 euim
759 773 792 826 et
824 766 907 827 alios
933 766 1041 828 multos

123 869 185 909 nou
208 849 309 909 solum
326 851 357 908 iu
379 851 601 928 praefecturam
623 849 753 909 aliorum
776 849 930 909 exaltavit
944 849 984 924 ¹).

165 933 215 995 68.
238 932 300 992 Sed
322 940 354 992 et
374 932 540 994 illustribus
562 932 718 992 miraculis
738 934 770 992 iu
783 931 896 992 eadem
916 931 1043 993 illustra·

124 1017 168 1074 vit
189 1022 220 1074 et
241 1013 434 1094 glorifieavit.

165 1099 214 1159 69.
237 1097 307 1157 Nou
329 1099 430 1157 miuus
458 1106 560 1158 autem
589 1098 671 1158 valet
698 1099 892 1178 paupertatis
923 1103 956 1158 et
977 1098 1043 1159 obe-

122 1179 265 1256 dieutiae,
283 1198 374 1259 quam
397 1182 545 1240 eastitatis
568 1188 683 1241 votum.

164 1266 215 1327 70.
236 1261 277 1322 111
298 1263 382 1340 quod
412 1263 452 1323 de
480 1282 543 1324 uuo
571 1282 678 1325 eorum
700 1263 766 1324 lieri
797 1269 830 1324 et
851 1262 913 1323 diei
937 1269 1043 1344 potest

123 1345 163 1405 de
184 1345 313 1425 siugulis
335 1344 401 1406 fieri
423 1352 454 1406 et
473 1346 535 1407 diei
554 1346 655 1410 debet

165 1431 216 1490 71.
238 1428 435 1508 Impossibile
447 1438 551 1490 autem
572 1437 630 1508 est,
642 1430 868 1510 praeleoturam
890 1447 964 1489 eum
979 1448 1043 1508 pau·

39 1536 45 1552 ·
124 1516 243 1590 perlate
265 1520 297 1571 et
318 1511 495 1573 obedientia
515 1521 607 1574 stare.
1052 1561 1059 1571 .

164 1595 215 1658 72.
238 1593 315 1654 Cum
348 1595 419 1655 talis
451 1603 484 1656 et
522 1583 823 1674 mandetur'rebus‚
858 1600 891 1654 et
919 1594 1042 1655 aliorum

124 1675 303 1737 obedientia
324 1680 427 1758 potius
449 1678 597 1740 subdatur
617 1680 657 1740 ei.

167 1763 217 1824 73.
241 1758 343 1835 Quare
365 1761 561 1824 Bernhardus
593 1771 625 1823 et
656 1762 830 1842 quicunque
867 1760 956 1820 fuere
984 1759 1044 1819 aliis

127 1843 283 1923 praelecti,
306 1862 325 1903 a
346 1846 428 1904 votis
448 1844 510 1906 illis
532 1845 677 1906 (livinitus
698 1851 770 1904 sunt
789 1843 939 1904 absoluti.
1032 1864 1034 1869 ¹

166 1928 216 1990 71.
238 1925 279 1986 Et
301 1935 505 1988 monstratum
528 1928 702 2004 evidenter,
723 1945 785 1987 nou
809 1926 906 1986 fuisse
928 1925 982 1985 illa
1002 1943 1044 1985 so

122 2029 187 2069 ram
210 2010 278 2070 Deo
300 2019 458 2089 perpetua.

166 2097 217 2158 75.
239 2091 306 2153 Nee
327 2101 388 2170 est,
411 2094 495 2173 quod
525 2095 577 2154 bis
597 2091 758 2170 versute²l
789 2091 977 2153 cavillentur
1002 2109 1045 2151 ra-

125 2176 186 2234 rias
209 2183 409 2255 paupertates
432 2184 464 2237 et
485 2175 688 2240 obedientias.

167 2260 217 2320 76.
239 2258 378 2318 Evidens
401 2267 457 2339 est
480 2268 585 2322 votum
609 2260 799 2342 paupertatis
820 2258 983 2318 devovere
1001 2276 1045 2317 ex-

125 2348 245 2400 ternum
268 2362 355 2400 usum
378 2362 489 2404 rerum.

165 2428 215 2488 77.
232 2423 434 2503 Spiritualem
472 2428 554 2487 euim
590 2432 802 2507 paupertatem
846 2425 984 2485 universi
1019 2423 1045 2482 iu

89 2558 92 2562 .
124 2507 277 2587 baptismo
300 2510 450 2569 vovimus.

164 2593 215 2656 78.
237 2592 347 2671 Aeque
368 2592 496 2652 evidens
527 2598 591 2668 est,
629 2590 817 2673 praesertum
842 2591 1045 2649 monastioum

123 2683 284 2734 externum
308 2694 396 2736 usum
420 2695 521 2735 rerum
543 2675 667 2736 habers.

164 2757 333 2820 7111111110
367 2760 467 2818 miuus
502 2759 564 2819 hoe
588 2757 711 2827 illudet,
745 2754 829 2834 quod
859 2756 1046 2834 praelautum

123 2858 186 2899 uon
209 2858 273 2917 sua,
295 2840 352 2901 sed
374 2842 551 2902 eommunia
573 2860 679 2902 aurare
700 2842 823 2899 iactant.

163 2921 213 2986 80.
239 2922 307 2983 Hoo
328 2926 409 2984 euim
434 2924 550 2998 uihil³l
576 2925 676 2985 differt
696 2943 715 2982 a
736 2928 846 2982 senatu
872 2931 905 2981 et
929 2923 1047 3000 quibus

122 3003 197 3064 libet
218 3005 304 3066 laicis
330 3010 524 3071 oeoouomis.

162 3089 212 3151 81.
234 3088 371 3149 Evidsus
403 3092 497 3151 otiam
529 3090 629 3151 estid
651 3089 733 3165 voti,
756 3087 818 3146 tale
841 3087 947 3149 solum
971 3091 1049 3149 vitae

121 3190 219 3248 genus
241 3179 384 3252 statuere,
402 3175 493 3252 quale
516 3180 565 3234 est
585 3172 785 3233 subditorum.

163 3254 212 3316 82.
236 3255 361 3334 Alioqui
388 3258 476 3317 salvo
506 3264 582 3317 voto
605 3255 709 3315 libebit
731 3272 841 3314 omues
865 3273 941 3314 esse
965 3273 1050 3336 prae-

122 3336 219 3397 fectos
243 3338 404 3416 eiusmodi,
427 3339 530 3399 nullos
552 3339 719 3400 subiect-os.

162 3422 212 3483 83.
235 3421 299 3481 Aut
322 3441 396 3501 ergo
415 3421 519 3482 Sancti
541 3442 687 3502 praeesse
710 3439 772 3480 nou
795 3427 982 3499 potueruut,
1004 3427 1052 3482 aut

121 3510 226 3563 votum
250 3524 355 3564 eoruru
378 3505 506 3565 liberum
530 3491 568 3565 ef
582 3504 752 3586 temporale
773 3503 839 3565 fuit.

336 3647 410 3654 ....-⁴
447 3647 542 3654 ,αὴ

156 3703 185 3759 11
206 3702 236 3753 ln
256 3701 299 3754 ed.
321 3702 403 3754 tosa:
425 3701 550 3752 exalbuit.
598 3697 683 3764 2J1n
712 3695 755 3749 ed.
784 3697 857 3764 orig.
881 3698 973 3751 1521:
1000 3715 1053 3752 ver·

116 3780 214 3833 suriae.
251 3775 284 3843 3)
303 3771 339 3829 lu
357 3772 507 3828 61111668
525 3771 655 3825 ettooss:
675 3769 729 3821 hoe
748 3767 818 3821 nibil
842 3772 934 3822 enim.
