2346 4208
341 266 392 321 pro
412 251 614 313 Laborantibus
635 256 663 307 et
680 252 831 307 oneratis?
984 249 1046 316 131

127 458 266 509 cennius.
310 439 426 516 Quibus
449 438 493 518 fit,
516 443 549 502 ut
570 439 759 501 Christianus
780 441 821 502 sit
843 442 1049 520 omnipotens,

125 524 266 585 omnium
287 523 455 602 Dominus,
489 525 594 585 omnia
624 523 759 602 habens,
793 525 898 585 omnia
924 523 1049 603 faciens,

125 625 253 686 prorsus
283 607 350 668 sine
378 606 441 667 ullo
469 614 608 685 peccato.
650 606 741 680 Quod
764 607 791 667 si
813 610 905 667 etiam
926 607 958 666 in
979 625 1049 687 pec

125 691 202 751 catis
226 689 283 767 sit,
313 697 417 751 tamen
439 709 567 750 necesse
590 696 651 766 est,
681 697 797 751 utnon
820 696 968 768 noceant,
993 689 1047 750 sed

124 772 280 834 donentur
310 780 436 853 propter
464 772 702 853 insuperabilem
725 781 762 834 et
789 775 893 834 omnia
920 779 1050 852 peccata

127 855 361 917 exhaurientem
385 857 530 916 iustitiam
555 855 681 935 Christi,
709 858 740 917 in
763 874 824 935 qua
845 855 922 917 fides
943 862 1050 916 nostra

125 940 247 1017 nititur,
275 939 393 1003 fortiter
415 938 544 1001 credens
566 939 664 1001 talem
682 938 771 1002 nobis
794 959 862 1001 ease
885 939 1049 1016 Christum,
1127 968 1131 973 ·

123 1021 247 1102 qualem
279 1021 422 1083 diximus.
464 1022 544 1082 Nam
572 1024 623 1101 qui
650 1022 680 1083 id
709 1042 772 1083 non
801 1022 913 1100 credit,
941 1022 1049 1084 surdus

123 1104 261 1167 fabulam
283 1105 385 1183 audit,
407 1123 465 1166 nec
488 1105 640 1166 Christum
663 1107 813 1184 agnoscit,
835 1126 894 1167 nec
915 1105 955 1166 ad
977 1104 1049 1185 qnid

125 1189 235 1268 prosit,
257 1207 316 1248 neo
338 1190 405 1268 quis
429 1191 494 1248 eius
517 1208 589 1266 usus
612 1189 661 1265 sit,
682 1188 834 1269 intelligit.

209 1269 311 1346 Quare
340 1271 388 1333 vel
415 1270 475 1332 hoc
505 1291 596 1331 unum
628 1278 798 1352 spectrum,
829 1273 855 1332 si
883 1271 968 1331 nulla
990 1270 1051 1329 sint

124 1354 197 1429 alia,
220 1360 306 1415 tanta
321 1373 380 1414 nos
393 1360 497 1434 potest
515 1354 731 1416 consolatione
752 1355 899 1431 imbuere,
921 1354 947 1414 si
968 1352 1049 1414 bene

127 1445 159 1499 et
184 1436 277 1499 corde
298 1438 417 1498 intento
441 1444 606 1517 spectetur,
629 1445 746 1498 utnon
770 1438 863 1498 modo
887 1437 974 1497 malis
997 1454 1048 1496 no-

125 1521 196 1580 stris
227 1539 289 1580 non
319 1520 495 1598 doleamus,
527 1521 581 1580 sed
603 1522 693 1580 etiam
717 1520 884 1600 gloriemur
904 1519 1049 1581 intribu-

126 1603 292 1663 lationibus
322 1623 394 1683 prae
424 1603 555 1682 gaudio,
588 1604 669 1681 quod
691 1605 722 1663 iu
746 1603 867 1663 Christo
891 1601 1049 1680 habemus,

126 1687 179 1745 vix
202 1705 240 1746 ea
262 1688 439 1756 sentientes,
462 1705 522 1764 qua
543 1686 643 1766 gloria
665 1706 722 1747 nos
746 1686 863 1746 erudiat
880 1687 947 1765 ipse
965 1685 1049 1745 Chri-

126 1779 192 1829 stus
213 1769 362 1830 Dominus
384 1789 423 1830 ac
438 1770 522 1830 Deus
545 1777 659 1849 noster,
682 1771 712 1829 in
735 1769 839 1830 secula
861 1768 1049 1829 benedictus.

126 1854 238 1915 Amen.

539 1933 650 2009 Τέλος.

210 2017 265 2087 His
287 2016 419 2097 nugis1)
447 2018 538 2093 meis,
567 2018 771 2078 illustrissime
792 2015 954 2096 Princeps,
985 2013 1049 2079 offi-

127 2103 208 2162 cium
232 2101 445 2180 qualecunque
467 2102 655 2181 paupertatis
678 2120 766 2161 meae
786 2099 978 2177 testantibus,
1002 2118 1050 2158 me

125 2185 350 2244 illustrissimae
374 2185 585 2245 Domiuatioui
609 2192 679 2245 tuae
703 2183 903 2261 commendo,
934 2183 1050 2242 maiora

126 2266 279 2343 offerre²l
296 2268 516 2347 paratissimus,
539 2269 564 2327 si
587 2269 716 2328 facultas
740 2269 862 2348 spiritus
886 2267 946 2326 mei
969 2266 1050 2326 votis

125 2351 325 2431 responderit
358 2370 501 2428 unquam.
544 2351 652 2429 Neque
684 2353 764 2411 enim
795 2349 959 2429 aliquando
987 2368 1050 2410 non

127 2453 183 2495 ero
199 2433 329 2511 debitor,
355 2453 422 2493 cum
446 2435 541 2493 cuivis
563 2454 633 2494 meo
656 2436 809 2514 proxima,
833 2444 896 2494 tum
918 2433 1051 2493 maxime

126 2518 353 2577 illustrissimae
374 2517 584 2576 Domiuatioui
608 2527 687 2592 tuae,
710 2536 800 2595 quam
826 2516 914 2577 nobis
939 2523 970 2575 et
992 2515 1051 2576 cle·

127 2602 225 2660 ruenti
246 2599 386 2662 bonitate
410 2600 460 2659 diu
482 2607 583 2660 servet
605 2601 808 2675 incolumem,
831 2607 862 2659 et
882 2599 965 2659 felici
987 2605 1051 2660 ten-

126 2683 197 2744 dem
220 2681 281 2743 fine
304 2682 343 2742 ad
366 2704 399 2743 sc
422 2683 548 2744 reducat
564 2684 714 2743 Dominus
738 2688 843 2743 noster
859 2682 944 2742 lesus
968 2681 1050 2741 Chri·

127 2776 203 2829 stus.
228 2770 336 2833 Amen.

358 2849 510 2912 lllustriss
534 2849 570 2910 D.
594 2850 629 2910 T.
653 2855 757 2909 orator
778 2848 884 2909 Frater
904 2847 1051 2908 Martinus

358 2932 480 3010 Lnther,
502 2932 633 3012 August.
657 2933 684 2992 V
687 2931 916 3012 nittenberg3).

403 3101 550 3162 Martinus
573 3102 732 3164 Lutherus.
746 3102 780 3181 *J

215 3236 304 3296 Hunc
332 3237 438 3297 librum
469 3239 548 3298 inter
576 3240 661 3298 initia
690 3257 801 3297 causae
830 3256 918 3298 meae
945 3236 1052 3317 scripsi

213 3493 237 3546 tt
266 3489 296 3540 ln
326 3488 368 3541 ed.
404 3489 476 3541 len:
519 3490 743 3557 cogitationibus.
782 3488 813 3556 2)
836 3488 918 3543 lbid.:
946 3490 1051 3541 afferre.

126 3563 157 3624 3)
178 3560 422 3613 lbid.:-lllustriss
446 3562 475 3614 D.
495 3562 525 3613 T.
546 3562 654 3614 deditus
677 3560 811 3614 Martinus
830 3560 975 3612 Lutherus.

203 3635 233 3696 *l
258 3632 332 3685 Haec
356 3634 441 3684 verba
466 3632 579 3686 Lutlrerl
604 3636 631 3684 in
657 3632 699 3684 ad.
725 3634 855 3701 originali
882 3633 978 3685 deesse
1004 3647 1053 3699 per

127 3721 157 3756 se
177 3709 266 3771 patet,
288 3706 404 3772 repetita
424 3711 487 3756 sunt
508 3722 543 3757 ex
564 3705 605 3758 cd.
626 3703 688 3758 len.

789 3773 838 3839 ,t
