2346 4208
411 277 507 334 libror.
519 278 559 332 D.
579 279 613 332 lt.
633 279 754 336 lutheri.
982 277 1046 346 181

121 465 163 527 ad
185 463 393 545 impossibile,
426 472 457 528 et
490 466 572 546 qnod
594 467 698 529 divino
720 472 888 551 praecepto
909 476 1061 534 tenemur¹

124 548 166 610 ad
189 567 253 610 non
275 548 449 610 habendum
472 550 609 612 fomitem
632 552 768 632 peccati,
791 571 882 632 quem
905 555 976 634 quia
997 555 1049 616 ha

123 633 244 709 bemus,
268 637 301 691 et
320 633 351 692 in
373 633 433 693 hac
454 635 633 696 vitacarere
653 655 716 696 non
733 653 908 717 possumus,
929 657 1051 719 semper

122 734 300 797 peccamus.
713 736 716 743 ’

162 820 165 824 ·
208 798 294 876 Item,
317 798 399 878 quod
422 818 530 861 omnes
552 799 606 860 filii
627 799 716 862 Adae
737 807 809 862 sunt
827 801 988 866 idolatrae.

209 880 249 940 Et
268 882 360 942 infra:
380 882 412 944 Si
433 882 495 944 hoc
516 890 714 964 praeceptum
737 904 944 964 servaremus,
966 885 1052 948 nulla

125 969 211 1025 esset
232 963 390 1043 superbia,
411 964 443 1025 id
466 973 531 1045 est,
565 966 651 1026 nulla
672 966 760 1028 radix
782 970 913 1049 peccati,
935 968 1057 1051 nullum¹

125 1048 258 1108 initium
276 1049 411 1128 peccati,
444 1068 482 1109 ac
513 1069 568 1130 per
595 1050 656 1111 hoo
683 1051 768 1112 nulla
788 1058 918 1132 peccata
938 1058 1052 1132 essent,
1089 1094 1091 1101 «

124 1128 181 1192 sed
196 1149 269 1210 pax,
290 1150 378 1193 amor
400 1137 457 1194 etc.
1065 1172 1071 1177 -

210 1212 354 1274 Addens:
376 1213 468 1290 Quod
487 1235 550 1276 non
571 1217 603 1276 in
625 1216 684 1276 hac
705 1217 769 1276 vita
790 1217 973 1298 sperandum
996 1221 1053 1298 est,
1119 1243 1123 1249 ·

125 1296 199 1359 ideo
221 1315 344 1377 semper
380 1315 560 1359 maneamus
589 1305 770 1379 peccatores
805 1306 836 1360 et
856 1301 1053 1383 huiusprae·

126 1381 210 1461 cepti
232 1385 486 1461 transgressores,
510 1382 578 1442 solo
601 1382 663 1443 hoo
684 1382 834 1443 sacrificio
858 1385 946 1462 salvi,
968 1383 1052 1463 quod

125 1465 208 1525 hano
220 1465 498 1543 transgressionem
511 1466 767 1546 non'ig'uoramus
781 1485 882 1546 neque
893 1484 1052 1548 negamus.

210 1564 287 1625 Item
311 1564 400 1624 dicit:
429 1563 520 1640 Quod
542 1567 669 1626 virtutes
691 1567 825 1628 morales
855 1573 886 1627 et
907 1568 1055 1629 scientiae

127 1647 340 1728 speculativae
362 1654 584 1729 suntpeccata,
607 1655 638 1710 et
660 1665 777 1710 errores
789 1651 819 1710 in
830 1649 1061 1730 peccatoribus,

128 1731 202 1810 quia
228 1729 306 1791 flunt
332 1733 510 1792 necessario
540 1750 580 1792 ex
608 1732 703 1794 corde
724 1733 823 1813 male,
863 1739 895 1794 et
916 1733 1053 1794 nondum

126 1820 237 1875 sanato
260 1833 316 1894 per
337 1816 477 1895 gratiam.
682 1812 687 1816 ”

212 1896 254 1957 Et
274 1897 369 1957 mults
390 1897 453 1960 alia
474 1899 589 1978 passim
612 1899 734 1978 inserit,
764 1918 864 1978 aeque
885 1898 935 1960 vel
956 1900 1055 1979 magis

126 1978 261 2041 absurda
284 1986 315 2041 et
338 1999 477 2042 erronea.

210 2062 287 2123 Item
317 2065 416 2124 varias
449 2065 681 2144 propositiones
705 2071 864 2144 suspectas
887 2075 918 2126 et
939 2065 1056 2144 pericu·

129 2147 214 2207 loeas
237 2146 354 2207 inducit
376 2146 414 2206 de
436 2149 626 2227 purgatorie,
648 2154 682 2208 ut
696 2147 778 2227 quod
793 2149 914 2209 animae
934 2149 965 2208 in
988 2169 1056 2227 pur·

128 2230 251 2310 gatorio
275 2231 341 2290 sine
363 2232 591 2291 intermissione
609 2239 750 2311 peccant,
772 2233 804 2290 in
817 2250 865 2312 eo,
889 2231 971 2312 quod
986 2232 1055 2293 hor-

130 2322 199 2373 rent
221 2332 339 2392 poenas
361 2319 392 2372 et
414 2321 564 2394 quaerunt
585 2315 732 2393 requiem.

214 2412 255 2472 Et
276 2414 314 2474 ad
337 2433 408 2474 suas
431 2416 619 2475 assertiones
648 2434 793 2476 erroneas
829 2413 1056 2476 confirmandas

130 2497 311 2557 autoritates
339 2515 445 2558 sacrae
468 2497 642 2577 Scripturas
665 2498 704 2558 ad
727 2517 851 2559 sensum
879 2519 1056 2582 perversum

130 2580 232 2640 trahit.
257 2594 262 2600 “

215 2661 359 2724 Similiter
372 2669 402 2723 et
425 2661 518 2726 verba
527 2663 695 2724 Doctorum
720 2671 782 2724 tam
806 2671 942 2724 veterum
966 2683 1058 2742 quam

131 2745 351 2806 modernorum
374 2747 542 2828 corrumpit
563 2766 599 2806 ao
620 2748 776 2827 pervertit.

215 2846 345 2925 Propter
368 2865 448 2925 quae
470 2866 641 2929 censemus,
666 2847 774 2908 librum
795 2849 912 2927 ipsum,
934 2865 972 2906 ac
993 2867 1057 2907 om·

130 2950 188 2990 nes
211 2936 243 2989 et
263 2929 400 3010 singulos
423 2936 570 2990 tractatus
593 2933 677 3003 eius,
717 2933 748 2990 in
771 2930 880 3009 quibus
901 2930 980 2991 haec
1008 2929 1058 2990 vel

129 3013 242 3074 horum
264 3013 368 3095 aliqua
390 3015 594 3092 eontinentur,
618 3012 821 3074 damnandos.

216 3113 264 3174 Ac
286 3113 398 3175 deinde
411 3113 520 3174 librum
545 3120 577 3174 et
590 3121 736 3175 tractatus
750 3112 960 3173 doctrinaliter
974 3112 1060 3172 dam-

132 3217 242 3258 namus
265 3203 410 3276 tanquam
421 3198 632 3257 communitati
646 3196 781 3257 fidelium
802 3199 940 3271 nocivos,
965 3214 1061 3256 verae

133 3288 164 3341 et
186 3299 282 3340 sana-e
303 3280 463 3342 doctrinae
484 3280 642 3357 adversos,
666 3286 698 3340 et
718 3280 757 3340 de
779 3279 880 3341 medio
903 3278 1060 3339 tollendos

132 3382 296 3424 censemus
317 3365 441 3444 ignique
464 3364 661 3441 cremandos,
685 3371 716 3424 et
737 3367 876 3424 autorem
898 3365 998 3442 ipsum
1021 3361 1060 3422 ad

132 3448 365 3507 revocationem
406 3454 436 3507 et
472 3446 694 3509 abiurationem
729 3446 973 3526 supradictorum
1011 3463 1061 3506 co·

133 3529 280 3611 gendum.
1094 3533 1100 3539 '

218 3631 252 3690 ln
275 3649 404 3709 quorum
426 3632 664 3709 praemissorum
688 3631 824 3690 veritatis
847 3629 1058 3690 testimonium

132 3712 316 3794 praes‘entes
339 3713 443 3774 literas
466 3712 578 3774 exinde
600 3713 680 3791 lieri,
706 3720 737 3773 et
758 3733 814 3794 per
835 3712 996 3775 Notarium
1019 3713 1062 3772 in-

132 3798 180 3858 fre
223 3797 369 3880 scriptum
412 3795 584 3880 subsignari
633 3795 863 3877 mandavimus,
904 3795 1062 3878 sigillique
