2346 4208
127 249 193 317 424
302 286 306 292 .
440 243 752 317 sap-ammi.

197 443 245 504 ta.
266 439 389 502 witao
411 441 448 497 tu
470 435 615 515 peterten.
635 437 664 505 io
685 438 745 495 unt
766 435 796 510 io
817 433 885 510 tollt
905 441 939 494 rt
959 433 988 492 in
1008 442 1046 492 trt

130 523 314 596 tibditenbrit
334 523 464 600 gngrtrn,
487 528 519 580 co
541 520 637 592 iotltor
660 517 750 589 irinc,
772 519 909 591 ebriare,
931 518 1046 594 piotipr,

130 609 243 683 tritior.
277 603 481 681 reuinctos
510 603 581 675 irin,
613 604 642 677 io
673 601 735 675 buit
766 605 805 662 tn
834 605 886 662 tro
908 600 1047 677 tirmprtii

130 693 207 767 [oon
228 688 345 767 griritet
367 707 408 749 ω.
431 689 460 749 6.
482 685 548 749 tut.

132 888 363 969 Disputatio
390 887 512 966 prima
542 885 579 946 ῐ).
600 883 707 943 Mart
728 883 892 944 Lntheri
924 889 1048 944 contra

368 967 554 1047 quosdam
577 967 822 1028 Antinomos.

434 1085 484 1146 De
505 1085 757 1165 Poenitentia1).

219 1207 244 1265 1.
267 1202 474 1280 Poenitentia,
497 1205 634 1262 omnium
656 1204 837 1265 testimonio
855 1211 889 1264 et
908 1223 993 1276 vero,
1013 1211 1051 1262 est

133 1287 225 1347 dolor
245 1285 286 1344 de
308 1296 438 1365 peccato
467 1305 536 1344 enm
569 1286 714 1346 adiuncto
733 1289 905 1368 proposito
928 1286 1051 1347 melioris

134 1373 225 1430 vitae.

216 1455 246 1514 ἱ).
275 1451 333 1510 Hic
353 1450 446 1511 dolor
467 1453 592 1532 proprie
612 1450 696 1511 atiud
715 1450 792 1511 nihil
816 1464 883 1528 est,
914 1472 973 1512 nec
993 1470 1052 1511 esse

133 1543 248 1618 potest,
270 1553 362 1612 qnam
385 1536 452 1614 ipse
474 1545 574 1595 taetus
595 1555 650 1595 seu
671 1554 782 1594 sensus
809 1536 892 1616 tegis
913 1537 946 1596 in
969 1533 1053 1595 corde

134 1639 190 1680 sen
212 1619 414 1680 conscientia.

217 1705 248 1765 3.
271 1699 357 1760 Multi
379 1701 459 1777 enim
482 1699 611 1760 andiunt
633 1699 756 1780 quidem
778 1700 899 1782 legem,
919 1700 977 1762 sed
993 1701 1055 1779 quia

134 1804 259 1845 sensnm
280 1802 336 1843 sen
358 1784 419 1843 vim
449 1783 527 1863 legis
555 1802 618 1844 non
651 1785 806 1859 sentiunt,
842 1785 922 1844 nihii
956 1784 1056 1844 dotent

134 1888 235 1948 neque
256 1867 427 1947 poenitent

219 1953 250 2014 4.
274 1949 488 2010 Poenitcntiae
511 1949 595 2028 prior
615 1969 702 2028 pars,
733 1950 854 2010 scilicet
876 1949 987 2028 dolor,
1016 1958 1056 2010 est

135 2054 175 2093 ex
209 2035 280 2113 lege
302 2040 429 2093 tantum.
473 2032 580 2091 Altera
600 2052 689 2112 pars,
720 2033 838 2093 scilicet
868 2034 1056 2114 propositum

136 2117 263 2194 bonnm,
285 2135 348 2174 non
370 2124 475 2195 potest
497 2134 537 2174 ex
559 2116 629 2194 lege
651 2136 730 2178 esse.

221 2199 250 2261 ἶ).
273 2198 343 2257 Non
366 2200 447 2257 enim
470 2205 573 2277 potest
594 2198 688 2259 homo
712 2201 833 2259 territus
856 2217 876 2257 a
898 2199 982 2258 faeie
998 2216 1056 2277 pec

136 2284 196 2341 cati
224 2281 338 2340 bonum
361 2300 537 2360 proponere
558 2283 620 2340 suis
642 2283 772 2359 viribus,
804 2301 876 2341 cum
901 2301 964 2341 nec
987 2282 1057 2360 quie

135 2373 184 2424 tns
206 2375 237 2423 et
257 2382 383 2422 securus
406 2363 436 2422 id
459 2366 566 2444 possit.

218 2452 247 2511 6.
277 2446 338 2507 Sed
362 2448 391 2506 vi
414 2448 536 2526 peccati
558 2446 704 2506 contusus
725 2455 756 2506 et
778 2445 909 2506 obrutus
932 2447 1015 2508 eadit
1034 2447 1056 2505 in

140 2531 389 2611 desperationem
412 2529 569 2589 etodium
591 2530 666 2606 Dei,
699 2550 753 2589 sen
776 2528 942 2590 deseendit
965 2530 1005 2590 ad
1025 2531 1058 2588 io

140 2615 233 2687 feros,
256 2623 287 2673 ut
311 2613 467 2691 Scriptura
488 2611 629 2691 loquitur.

219 2703 248 2760 7.
281 2696 354 2756 Ideo
387 2695 528 2754 addenda
552 2704 599 2754 est
620 2695 682 2775 legi
705 2697 871 2775 promissio
895 2716 955 2756 seu
978 2715 1058 2757 eran·

136 2779 263 2856 getium,
286 2797 366 2857 quae
388 2780 611 2838 conscientiam
634 2779 769 2838 territam
792 2789 886 2858 pacet
909 2787 944 2839 et
962 2781 1059 2859 erigat

137 2869 171 2919 ut
191 2860 305 2920 bonum
330 2871 494 2940 proponat.

217 2943 246 3005 8.
277 2942 471 3003 Poenitentia
501 2943 602 3003 solum
640 2962 679 3003 ex
718 2943 788 3024 tege
822 2951 872 3003 est
905 2943 1059 3004 dimidium

137 3024 187 3083 vei
208 3026 327 3085 initium
351 3028 562 3105 poenitentiae
582 3046 637 3086 seu
659 3046 714 3106 per
741 3027 969 3106 synecdochen
999 3046 1060 3108 poe·

139 3109 280 3172 nitentia.
303 3111 374 3187 quia
397 3118 482 3168 caret
503 3109 586 3169 bono
609 3110 781 3189 proposito.

223 3195 250 3256 9.
276 3191 362 3251 Etsi
386 3200 574 3270 perseverat,
596 3192 630 3251 fit
652 3192 844 3270 poenitentia
868 3192 965 3270 Cain,
988 3191 1061 3263 Saul,

137 3273 247 3351 Iudae,
272 3283 302 3334 et
324 3276 460 3333 omnium
485 3275 523 3333 de
547 3276 602 3334 Dei
626 3274 837 3334 misericordia
862 3275 1061 3338 diffidentium

134 3366 168 3415 et
191 3357 432 3438 desperantium,
454 3357 485 3416 id
510 3367 567 3433 est,
590 3359 791 3437 pereuntium.

203 3445 250 3504 10.
284 3438 449 3518 Sophistae
477 3440 689 3501 definitionem
718 3440 957 3522 poenitentiae,
990 3439 1062 3524 qnod
1095 3468 1097 3473 ⁴

212 3683 240 3751 1)
261 3682 419 3752 inscriptio:
460 3686 495 3737 De
514 3687 694 3753 poenitentia,
713 3683 791 3738 deest
812 3688 843 3738 in
866 3688 912 3742 ed.
938 3689 1016 3755 1538,
1032 3702 1062 3740 rc

133 3758 224 3832 petita
243 3764 287 3812 eat
304 3773 343 3810 cx
359 3755 403 3811 ed.
421 3757 502 3813 ttae.
