2346 4208
179 268 243 335 436
415 270 463 327 ΙΙΙ.
499 269 604 325 ecreto
622 270 657 324 da
677 272 852 325 massicus

182 475 276 517 carus
297 458 378 518 enim
400 458 545 536 vivimus,
583 477 662 537 quae
681 457 761 518 adeo
788 457 851 518 alte
877 456 997 518 redicas
1026 457 1100 537 egit,

178 547 299 602 utnon
321 542 476 620 possimus
504 540 558 601 illa
589 542 725 601 caritatis
750 539 854 601 officia
878 540 1014 621 perfecte
1034 539 1101 599 rad·

181 622 263 686 dere.

260 706 363 785 Atque
385 725 455 766 eam
478 705 518 766 ob
538 725 664 766 causam
686 706 824 767 Christus
845 707 907 767 hoc
927 725 1101 766 sacramen-

181 798 244 850 tnm
274 790 423 866 instituit,
456 796 491 849 ut
524 794 606 850 esset
633 809 690 850 ceu
718 788 875 869 quoddam
910 789 1100 863 exercitium,

181 872 263 933 unde
289 879 464 952 peteremus
487 891 540 951 ea,
572 890 651 952 quae
684 873 744 953 ipsi
771 872 861 934 uobis
889 872 1000 933 deesse
1032 891 1099 932 san-

181 958 282 1016 timus.
326 955 403 1015 Cum
425 958 507 1016 enim
529 955 613 1016 illam
642 956 727 1015 inte
754 954 963 1016 infirmitatem
984 954 1101 1029 videus,

183 1038 266 1120 quod
300 1057 416 1117 quaeso
449 1037 533 1099 uliud
561 1038 671 1099 afferes
703 1039 873 1099 remedium
903 1058 993 1118 quum
1016 1038 1101 1098 hoc?

182 1121 317 1183 Necesse
340 1129 387 1181 est
408 1124 507 1199 euim,
542 1130 575 1182 ut
596 1125 676 1183 inter
697 1123 815 1201 reliqua
838 1121 877 1182 de
894 1123 956 1183 hoc
977 1139 1100 1201 quoque

183 1206 398 1284 conqueraris,
436 1212 468 1265 et
488 1204 588 1265 dican:
626 1206 715 1265 Bone
737 1206 870 1266 Domine
896 1207 981 1284 lesu,
1014 1204 1100 1264 vides

183 1295 330 1368 quantum
352 1288 426 1347 mihi
446 1288 547 1348 adhuc
568 1288 657 1368 desit,
679 1295 711 1348 tu
735 1289 807 1349 mihi
829 1296 969 1349 tetotum
991 1286 1100 1364 donas,

182 1390 245 1431 non
266 1390 391 1451 possum
414 1380 517 1432 autem
540 1391 600 1452 ego
622 1371 702 1431 idem
724 1372 826 1432 facere
853 1372 996 1451 proximo
1018 1389 1101 1432 meo.

182 1454 244 1515 Fcc
263 1456 364 1535 igitur,
386 1463 420 1514 ut
441 1462 472 1514 et
493 1474 553 1536 ego
569 1456 700 1515 similem
724 1474 798 1535 erga
813 1457 987 1535 proximum
1008 1453 1100 1514 bene-

182 1538 349 1599 volentiam
369 1545 526 1619 praestare
548 1540 674 1618 possim.

266 1620 306 1680 Et
327 1640 419 1701 sane,
452 1639 641 1702 quanquam,
674 1622 748 1681 dum
781 1623 812 1680 in
834 1620 894 1681 hac
915 1639 1007 1681 carna
1029 1621 1102 1680 vivi-

183 1723 265 1783 mus,
303 1724 458 1785 nunquuru
482 1705 567 1765 illam
599 1705 821 1785 perfectionem
842 1723 1006 1784 possumne
1029 1722 1102 1764 cou-

183 1789 286 1867 sequi,
316 1795 418 1848 tamen
441 1807 479 1849 eo
503 1795 550 1848 est
570 1787 808 1866 connitendum,
841 1788 898 1847 etsi
920 1787 996 1847 nihil
1019 1784 1101 1846 uliud

184 1890 252 1931 oum
273 1872 390 1951 gemitu
413 1890 451 1930 ea
471 1871 659 1950 postulanda
679 1890 699 1931 a
719 1872 787 1931 Deo
809 1869 939 1931 facultas
961 1877 1023 1948 est,
1050 1888 1100 1928 ue·

183 1972 243 2034 que
259 1953 487 2034 desperandum
510 1961 559 2015 est
580 1954 620 2015 ob
642 1955 723 2014 hanc
732 1953 984 2034 imbecillitatem,
1007 1952 1101 2012 modo

183 2038 392 2097 remuneratio
415 2036 504 2097 nobis
527 2038 553 2096 is
575 2036 719 2118 affectus,
757 2045 790 2098 ut
821 2044 854 2098 et
874 2036 980 2098 doleat
1012 2035 1102 2096 uobis

183 2120 237 2181 illa
259 2128 366 2180 nostra
387 2119 558 2199 infirmitas,
581 2129 612 2181 at
634 2123 793 2200 cupiamus
815 2140 884 2181 eam
903 2125 1051 2180 mutatam
1073 2126 1104 2179 at

178 2200 389 2263 emendatum.

266 2285 362 2346 Porro
384 2306 446 2347 non
469 2288 598 2348 esthon
619 2288 778 2349 minimum
800 2287 935 2346 caritatis
958 2285 1102 2358 officium,

185 2388 279 2449 posse
312 2368 423 2430 cedere
458 2369 497 2430 de
524 2390 580 2430 sua
602 2371 749 2450 opinione
771 2376 802 2430 et
823 2370 977 2430 sententia
997 2371 1101 2429 auimo

184 2459 346 2532 concepta.
389 2453 468 2512 Nam
490 2453 652 2515 sublevare
673 2452 799 2513 ulterius
820 2454 974 2534 inopiam,
1005 2460 1104 2513 exter-

184 2537 232 2595 nis
256 2533 365 2595 officiis
391 2538 420 2596 ei
440 2535 606 2614 inservire,
641 2542 747 2596 nostro
769 2535 876 2597 labore
897 2556 965 2596 eum
988 2537 1103 2613 iuvare,

183 2616 312 2697 docere,
347 2621 421 2680 item
444 2639 500 2700 pro
524 2638 562 2680 co
586 2639 689 2698 orare,
726 2619 808 2679 haud
835 2620 880 2679 ita
900 2617 1025 2679 difficile
1047 2626 1102 2679 eut.

184 2699 261 2762 Sunt
293 2709 323 2763 et
350 2702 404 2762 illa
434 2703 552 2780 facilia,
588 2704 721 2762 invisere
747 2709 909 2782 aegrotos,
947 2701 1104 2764 consolari

183 2785 390 2864 calamitosos,
412 2785 485 2846 dure
507 2785 607 2848 cibum
630 2785 844 2865 esurientibus,
868 2787 1008 2867 captivos
1029 2786 1103 2845 item

183 2867 322 2929 liberare.
364 2869 434 2929 Hoc
453 2870 548 2950 longe
570 2871 706 2929 omnium
728 2876 777 2930 est
798 2871 981 2947 maximum,
1009 2886 1104 2949 posse

183 2951 293 3013 cedere
315 2951 355 3032 de
377 2973 433 3013 suu
455 2955 618 3033 opinione,
651 2961 682 3014 et
702 2953 782 3013 ferre
803 2953 927 3014 ulterius
945 2951 1102 3013 infirmita

183 3044 245 3096 tem
281 3033 379 3118 (sicut
399 3035 496 3097 Poeta
524 3055 646 3116 quoque
673 3037 730 3097 uit:
765 3036 881 3096 Aurum
915 3042 946 3096 ct
974 3054 1051 3115 opes
1073 3041 1105 3094 et

184 3137 259 3179 vasu
290 3119 432 3198 frequens
466 3119 595 3180 donavit
616 3121 750 3198 amicus,
786 3119 845 3194 Qui
868 3118 942 3180 velit
975 3118 1102 3199 ingenio

181 3201 294 3262 cedere
315 3202 415 3262 nullus
437 3203 522 3285 erit.)

266 3284 374 3364 Neque
397 3287 488 3346 etiam
512 3304 662 3366 unquam,
692 3285 762 3345 dum
786 3287 835 3346 hic
857 3286 1002 3363 vivimus,
1036 3302 1104 3363 per·

183 3368 263 3429 fecte
284 3368 315 3427 id
337 3371 521 3448 poterimus,
553 3369 690 3429 Christus
713 3371 794 3430 enim
817 3388 854 3429 ea
875 3370 906 3428 iu
929 3376 1017 3448 parte
1037 3386 1105 3448 pcr-

184 3451 281 3512 fectus
303 3451 374 3531 fuit,
408 3473 466 3513 nos
495 3472 649 3532 nunquam
677 3453 814 3532 perfecte
840 3449 922 3511 idem
944 3450 1102 3512 faciemus.

184 3534 241 3594 list
262 3536 343 3594 enim
365 3534 503 3597 Christus
531 3554 588 3596 ceu
615 3536 680 3616 sol,
718 3537 749 3595 in
784 3553 844 3614 quo
867 3534 984 3595 nullum
1014 3533 1105 3594 nobis

184 3619 345 3698 vestigium
368 3627 514 3699 apparet,
535 3617 574 3679 ad
596 3638 687 3699 quem
709 3638 767 3680 noa
789 3617 895 3678 collati
916 3637 1025 3679 sumus
1046 3635 1104 3677 ceu

184 3719 316 3761 accensa
348 3701 498 3780 quaedam
522 3703 644 3782 stipula.
687 3700 870 3781 Quanquam
893 3709 995 3762 cutem
1018 3700 1103 3761 illum

180 3784 406 3883 perchtionem
435 3787 585 3867 cantatis,
623 3805 703 3866 quae
735 3787 766 3845 in
795 3783 917 3847 Christo
946 3791 1008 3862 cut,
1046 3803 1105 3845 uos
