2346 4208
362 265 435 333 1111·
452 264 489 325 ds
504 270 643 345 paup·
659 265 799 339 Pansam
951 251 1028 333 {lbos

92 462 127 525 at
145 457 179 517 in
204 454 284 518 baeo
312 461 451 519 monstm
478 454 670 521 ooniusionis
701 463 733 517 et
759 454 1014 519 eontradiotionis

90 539 180 603 ruat?
221 538 293 601 Non
314 559 391 621 ergo
413 539 466 601 alii
494 546 567 606 suut
595 537 708 601 subditi
730 538 834 621 Papae
865 545 898 601 at
917 540 1013 622 imps-

91 624 213 703 ratoris,
237 623 295 683 nisi
318 631 465 704 quantum
482 621 610 689 donauit
622 622 816 704 imperatoris
833 624 1013 687 eonstitutio

92 713 125 767 et
157 712 307 768 assatura
357 706 427 768 Hoo
460 705 555 770 verbo
584 703 708 789 Petri*)
743 711 775 768 et
811 707 877 768 iura
908 704 1014 769 divino

92 808 202 853 omues
233 788 415 855 subiioimur
447 786 553 871 gladio
586 796 618 850 et
651 790 798 869 potestati
828 788 1014 871 mundanae,

91 874 173 935 sieut
193 880 224 935 at
245 872 336 941 aon.
359 875 408 939 13.
430 879 464 934 et
482 872 543 937 Tit.
560 874 589 937 3.
613 871 768 934 scribitur:
811 871 919 933 Omnia
952 872 1022 949 (im
1085 904 1094 919 ·

91 953 175 1039 quit)
200 957 303 1017 anima
327 956 534 1036 potestatibus
564 954 791 1019 sublimioribus
819 954 943 1019 subdita
963 957 1014 1037 sit,

93 1038 1015 1121 rmmmwmlffimpmmmmmmwm

94 1120 150 1185 tibi
172 1122 205 1191 in
226 1122 353 1187 bonum.
389 1058 501 1203 Credo,
523 1124 575 1203 qui
598 1123 699 1184 omnis
721 1122 826 1203 pnima
845 1120 933 1202 dixit,
954 1140 1015 1185 neo

90 1207 225 1269 animam
247 1203 413 1286 pontiflois,
435 1224 495 1268 nee
515 1225 603 1269 suam
623 1205 721 1288 ipsius
742 1205 908 1288 exoepan‘t.
938 1204 1014 1269 ¹Sed

90 1288 318 1371 perpendamus
340 1289 471 1370 singula,
494 1295 528 1352 ut
542 1288 702 1351 videamus
713 1287 891 1371 Scripturae
905 1306 1013 1351 saurae

88 1372 374 1454 interpretationem
396 1372 568 1435 Romanam
592 1371 783 1435 hodiernam

173 1455 206 1519 ai
228 1455 398 1536 spiritualia
417 1455 637 1536 temporalibus
658 1455 864 1536 praeoellunt,
893 1460 1011 1536 quanto

90 1539 194 1601 anima
214 1538 353 1619 torpori,
374 1538 508 1618 ideoque
530 1539 700 1619 spiritualia
728 1557 792 1599 non
821 1538 895 1599 lieet
921 1538 1011 1600 subdi

89 1621 326 1703 temporalibus,
360 1623 463 1683 omnis
489 1627 592 1685 autem
614 1621 709 1683 homo
742 1620 837 1683 habet
868 1622 1014 1703 animan,

89 1704 122 1767 id
145 1711 202 1785 ast,
224 1705 392 1785 spirituale,
413 1724 488 1787 ergo
512 1705 614 1768 nullus
636 1704 730 1767 bomo
754 1704 844 1766 alteri
857 1704 1013 1785 subdatur,

89 1807 149 1850 neo
175 1807 251 1850 oves
274 1787 386 1853 Christi
407 1789 514 1869 Petro,
536 1807 605 1851 oum
628 1788 736 1851 Petrus
757 1787 797 1849 sit
816 1784 911 1849 homo
933 1788 1014 1849 siout

79 1879 123 1946 ‚et
154 1871 209 1933 illi.
257 1870 370 1933 Paulus
400 1871 489 1935 dioit:
532 1872 641 1933 Omnis
670 1872 775 1933 anima
805 1869 929 1932 subdita
962 1871 1012 1951 sit,
1063 1870 1066 1875 ’

87 1972 168 2035 quae
200 1955 305 2034 utique
333 1954 498 2035 spiritualis
530 1961 588 2020 ast.
629 1955 679 2015 An
709 1953 912 2030 Christus**)
947 1972 1012 2016 non

89 2045 156 2100 erat
177 2037 361 2119 spiritualis,
394 2038 519 2118 qnando
540 2038 623 2100 'oum
651 2038 742 2100 Petro
772 2037 866 2100 solvit
886 2036 1013 2101 Caesari
1035 2063 1039 2069 ·

89 2121 321 2183 didrachmum?
352 2141 391 2181 an
414 2121 577 2202 pontifices
605 2121 742 2202 excepit,
771 2120 895 2202 quando
918 2119 1012 2183 dixit:

90 2207 171 2267 Date
193 2223 272 2284 quae
295 2204 436 2266 Caesaris
460 2213 530 2266 sunt
552 2204 687 2270 Caesari.

173 2287 296 2349 Athos
318 2287 501 2370 syllogismo
524 2287 762 2349 concludamus:
799 2286 890 2363 Quod
913 2287 1012 2369 magis

91 2369 249 2452 spirituale
271 2372 376 2450 buerit,
409 2372 578 2451 praeoellat
606 2372 705 2432 minus
740 2371 913 2450 spirituale,
946 2376 1011 2430 tum

89 2457 175 2536 virgo
200 2461 307 2518 sauata
329 2454 442 2516 aneilla
465 2453 671 2516 dominabitur
692 2455 788 2534 impio
810 2452 958 2533 pontiflci,
981 2459 1013 2514 et

90 2556 248 2620 pannosus
270 2538 429 2599 mendicus
450 2539 639 2618 imperatori.
673 2536 822 2616 Obseoro,
845 2555 926 2617 quae
947 2542 1012 2598 tan-

90 2622 161 2683 dem
183 2621 256 2681 hino
275 2621 408 2682 ludibria
430 2620 616 2702 sequentur?
659 2621 727 2681 Hoo
749 2639 824 2680 sana
840 2638 955 2696 verum,
978 2620 1010 2680 in

91 2702 1062 2786 mmmmmmmmmmffimmmfflmm,

92 2785 234 2870 ritualia)
268 2787 430 2868 pontifioes
461 2794 532 2850 suut
559 2807 652 2868 super
680 2805 797 2848 omnes.
840 2785 954 2846 Verum
980 2785 1012 2846 in

91 2870 311 2952 temporalibus
323 2872 425 2951 rebus,
446 2871 566 2952 offioiia,
586 2870 708 2948 tributo,
732 2888 837 2949 oensu,
858 2867 1013 2948 vectigali,

90 2961 122 3017 et
143 2953 284 3016 omnibus
307 2955 452 3016 oneribus
474 2954 652 3035 temporalis
668 2953 864 3033 reipublicae,
887 2968 1013 3031 prorsus

90 3038 254 3121 pontifloes
276 3044 307 3098 et
329 3039 432 3099 oleriai
454 3045 525 3101 sunt
547 3035 775 3119 magistratibus
797 3035 928 3098 subieoti
948 3034 1015 3095 iure

90 3123 213 3200 divino,
242 3141 301 3183 nae
322 3123 457 3202 exempti
479 3122 538 3182 nisi
559 3120 711 3182 benafioio
743 3119 833 3180 huius
859 3117 1014 3179 humanae
1045 3172 1048 3181 .

90 3211 259 3270 creaturae.
898 3247 900 3251 «

174 3287 265 3364 Quod
288 3290 313 3348 si
336 3288 461 3348 dixerit:
499 3287 676 3368 Spiritualia
698 3306 760 3347 non
782 3283 925 3365 intelligo
946 3301 1014 3365 per·
1043 3294 1053 3313 ·

90 3392 185 3434 sonas
208 3373 308 3452 ipsas,
337 3391 408 3432 nam
432 3370 573 3433 volumus
596 3389 704 3432 omnes
727 3387 803 3431 oves
825 3366 939 3428 Christi
958 3368 1024 3428 no·'

90 3457 138 3519 bis
160 3474 230 3516 essa
252 3455 406 3517 subiectas
428 3461 459 3515 et
480 3453 672 3534 spirituales,
702 3451 756 3513 sed
777 3469 827 3511 res
848 3451 931 3532 ipsas
954 3449 1014 3531 spi·

33 3621 36 3626 ¹
90 3533 1014 3620 mmmmwmmmMmmmemmn

165 3811 196 3876 ⁸)
221 3811 232 3861 l
255 3807 313 3861 Pet.
334 3807 358 3861 2.
398 3805 446 3872 **)
467 3805 561 3887 Matth.
584 3805 624 3862 17.
646 3806 674 3858 et
690 3801 733 3862 22.
781 3871 854 3946 23·
