2332 4206
433 258 599 330 denegatio
618 260 751 328 Lntherii
763 278 774 283 ”
799 277 803 285 ·
1000 259 1042 326 Π

558 556 609 624 lv,

324 717 327 733 ·
434 691 504 754 lleeii
522 691 560 755 ad
579 691 731 755 lutheron.
778 729 779 734 κ
811 721 816 735 ·

204 857 341 918 Salutem
365 857 396 915 in
425 857 577 935 Domino,
604 866 643 916 >et
663 864 748 917 reete
770 859 800 917 in
828 859 895 918 lesu
924 878 1043 938 sapere.

118 939 210 1015 Quod
232 940 388 1020 Lipsensis
411 939 509 999 Studii
533 941 589 999 viri
611 940 781 1001 doctissimi
811 960 888 1000 onus
912 961 968 1000 nos
991 962 1042 1002 au-

119 1023 225 1083 diendi
247 1031 433 1099 recusarunt,
458 1030 523 1082 erat
545 1023 618 1082 mihi
631 1006 849 1102 permoleitum
872 1044 929 1084 neo
951 1025 1043 1105 plane

118 1109 211 1186 seivi,
240 1107 312 1184 quid
336 1107 457 1165 consilii
480 1125 637 1185 caperem,
665 1112 821 1167 attamen
844 1107 1042 1168 elementissi-

119 1208 188 1249 mus
212 1190 368 1269 Princeps,
392 1189 427 1249 D.
452 1188 620 1269 Georgius,
635 1246 638 1251 ⁴
655 1188 810 1251 Senoniae
832 1191 901 1250 Dux
923 1191 1043 1252 etorad
1096 1236 1099 1242 »

118 1274 302 1354 petitionem
334 1291 434 1331 meam
458 1273 520 1352 egit
543 1288 610 1331 oum
634 1271 741 1332 Studio
765 1292 835 1353 suo,
865 1281 898 1334 ut
918 1273 1042 1335 tandem

118 1374 279 1416 assensum
302 1355 494 1436 praeberent,
517 1356 560 1415 uti
583 1356 643 1415 hoe
666 1355 715 1415 die
737 1356 840 1416 literas
863 1357 1043 1418 etlllusuis

118 1439 301 1500 simi'Dueis‘
322 1445 353 1499 et
364 1438 577 1499 Universitatis
600 1439 814 1501 aeFaoultatis
836 1459 928 1520 super
951 1459 990 1501 ea
1009 1459 1043 1501 re

118 1525 237 1603 aoeepi.
281 1522 383 1596 Quare
414 1523 457 1582 eis
480 1521 603 1582 XXVII.
633 1520 714 1581 diem
746 1524 820 1581 lunii
848 1526 1042 1604 praescripsi,
1090 1527 1099 1535 '

119 1624 181 1685 quo
209 1607 425 1686 Disputatione
457 1607 586 1684 primum
623 1612 725 1665 aetum
757 1604 957 1685 haberemus,
994 1606 1043 1668 die

118 1697 222 1749 autem
253 1689 363 1750 XXVI.
399 1688 480 1768 apud
503 1688 691 1749 Facultatem
725 1688 932 1769 theologicam
971 1709 1043 1751 eon-

119 1775 309 1848 veniremus,
340 1780 407 1831 uter
432 1781 569 1832 nostrum
609 1773 640 1831 in
682 1772 780 1851 primo
808 1791 977 1853 oongressu
1005 1775 1044 1834 sit

120 1855 300 1936 Opponens.
525 1912 528 1917 ,
710 1914 712 1918 ,
958 1890 961 1897 ·
988 1886 991 1890 ‡
1031 1870 1033 1875 ·

204 1939 279 1999 Cum
302 1943 403 1997 autem
417 1937 649 2003 Carolostadius
672 1938 712 1997 sit
731 1945 943 2018 propugnator
962 1934 1043 2018 tuus,

119 2029 183 2082 turn
206 2041 280 2082 vero
303 2021 479 2100 principalis
503 2023 627 2097 existas,
652 2021 703 2100 qui
723 2022 805 2081 liaeo
820 2022 967 2103 dogmata
988 2042 1043 2104 per

119 2106 317 2166 Germaniam
340 2105 513 2182 seminasti,
544 2123 623 2184 qnae
646 2122 714 2164 meo
737 2124 833 2184 parvo
854 2115 885 2165 et
906 2107 979 2166 exili
1001 2109 1043 2166 iu·

119 2189 201 2249 dioio
223 2188 301 2248 falsa
323 2195 353 2248 et
375 2207 504 2247 erronea
532 2197 696 2268 apparent:
729 2206 823 2267 quare
846 2192 1045 2251 convenit-et

120 2280 156 2332 te·
179 2272 252 2331 illuo
280 2273 402 2348 venire,
441 2279 473 2331 et
501 2272 550 2331 vel
578 2278 631 2331 tua
661 2273 753 2350 tueri,
776 2272 825 2332 vel
855 2279 960 2334 nostra
987 2276 1045 2334 im»

120 2355 262 2436 probare.
335 2413 338 2418 ,
873 2414 875 2418 Α
971 2392 974 2397 >

204 2437 264 2498 Sed
288 2455 382 2516 quam
407 2437 528 2516 vellem,
551 2444 583 2497 ut
604 2436 686 2498 huno
708 2440 843 2499 animum
859 2439 1043 2520 deponeres,

118 2528 151 2582 et
173 2521 239 2581 sedi
261 2520 462 2599 Apostolioae
484 2527 514 2580 te
537 2539 591 2600 per
611 2522 716 2581 omnia
738 2521 934 2584 obedientem
957 2543 1042 2602 praa·

120 2612 234 2682 stares,
268 2604 389 2663 audires
420 2603 554 2664 Leonem
577 2603 612 2664 X.
636 2605 790 2685 Viparium
819 2605 945 2683 Christi,
981 2626 1044 2667 non

120 2705 286 2767 quaereres
308 2687 563 2769 singularitatem,
597 2687 651 2747 sed
674 2687 940 2750 eondesoenderes
963 2709 1044 2750 oom-

120 2772 206 2830 muni
228 2771 395 2831 Doctorum
430 2772 617 2846 sententiae,
651 2778 767 2850 sertus,
800 2773 882 2851 quod
906 2773 1043 2833 Christus

120 2855 283 2915 eoelesiam
318 2873 404 2912 suam
439 2855 497 2913 iam
522 2852 752 2935 quadringentis
781 2858 868 2916 annis
892 2873 956 2918 non
974 2875 1044 2936 parL

120 2939 255 2998 misisset
275 2938 306 2996 in
327 2938 391 2997 istis
418 2933 479 3018 (uti
500 2945 531 2996 tu
555 2938 720 3013 divinatis)
743 2939 906 3003 erroribus.
948 2939 1044 3000 Vides

120 3023 202 3082 enim
232 3040 272 3081 ex
294 3019 414 3080 Selreda
435 3021 660 3100 Disputatoria,
693 3041 742 3082 me
763 3042 826 3082 non
855 3030 916 3082 tam
936 3029 1046 3083 eontm

120 3104 321 3179 Bodenstein,
343 3123 434 3182 quam
457 3111 564 3164 eontra
587 3111 653 3164 tuas
683 3104 838 3165 doetrinas
859 3109 1044 3186 propositio

121 3207 178 3247 nes
200 3189 350 3267 posuisse.
396 3187 472 3246 Vale
496 3206 585 3267 ergo,
620 3189 660 3247 mi
682 3188 826 3268 Martine,
860 3197 891 3250 et
921 3208 1042 3250 nmmos

121 3290 178 3351 pro
203 3272 343 3346 invieem,
365 3278 398 3329 ut
419 3270 633 3332 illuminemur.

208 3371 254 3430 Ex
278 3370 462 3451 ingolstadt,
485 3371 562 3432 XIX.
585 3370 749 3435 Februarii.
1022 3408 1031 3418 ··

308 3473 398 3533 Anno
423 3473 560 3551 Virginei
580 3471 689 3552 partus
706 3473 863 3536 mnam.
1004 3556 1018 3566 ⁴,
