2346 4208
1040 141 1047 169 i

898 210 912 239 Ι

172 259 244 326 ’446
464 263 501 316 1¹1.
523 263 631 317 toneia
651 263 737 316 Mi.
760 265 836 317 Latin

179 448 363 528 praevidere
385 467 476 528 quam
502 468 568 509 nas.
612 449 643 509 Si
666 449 759 529 igitur
782 450 849 509 Deo
874 446 1049 525 credideris,
1072 456 1102 506 et

184 534 289 592 amnia
312 531 394 591 illias
417 532 542 592 arbitria
566 532 762 611 deposueris,
792 539 875 592 certo
898 531 987 608 fient,
1022 549 1102 609 quae

181 616 271 695 petis,
295 615 344 675 vei
367 635 422 694 per
444 616 604 691 miracula,
628 616 652 674 si
676 616 738 674 alia
760 615 845 676 nulla
866 617 906 675 sit
925 615 1019 690 ratio,
1040 632 1104 692 qua

182 696 266 762 flant.

264 781 297 842 id
325 780 408 859 quod
434 782 464 839 in
497 781 612 860 pupulo
634 781 853 854 Israelitica*)
878 781 1028 858 videmus,
1052 781 1103 858 qui

181 883 249 924 cum
274 864 341 923 Deo
365 863 546 924 credidisset
566 864 642 940 iore,
666 873 700 923 ut
721 883 754 923 se
776 864 919 923 liberaret
940 863 979 924 ab
1002 864 1103 934 hoste,

181 965 282 1026 neque
312 955 413 1006 tamen
445 949 495 1006 via
522 947 625 1025 aliqua
646 955 826 1026 appareret,
865 966 926 1026 qua
952 947 982 1006 id
1004 946 1102 1019 (ieret,

181 1031 283 1091 subito
307 1048 439 1089 semare
461 1029 583 1089 rubmm
596 1032 725 1109 aperuit,
749 1050 788 1089 aa
808 1032 899 1109 viam,
923 1048 984 1109 qua
1005 1036 1103 1089 trans·

181 1115 277 1188 irent,
311 1111 411 1190 dedit,
440 1114 545 1173 hostes
568 1125 668 1176 amem
693 1113 731 1173 ad
755 1133 848 1173 unum
870 1133 979 1174 amnes
1001 1113 1103 1174 obruit

181 1195 391 1256 aadcmersit.

169 1306 190 1327 ··
265 1279 315 1339 Sic
336 1279 434 1339 ludit-h
458 1287 567 1339 sancta
586 1281 708 1358 mulier,
731 1299 799 1339 cum
825 1281 1010 1358 accepisset,
1042 1279 1103 1337 huc

183 1361 344 1422 consilium
369 1364 488 1442 cepisse
511 1365 594 1422 cives
616 1363 786 1440 Bethuliae,
809 1382 853 1438 se,
876 1363 1001 1423 niDeus
1023 1363 1102 1421 iutra

180 1446 316 1524 quinque
337 1445 403 1506 dies
421 1466 511 1525 apem
535 1446 635 1524 ferret,
654 1445 817 1506 dedituros
834 1446 914 1506 hosti
937 1447 1102 1521 civitatem,

181 1530 317 1609 graviter
330 1529 527 1608 reprehendit
539 1530 619 1606 illas,
643 1536 675 1589 et
686 1529 773 1589 dicit:
798 1529 928 1602 Quinam
944 1547 999 1589 vus
1021 1529 1104 1603 estis,

182 1612 233 1691 qui
255 1613 380 1672 tentatis
402 1614 445 1672 ita
464 1612 652 1672 Dominum?
675 1612 744 1671 Non
763 1619 813 1671 est
835 1614 894 1672 iste
917 1631 1029 1684 sermo,
1050 1613 1104 1689 qai

181 1694 423 1756 misericordiam
445 1705 607 1776 provocet,
629 1695 684 1754 sed
700 1697 804 1774 potius
819 1697 868 1773 qui
890 1697 966 1754 iram
990 1695 1105 1753 excitet

181 1784 214 1839 at
235 1780 366 1839 furorem
390 1780 550 1839 accendat.
594 1779 744 1842 Posuistis
767 1797 821 1838 vos
835 1785 956 1856 tempus
979 1779 1101 1836 misera-

182 1863 275 1922 u'unis
297 1862 421 1921 Domini
454 1869 486 1921 et
513 1863 543 1920 in
574 1861 729 1920 arbitrium
761 1867 893 1920 vestmm
928 1861 1007 1920 diem
1027 1878 1102 1920 cun-

183 1946 322 2006 stituistis
347 1946 396 2004 ci?
419 1945 495 2003 Mira
517 1962 591 2024 erga
615 1946 735 2005 ratione
757 1944 898 2004 liberavit
920 1945 1018 2024 ipsam
1042 1944 1103 2002 Du·

183 2029 293 2102 minus,
317 2035 350 2087 ut
371 2029 472 2106 eapite
495 2027 682 2086 Hoicisrnen
706 2033 869 2103 truncaret,
890 2035 921 2088 et
942 2027 1105 2106 repetierat

142 2157 144 2162 .
182 2113 226 2171 ita
249 2112 414 2171 exercitum
439 2109 477 2169 ab
499 2110 591 2186 urbe,
623 2110 722 2170 matth
744 2112 772 2173 8.
818 2110 868 2170 Sic
890 2110 928 2170 ad
950 2108 1103 2190 [spissat

182 2212 305 2273 qnoque
327 2193 440 2253 Paulus
473 2193 560 2266 dicit,
600 2193 681 2253 hunc
717 2212 786 2253 esse
818 2213 932 2253 morem
965 2193 1037 2271 Dei,
1072 2203 1104 2251 ut

183 2280 287 2338 omnia
310 2278 402 2335 faciat
424 2277 517 2356 lunge
538 2277 757 2354 adiuratione,
791 2294 828 2336 ac
860 2277 967 2337 meiius
993 2276 1103 2346 mutto,

183 2378 273 2438 quam
297 2378 354 2418 nus
376 2360 425 2419 vel
450 2379 541 2420 orare
564 2359 612 2417 vel
635 2360 807 2440 intelligere
829 2362 992 2438 possimus.

222 2496 224 2499 ,
266 2441 317 2503 Sic
338 2444 429 2523 igitur
451 2445 628 2518 sentiemus,
653 2444 745 2523 lunge
760 2461 816 2502 nos
840 2443 1000 2503 inferiores
1025 2462 1103 2512 esse,

183 2544 274 2605 quam
298 2528 347 2605 qui
370 2535 541 2586 statuamus
564 2534 617 2584 aut
634 2526 881 2604 praescribamus
910 2529 938 2585 in
963 2527 1104 2585 eratione

181 2616 289 2670 nestra
312 2610 377 2670 Deo
415 2610 462 2670 vel
492 2623 628 2688 tempus,
663 2609 714 2669 vel
744 2610 860 2688 iocum,
895 2610 944 2669 vei
969 2608 1105 2678 modum,

156 2712 158 2715 ·
184 2692 234 2752 vel
256 2711 471 2772 quamcunque
494 2693 584 2751 aliam
610 2693 883 2767 circumstantiam,
916 2692 969 2751 sed
1001 2692 1102 2750 amnia

183 2776 389 2855 relinquamus
419 2776 542 2837 divinae
564 2776 644 2834 iliius
668 2776 834 2854 voluntati,
871 2784 902 2836 et
925 2783 1104 2835 constanter

186 2860 361 2939 credamus,
385 2867 468 2920 certo
491 2859 567 2935 fore,
591 2869 622 2917 ut
643 2878 700 2918 nes
724 2859 878 2919 exaudiat.

598 2942 689 3004 Finis.

351 3109 388 3168 V.
424 3108 572 3169 Conciu
607 3108 653 3167 de
682 3108 937 3168 Matrimonia.

268 3249 386 3322 Prim0,
417 3268 484 3309 cum
508 3248 590 3307 Deus
614 3255 750 3309 creasset
772 3247 886 3322 Adam,
917 3245 1045 3307 adduxit
1067 3246 1105 3306 ad

184 3332 267 3403 illum
292 3333 395 3392 omnia
417 3332 592 3396 animantia.
637 3330 720 3391 inter
744 3350 913 3408 quaecum
937 3349 998 3391 uun
1024 3331 1105 3390 iuve-

180 3419 298 3487 ¹uitetur
321 3414 485 3494 quodpiam
509 3413 552 3473 ilii
575 3414 754 3492 auriforme,
784 3415 882 3492 iuquit
905 3414 1003 3480 Deus:
1033 3411 1104 3482 Non

185 3506 232 3561 est
254 3497 384 3572 bonum,
417 3496 498 3575 quod
522 3496 621 3559 Adam
645 3497 728 3557 scius
752 3498 810 3572 sit,
839 3497 947 3557 faciam
972 3497 998 3554 ei
1021 3493 1106 3557 adiu-

182 3583 300 3649 tricem,
325 3599 403 3660 quae
425 3587 531 3661 parata
554 3582 593 3641 sit
615 3579 654 3640 ad
676 3599 810 3647 manum.
847 3578 887 3640 m
911 3579 1035 3639 immisit
1057 3598 1105 3639 su·

182 3723 266 3739 W
339 3722 466 3733 ..,.,.........
491 3721 602 3733 ...μ-..-

199 3820 201 3827 1
259 3781 459 3848 *tExodAAE
