2346 4208
335 223 371 281 da
389 225 641 287 communicatione
659 222 834 279 idiomatum.
983 218 1047 287 465

186 415 235 477 52.
264 413 293 474 la
326 412 457 476 eandem
479 432 543 476 rem
567 413 659 474 variis
681 411 781 474 modis
805 410 908 492 eloqui
941 411 1050 474 doctus

120 496 264 559 iubeatur
286 515 378 576 quam
401 504 505 578 potest
527 497 753 575 simplicissime
771 495 867 575 loqui.
993 538 996 543 -

185 582 234 647 53.
258 579 299 641 Ut
309 581 462 661 Aethiops
485 580 654 642 secundum
676 578 787 662 dentes
809 585 856 642 eat
876 578 974 655 albus,
996 596 1051 657 po·

121 667 184 725 test
214 664 434 744 grammaticus
469 664 558 724 aliter
591 664 635 723 sic
663 662 781 725 dicere:
816 661 969 741 Aethiops
1002 665 1051 722 est

121 745 210 806 albus
233 745 386 823 dentibus,
409 747 459 807 vel
479 746 618 807 alborum
631 746 778 824 dentium,
801 745 852 806 vel
874 745 953 806 albis
975 743 1048 804 den-

123 828 215 892 tibus.

185 913 234 976 54.
266 910 405 987 Quodsi
434 911 495 972 hoc
524 931 588 972 non
616 911 734 992 placet,
768 910 865 973 dicat:
893 909 1051 989 Aethiops

123 992 218 1055 hahet
239 995 328 1054 albos
352 994 477 1074 dentes,
501 994 552 1055 vel
574 995 683 1056 dentes
704 996 737 1055 in
758 993 914 1074 Aethiope
937 991 1052 1072 albent,

123 1077 175 1138 vel
196 1077 434 1161 simplicissime,
458 1077 568 1138 dentes
591 1077 757 1160 Aethiopis
780 1084 852 1138 sunt
872 1076 945 1139 albi.

92 1187 99 1210 ¹
187 1165 236 1226 55.
263 1160 339 1221 eum
366 1158 518 1223 'omnibus
545 1161 612 1241 istis
641 1162 747 1223 formis
776 1158 898 1221 dicendi
920 1157 1050 1220 eandem

123 1263 188 1304 rem
211 1242 387 1324 significare
410 1245 485 1305 velit
507 1251 605 1324 autor,
626 1244 737 1305 frustra
761 1244 916 1324 quaeritur
936 1244 967 1303 in
986 1260 1051 1302 ver·

125 1328 173 1388 his
197 1328 365 1387 contentio.

187 1411 237 1474 56.
268 1409 315 1470 lta
344 1427 412 1469 cum
447 1409 522 1470 nihil
544 1408 627 1471 aliud
650 1410 746 1471 velint
768 1409 847 1470 istae
867 1409 985 1469 formae
1008 1408 1073 1490 lo·¹

126 1494 274 1554 cationis:
299 1493 437 1554 Christus
460 1492 629 1556 secundnm
651 1492 856 1573 quodhomo,
878 1492 929 1551 val
947 1509 1054 1551 secun-

124 1575 196 1636 dum
220 1576 452 1654 humanitatem,
476 1576 526 1637 vel
547 1576 750 1653 humanitate,
773 1574 823 1637 vel
844 1594 901 1656 per
917 1575 1053 1634 humani·

125 1667 231 1736 tatem,
254 1659 303 1719 vel
325 1660 356 1718 in
379 1658 569 1720 humanitate
602 1665 650 1720 est
672 1666 821 1738 creatura,
845 1676 946 1738 quam,
969 1656 1052 1737 quod

124 1743 219 1802 hab'et
240 1747 419 1822 creaturam,
444 1742 493 1803 vel
510 1744 677 1823 assumpsit
691 1750 863 1803 creaturam
876 1741 1053 1818 humanam,

125 1824 186 1900 vel,
209 1824 292 1905 quod
316 1824 576 1905 simplicissimum
599 1833 656 1904 est,
677 1825 852 1886 humanitas
871 1823 983 1884 Christi
1006 1828 1054 1884 est

127 1915 285 1986 creatura,
320 1908 540 1970 contemnendi
562 1916 634 1970 sunt
653 1906 911 1991 pravilegicales,
938 1909 989 1987 qui
1010 1905 1054 1966 di-

125 1993 223 2052 versis
257 1990 364 2052 formis
392 1993 593 2072 grammatias
622 1990 770 2073 loquendi
802 1990 940 2053 diversas
969 1988 1054 2051 allin-

125 2082 202 2156 gnnt
222 2076 253 2135 in
276 2074 385 2136 eadem
406 2094 441 2136 re
464 2076 642 2137 sententias.

188 2161 238 2224 57.
264 2157 359 2239 Igitur
379 2159 411 2219 in
432 2177 542 2242 sensu,
570 2177 634 2220 non
656 2160 688 2219 in
710 2158 812 2220 verbis
834 2165 883 2219 est
903 2157 1051 2234 haeresis,

127 2248 160 2302 ut
181 2247 265 2302 recte
286 2240 366 2302 dixit
387 2241 417 2303 Β.
440 2243 646 2325 Hieronymus
668 2263 688 2304 a
704 2244 768 2304 suis
780 2240 1058 2303 calumniatoribus

127 2344 189 2386 exa
210 2324 313 2385 itatus.

189 2345 239 2474 58.
271 2406 397 2488 Alioqui
420 2410 571 2469 maximus
594 2410 634 2469 sit
654 2402 827 2470 haereticus
848 2409 970 2483 Moses,
1001 2407 1053 2485 qui

127 2491 311 2572 decalogum
333 2492 434 2572 ipsum
455 2490 578 2552 diversa
599 2492 700 2553 forma
721 2493 847 2570 recitat,
876 2489 978 2552 Exod.
1002 2491 1052 2554 20.

128 2583 162 2637 et
179 2575 271 2638 Dent.
296 2579 326 2640 5.
352 2620 353 2625 1
572 2596 575 2602 ·

191 2659 240 2723 59.
262 2657 409 2734 Econtra,
432 2659 457 2718 si
479 2659 546 2739 quis
567 2657 717 2740 reprobus
740 2672 832 2719 sensu
855 2657 948 2717 etiam
971 2672 1052 2715 corn·

128 2741 221 2802 mode
244 2741 364 2801 locutus
385 2740 493 2819 inerit,
521 2742 683 2822 ipsamque
705 2741 894 2823 scripturam
922 2740 1052 2817 iactarit,

128 2823 307 2886 tolerandus
329 2843 393 2884 non
416 2832 473 2885 sat.
850 2852 854 2861 ⁴
1031 2846 1033 2851 ⁴

191 2909 241 2974 60.
270 2907 407 2968 Christus
436 2909 518 2969 enim
546 2925 607 2970 nec
627 2908 793 2970 daemonia
815 2906 936 2968 sinebat
957 2905 1053 2983 loqui,

130 3010 199 3051 cum
223 2996 386 3053 testaretur
407 2992 506 3072 ipsum
528 3009 599 3052 esse
621 2991 715 3053 illium
739 2992 812 3071 Dei,
835 2997 869 3051 nt
890 2986 1053 3069 transfigu-

130 3075 230 3136 rantis
251 3093 321 3136 sese
342 3075 374 3134 in
396 3074 528 3156 angelos
551 3075 638 3139 lucis.

193 3160 242 3222 61.
275 3157 374 3218 Tanta
409 3165 457 3218 est
490 3157 671 3240 simplicitas
704 3165 737 3220 et
768 3158 891 3219 bonitas
924 3155 1054 3236 Spiritus

130 3242 240 3320 sancti,
262 3249 296 3302 nt
315 3241 457 3305 homines
479 3243 536 3321 sui,
559 3241 631 3304 dnm
645 3242 724 3303 falsa
745 3241 913 3321 loquuntur
936 3242 1055 3320 (gram-

132 3326 274 3402 matice),
297 3343 371 3385 vera
391 3325 557 3405 loquantur
579 3346 681 3388 sensu.

194 3411 243 3473 62.
273 3407 374 3468 Tanta
403 3415 450 3469 est
479 3411 617 3471 versutia
645 3414 677 3470 et
704 3408 822 3469 malitia
850 3414 992 3485 satanae,
1023 3412 1056 3465 ut

131 3492 273 3552 homines
295 3491 357 3569 sui,
388 3492 460 3551 dum
483 3512 556 3556 vera
578 3493 744 3572 loquuntur
767 3488 1002 3573 (grammatice,
1024 3486 1055 3547 id

103 3654 106 3660 ‚
132 3583 189 3652 est,
212 3574 344 3653 verbis),
368 3574 528 3637 mendacia
550 3576 714 3656 loquantur
733 3575 920 3654 theologice,
944 3572 974 3632 id
999 3580 1055 3648 est,

132 3677 234 3719 sensu.

194 3745 244 3807 63.
259 3741 318 3801 Hic
330 3747 435 3822 potest
448 3739 525 3802 dici:
541 3741 733 3823 Simentiris,
746 3742 840 3802 etiam
852 3738 936 3820 quod
949 3759 1054 3801 varum

161 3858 253 3901 nuum
267 3870 319 3909 opp.
337 3860 363 3901 v.
379 3859 407 3900 A.
421 3860 450 3900 aa
464 3859 504 3903 aar.
518 3859 568 3900 aaa
582 3860 598 3900 s
611 3871 633 3911 ρ.
646 3860 698 3903 von
710 3860 751 3901 ru.
872 3838 920 3903 hh
