2346 4208
121 258 183 326 302
373 261 465 317 Resol.
487 263 515 315 L.
534 263 619 333 snper
636 265 833 333 Propontiona

205 446 331 527 Quarta,
353 448 443 510 Rom.
467 451 515 512 13.
528 449 699 530 Apostolus
711 447 801 509 dioit:
823 446 1026 509 omniorum

123 530 329 611 potestatibus
357 532 584 593 sublimioribus
615 531 738 593 subdita
769 534 818 593 sit.
861 530 934 593 Non
961 532 1026 593 eni!

123 620 339 694 est-potestas,
362 615 421 674 nisi
444 615 563 676 aDeo:
586 632 787 695 quaeeunque
809 622 914 675 autern
936 612 1025 676 aba

123 703 207 776 sunt,
231 697 373 758 ordinata
394 703 474 758 sunt.
516 699 624 777 ltaque
645 700 698 778 qui
718 700 869 759 resistunt
888 696 1024 779 potem,

122 781 179 841 Dei
202 780 387 840 ordinationi
410 782 570 842 resistunt:
603 783 654 861 qni
675 788 778 843 autern
800 781 871 843 Deo
891 780 1026 855 resistunt

122 865 181 945 ipsi
192 861 422 924 damnationem
439 863 496 924 sibi
509 866 679 944 acquirunt.
721 864 789 925 Hae
800 870 888 925 certe
909 864 1026 926 omniun

121 946 343 1023 robustissimo,
366 953 513 1026 quantum
528 966 588 1028 ego
601 949 702 1026 capio,
724 966 820 1008 eausa
832 966 893 1009 nos
904 946 1026 1009 nomm

121 1028 259 1110 pontifici
283 1029 413 1090 subiecti
426 1049 540 1105 sumus,
562 1033 593 1091 in
611 1051 671 1110 qua
693 1030 776 1091 clare
789 1030 911 1109 asserit,
931 1028 1026 1091 nulia

125 1119 311 1193 potestatem
335 1132 473 1173 neeesse
486 1114 608 1192 quidem
625 1132 729 1193 possa,
751 1114 811 1173 nisi
834 1112 948 1177 aDoo.
967 1110 1027 1173 (idn

122 1202 224 1256 autem
250 1196 383 1256 Romani
410 1195 565 1277 pontificis
594 1203 732 1277 potestas
753 1198 815 1257 iarn
838 1197 881 1257 ait
903 1194 1027 1259 robusb‘t

124 1281 201 1339 sime
223 1279 372 1358 stabilita,
403 1287 436 1339 ut
458 1280 612 1357 videmus,
645 1286 728 1340 uerte
759 1298 824 1341 non
846 1275 1027 1359 oporatur

125 1362 351 1422 ordinationem
373 1363 454 1422 hano
466 1362 705 1444 impugnare¹):
727 1361 781 1423 sed
795 1368 913 1443 quanta
933 1364 1043 1443 quutt‘

124 1452 181 1523 est,
205 1444 361 1505 humiliter
372 1447 533 1523 sustinere,
555 1447 675 1506 etiamsi
697 1447 812 1506 iniusta
832 1454 931 1525 esset,
951 1450 981 1507 et
995 1442 1025 1503 ir

123 1527 235 1588 dicium
259 1528 327 1588 Deo
351 1528 535 1608 relinquere.
971 1550 977 1563 ·

204 1609 333 1689 Quinta,
367 1618 415 1673 est
437 1613 470 1674 B.
493 1612 600 1672 Petrus
623 1609 798 1690 doeens*)‚
820 1617 855 1671 ut
876 1607 1023 1673 subditisi

122 1713 190 1754 mus
213 1697 296 1754 omni
318 1694 473 1755 humanae
490 1702 659 1776 menturae,
681 1696 812 1775 quiasio
833 1700 884 1756 est
903 1694 1022 1756 volmar

120 1778 189 1838 Dei.
240 1779 282 1837 At
310 1777 476 1838 humanam
510 1783 678 1839 ereaturam
715 1785 810 1839 vooat
838 1778 1020 1859 magistrum

121 1861 279 1921 homiuum
293 1862 417 1922 arbitrio
429 1862 594 1938 institutos,
618 1868 651 1921 nt
664 1862 779 1921 olorum
793 1867 841 1922 eat
855 1880 897 1922 ex
917 1864 1020 1941 seqr'tst

121 1944 212 2022 tibus,
235 1945 285 2004 ubi
309 1943 399 2005 dieit:
422 1943 494 2005 Sive
508 1946 572 2026 regi
587 1944 956 2025 tauquampraeoelleud,
973 1941 1020 2003 sire

120 2025 261 2104 ducibus,
284 2034 429 2107 tanquam
454 2027 544 2088 abeo
558 2028 669 2087 missis.
714 2027 791 2087 Oura
815 2036 920 2089 nutem
942 2016 1019 2089 etto

122 2111 205 2171 mani
228 2109 383 2190 pontificis
406 2116 592 2190 potestatem
615 2109 798 2171 arbitremur
838 2110 969 2171 humano
986 2104 1019 2167 dt·

121 2199 388 2274 oretoetatutam1
428 2201 459 2253 et
492 2193 655 2254 ordinante
683 2193 752 2255 Deo
784 2194 830 2254 sio
858 2194 1019 2259 totunm

48 2304 52 2313 ·
119 2278 185 2336 sine
207 2278 333 2337 erimine
354 2296 415 2337 non
430 2283 485 2351 est,
508 2279 559 2357 qui
580 2296 649 2337 sese
671 2296 728 2337 sua
749 2274 957 2354 autoritate¹)
970 2268 1017 2333 aab

120 2359 250 2420 duxerit.

204 2443 307 2517 Sexta,
330 2442 369 2502 ad
391 2443 536 2503 hooianit
548 2462 627 2502 unus
649 2442 702 2503 ille
717 2462 892 2504 consensus
905 2440 1015 2505 omnim

120 2525 265 2605 fidelium,
289 2527 339 2605 qui
362 2525 454 2586 hodie
471 2527 526 2587 sub
541 2526 682 2586 Romano
698 2525 847 2606 pontifice
862 2532 942 2589 sunt
959 2522 1016 2585 nn

121 2627 188 2668 oum
211 2618 350 2690 potestas
379 2609 433 2668 iiia
456 2611 495 2670 sit
520 2628 570 2669 res
593 2608 772 2689 temporalis
804 2616 836 2671 et
857 2610 951 2691 longe
968 2602 1016 2667 σὺ

119 2693 269 2753 mittenda
292 2693 399 2752 unitati
421 2691 575 2771 fidelium,
600 2711 663 2752 non
690 2693 758 2753 sine
778 2692 958 2754 foedissimo
980 2702 1017 2749 ut·

120 2777 202 2836 mine
224 2794 293 2836 esse
315 2776 438 2855 poterit,
461 2778 485 2835 si
507 2783 637 2856 propter
654 2794 719 2835 rem
734 2775 939 2857 temporalem
957 2772 1017 2835 tm

121 2866 168 2920 tot
188 2859 324 2920 fidelium
348 2877 542 2919 communem
560 2877 683 2919 sensum
700 2858 891 2941 despexerit,
911 2858 1016 2927 boarit,

120 2943 274 3004 Christum
288 2944 463 3022 negaverit,
486 2952 518 3003 et
534 2943 697 3002 ecelesiam
715 2944 948 3024 contempserit.
983 2936 1016 2999 dt

119 3027 269 3105 possibile
283 3032 339 3103 est,
363 3025 516 3085 Christum
534 3044 596 3085 non
620 3043 689 3086 essa
711 3026 791 3086 inter
813 3032 862 3087 tot
883 3044 922 3087 ao
937 3026 1016 3085 tantu

119 3109 330 3170 Christianos?
355 3108 386 3169 Si
408 3115 508 3169 autem
530 3108 667 3168 Christus
688 3108 730 3169 ibi
753 3114 801 3169 est
822 3117 855 3171 et
866 3099 1017 3175 chrodini,

119 3211 188 3252 eum
213 3192 335 3252 Christo
359 3199 389 3251 et
413 3192 593 3252 Christianis
616 3190 758 3251 standum
778 3198 837 3271 ,est
856 3194 889 3255 in
910 3200 1016 3271 quw

120 3294 180 3355 que
200 3294 360 3355 re„quae
383 3282 491 3337 contra
513 3276 569 3334 Dei
593 3282 791 3355 praeceptum
814 3294 879 3338 non
901 3272 989 3336 inerit

203 3360 303 3438 Haeo,
332 3361 476 3440 inquam,
497 3359 575 3418 ratio
597 3359 684 3418 fortis
708 3365 771 3432 eet,
803 3365 835 3419 et
857 3350 1013 3425 insontia

120 3449 151 3503 et
182 3462 222 3503 ex
249 3444 286 3502 iis
308 3447 439 3522 possunt
466 3442 580 3501 multae
608 3442 689 3502 aliae
709 3441 852 3503 formari:
891 3442 958 3521 quin
973 3436 1015 3497 lm

126 3587 129 3591 .
144 3584 210 3591 ——
217 3584 327 3591 -ι---

155 3654 186 3718 1)
208 3654 238 3705 iu
258 3653 300 3707 ed.
320 3620 434 3722 priore:¹
453 3657 528 3705 certe
546 3654 657 3719 oportet
673 3648 727 3701 Dei
746 3647 946 3703 ordinationem
960 3640 1010 3695 hur

118 3742 174 3779 nou
193 3728 367 3795 impugnare.
404 3725 432 3791 2)
452 3722 537 3777 ibid:
557 3738 625 3776 suaa
645 3722 795 3774 autoritati.

155 3799 186 3866 ‘j
208 3798 232 3850 1.
254 3798 322 3849 Petr.
343 3796 368 3852 3.
