2346 4208
418 261 453 316 de
470 263 602 331 passione
621 259 739 316 omisa·
980 259 1043 331 413

205 445 257 507 sie
268 445 423 526 Propheta
435 465 559 526 quoque
576 447 664 508 diait:
685 447 725 508 Et
740 447 890 527 plangent
910 448 1041 528 seipsos

121 547 215 608 super
242 548 279 590 eo
309 547 417 591 omnes
445 529 539 612 trihus
567 537 676 616 parrae.
718 529 788 591 Non
811 530 899 591 dioit:
928 529 1041 610 Deplo-

120 609 232 672 rabunt
254 631 339 689 eum,
370 613 425 673 sed
448 614 597 693 plangent
617 633 651 673 se
672 614 758 693 ipsos
780 632 872 692 super
898 631 948 675 eo.
991 612 1042 675 sis

121 693 313 755 terrebantur
334 695 378 755 illi
402 697 469 758 Aot.
492 698 521 774 2,
550 696 581 756 id
610 695 692 776 quod
714 714 808 776 supra
828 693 1041 757 indiaavimm.

123 777 163 837 Et
190 777 322 837 aeolesia
344 779 440 839 oanit:
463 779 612 840 Memoria
633 798 753 840 memor
774 797 837 856 aro,
861 785 891 839 et
904 777 1045 841 tabesoat
1106 776 1114 792 “

122 879 154 919 1n
175 879 225 920 me
247 880 351 921 amma
372 880 450 925 mea.

206 943 345 1022 Octavo,
374 951 466 1024 atque
493 946 524 1004 in
546 944 605 1005 hao
627 943 749 1025 quidem
770 950 857 1024 parte
879 943 1043 1024 diligenter

124 1045 159 1089 se
182 1025 369 1087 exercebunt
387 1029 430 1107 pii
452 1029 561 1105 animi,
596 1047 667 1088 uam
696 1046 735 1089 ex
757 1047 796 1089 ea
817 1027 932 1106 pendet
953 1047 1042 1089 verus

123 1127 197 1169 usus
218 1110 371 1189 passionis
380 1109 501 1190 Christi,
522 1117 556 1171 ut
576 1111 670 1172 homo
692 1112 839 1190 seipsum
862 1117 1042 1190 oognosoet,

123 1198 155 1252 et
176 1193 223 1252 sui
245 1201 413 1273 conspeetu
438 1199 604 1271 terreatur,
632 1213 669 1254 ao
697 1212 753 1255 oen
776 1200 960 1254 aouteratur.
1002 1190 1044 1254 ut

123 1293 216 1351 sane,
239 1277 297 1335 nisi
319 1295 356 1338 eo
379 1276 523 1337 deveniat
544 1276 655 1352 homo,
679 1276 772 1356 plane
795 1276 910 1336 nullam
931 1275 1042 1339 utilita-

123 1364 185 1419 tem
212 1377 254 1419 ex
277 1358 388 1420 Christi
415 1361 562 1440 passione
584 1360 694 1441 sapiat.
736 1359 804 1419 Hoo
832 1361 912 1420 enim
937 1379 1042 1421 verum

123 1460 162 1502 ao
182 1458 361 1522 germamm
385 1462 462 1523 opus
486 1450 542 1521 est,
565 1442 648 1522 quod
669 1443 772 1523 passio
790 1441 901 1502 Christi
922 1442 953 1502 in
976 1461 1042 1503 aor-

123 1522 212 1585 dibus
243 1527 363 1604 piorum
393 1524 500 1603 eflicit,
532 1532 566 1585 ut
598 1526 772 1586 oonformes
808 1525 933 1604 imagini
962 1525 1042 1585 illius

122 1606 302 1686 reddamur¹
324 1608 385 1670 hoo
405 1616 462 1687 est,
484 1616 517 1669 ut
540 1607 798 1688 quemadmodum
821 1607 957 1668 Christus
979 1615 1042 1669 tum

124 1709 255 1770 oorpore
283 1698 345 1750 tum
369 1693 460 1753 etiam
484 1694 589 1753 animo
611 1693 746 1773 graviter
767 1697 893 1770 propter
913 1698 1045 1770 peooata

124 1780 231 1834 nostra
254 1775 413 1854 cruciatur,
434 1776 478 1835 ita
500 1794 558 1835 nos
581 1793 705 1855 quoque
725 1779 832 1835 nostra
853 1774 1044 1833 conscientia

125 1855 337 1937 excarnificat,
367 1857 407 1919 oh
434 1864 562 1938 peecata
587 1856 730 1920 admissa.
768 1855 876 1934 Neque
899 1855 939 1919 ad
961 1857 1043 1921 hano

123 1959 189 2000 rem
219 1940 321 2016 multis
352 1948 399 2002 est
420 1960 498 2021 opus
521 1941 638 2015 verbis,
667 1939 721 2000 sed
754 1939 893 2020 diligenti
927 1939 1040 2019 oogita·

124 2024 219 2101 tione‚
241 2029 273 2083 et
292 2030 326 2083 ut
346 2025 461 2084 sentias
483 2025 602 2104 peaoati
624 2023 872 2104 magnitudinem.

206 2105 372 2166 Possumus
402 2114 503 2166 autem
532 2107 592 2167 hao
620 2105 817 2167 similitudine
839 2106 891 2165 uti.
934 2106 1040 2186 Finga-

126 2208 191 2249 mus
220 2191 365 2270 prinaipis
395 2190 551 2250 cuiusdam
584 2190 777 2250 interfectum
799 2188 894 2249 filium
924 2193 954 2249 et
976 2208 1043 2269 par·

125 2291 282 2332 suasorem
304 2279 423 2352 raptum
451 2275 510 2333 iam
541 2275 570 2333 in
592 2273 736 2333 iudicium
759 2272 930 2351 capitaliter
951 2290 1042 2332 aoou-

125 2356 202 2434 sari,
227 2355 308 2434 quod
331 2357 355 2414 si
377 2357 402 2415 is
427 2375 530 2416 eoram
552 2356 653 2416 iudioe
675 2355 801 2417 eaedem
823 2355 945 2435 quidem
968 2374 986 2415 a
1009 2373 1043 2415 se

124 2437 236 2498 laetam
260 2458 328 2498 esse
349 2439 495 2518 fateatur,
534 2459 640 2500 verum
676 2459 710 2499 se
740 2459 758 2499 a
785 2446 816 2499 te
844 2438 1042 2499 subornatum

125 2540 340 2600 percussorem
363 2523 461 2595 dieat,
500 2530 531 2581 tu
559 2529 661 2582 autem
684 2541 808 2582 seourus
830 2522 948 2581 interim
974 2541 1043 2582 aan-

125 2611 193 2663 tans
216 2613 270 2664 ant
290 2605 398 2674 ludens
422 2604 617 2682 obambules,
645 2612 676 2665 et
702 2605 804 2665 statim
826 2624 866 2662 ex
886 2605 1042 2683 insperato

125 2688 156 2746 in
179 2706 333 2748 aaroerem
351 2689 535 2749 ooniioiaris:
561 2707 600 2747 au
623 2707 684 2748 non
708 2694 772 2747 tum
795 2688 886 2747 etiam
909 2689 1043 2767 amplum

125 2770 312 2830 hosmundi
341 2773 472 2851 spatium
501 2772 660 2851 augustius
691 2769 857 2845 videbitur,
892 2789 983 2848 qnam
1011 2771 1042 2831 in

126 2872 187 2932 quo
211 2854 441 2934 laterepossis?
463 2855 641 2935 praesertim
665 2854 690 2913 si
707 2860 738 2914 te
759 2861 812 2914 tua
826 2857 950 2916 aaouset
972 2870 1044 2914 oon·

126 2938 264 3016 seientia,
287 2944 318 2997 et
339 2939 503 2998 convineat
524 2938 649 2998 admissi
670 2937 816 2998 sceleris?
839 2940 881 2996 lta
904 2954 966 2996 non
989 2954 1043 3016 po·

126 3025 187 3079 test
213 3039 276 3081 non
304 3021 401 3081 multo
434 3022 556 3102 gravius
586 3020 711 3100 dolere,
745 3020 797 3099 qui
823 3020 905 3081 hano
930 3016 1044 3081 Christi

126 3104 303 3182 passionem
327 3103 490 3184 diligenter
512 3103 683 3164 meditatur.
707 3102 812 3163 ludaei
835 3103 926 3178 enim,
941 3120 1044 3180 quam·

127 3187 172 3245 vis
193 3186 238 3245 illi
260 3186 403 3246 iudicium
427 3207 513 3246 suum
534 3188 594 3246 iam
616 3185 766 3264 habeant,
796 3192 827 3246 et
856 3186 962 3245 reiaoti
983 3185 1046 3245 siut

126 3288 144 3328 a
167 3269 245 3346 Deo,
269 3276 371 3329 tamen
393 3271 435 3330 tui
458 3271 577 3349 peooati
600 3270 729 3329 ministri
749 3270 880 3346 inerunt,
905 3275 936 3329 et
957 3275 989 3327 tu
1010 3286 1044 3328 re

127 3371 200 3412 vera
220 3354 357 3431 pensatis
377 3354 434 3413 tuis
446 3354 504 3412 Dei
525 3351 620 3412 filium
634 3352 783 3429 ooaidisti,
805 3371 936 3431 eumque
959 3349 1044 3411 affix-

125 3435 175 3495 isti
199 3436 290 3511 oruoi,
313 3437 391 3495 siout
413 3456 504 3516 supra
529 3455 651 3514 quoque
673 3437 856 3496 monuimus.

211 3518 321 3597 Nono,
357 3537 449 3598 porro
480 3521 504 3578 si
535 3520 585 3598 qui
613 3518 692 3579 adeo
716 3519 781 3579 duri
805 3525 835 3578 et
856 3518 941 3577 saxei
964 3523 1045 3594 sunt,

128 3609 160 3660 nt
195 3621 234 3662 ex
267 3601 378 3662 Christi
414 3603 560 3682 passione
588 3621 689 3680 neque
726 3607 909 3678 terreantur,
943 3618 1045 3678 nequa

128 3687 218 3745 etiam
241 3704 275 3745 se
298 3703 488 3766 oognosoere
509 3687 666 3765 incipiant,
687 3684 731 3744 illi
754 3685 862 3744 merito
884 3683 942 3743 sibi
963 3683 1045 3744 mala

127 3775 271 3829 metuent.
316 3769 424 3848 Neque
446 3771 527 3828 enim
555 3769 644 3830 aliter
666 3767 731 3828 fieri
753 3772 871 3848 potest,
899 3785 990 3847 quam
1013 3772 1045 3826 ut
