2346 4208
83 274 108 295 ⁸
184 277 269 357 488*
415 277 875 359 npuara·÷rm1.·-uauuu·0ns

189 476 291 558 gatto,
326 472 561 555 digna'soilioet
582 470 745 552 Theologo
767 490 846 555 vox,
879 461 1061 531 et'otnnirlo
1081 467 1136 528 ir·-

190 558 472 619 mordians'tenuit.
1073 572 1075 577 ’

271 639 402 701 Additus
416 640 503 700 Pauli
515 639 551 721 ²¹⁸)
567 640 661 699 loeus
676 637 715 698 ad
731 637 886 699 Corinth:
910 636 1020 698 Salvus
1043 635 1114 708 erit*

190 727 235 786 sio
257 730 369 786 tamen
382 725 547 804 quasiper
569 724 683 802 ignem,
713 722 751 782 de
774 722 922 800 quo'solu
940 726 973 779 ut
993 718 1121 797 vadent*

189 810 380 888 interpretes.
424 807 484 865 lam
516 813 545 865 et
573 805 634 866 hoo
654 806 763 866 Matth.
779 803 853 886 **);
886 803 963 863 Esto
984 808 1112 863 aonam·

193 893 273 952 tiens
293 888 471 950 adversario
494 895 546 949 tno
571 895 629 949 eto.
653 889 691 949 de
713 892 854 964 aaroere,
884 889 915 947 et
937 884 1017 964 quod
1041 883 1112 945 dioi-

192 983 253 1034 tur:
295 973 404 1032 Doneo
437 973 565 1032 solverit
597 980 767 1032 ext-remum
802 969 1019 1049 quadrantem,
1053 968 1119 1028 liud

192 1058 337 1133 detorsit,
366 1055 448 1133 quod
471 1054 557 1115 vides
580 1054 661 1115 unde
683 1060 819 1136 petatur,
855 1054 938 1113 etin
961 1051 1115 1131 quamsit
1147 1068 1151 1077 ·

192 1139 307 1199 dietum
330 1139 525 1198 sententiam,
568 1138 663 1198 Nefas
686 1147 733 1198 est
754 1145 863 1216 putare
899 1155 937 1196 eo
965 1134 1114 1196 loei¹oar·

193 1241 294 1282 aerem
319 1220 358 1280 de
379 1223 558 1300 purgatorio
585 1222 725 1301 intelligi.
772 1212 890 1280 Vellem
916 1218 1027 1280 Christi
1050 1217 1114 1315 pla·-

193 1304 333 1365 besulam
353 1304 472 1364 falioius
496 1305 616 1366 erudiri.
650 1305 729 1364 Nam
752 1305 830 1363 tales
844 1302 1118 1381 interpretationes·

193 1388 360 1468 pleraeque
400 1387 522 1468 longius
552 1408 570 1448 a
602 1387 737 1447 fontibus
771 1386 886 1446 duount
916 1385 1114 1465 Scripturaur,

194 1488 285 1549 quarn
309 1477 342 1529 ut
363 1470 498 1529 nativam
521 1472 581 1530 virn
604 1472 744 1531 retineat.
1090 1498 1094 1504 ·

274 1552 338 1612 Iam
374 1559 405 1612 et
438 1553 500 1612 hoo
533 1555 563 1613 in
590 1553 714 1614 Psalmo
732 1552 809 1624 ***)
844 1571 899 1631 pro
934 1551 1114 1630 purgatorio

193 1634 352 1716 produxit:
391 1635 612 1697 Transivimus'
639 1657 694 1716 per
724 1637 827 1716 ignem
858 1641 889 1693 et
916 1650 1046 1713 aquam,
1086 1639 1116 1692 et

193 1720 299 1780 nascio
322 1737 401 1797 quae
424 1720 488 1798 pari
512 1719 573 1780 fide
595 1721 664 1784 alia.
708 1720 755 1779 De
776 1717 974 1797 indulgentiis
996 1716 1115 1776 minore

143 1863 144 1866 ,
193 1803 393 1863 eontentione
416 1802 602 1880 disputatum
627 1810 691 1877 eat,
722 1804 785 1862 imo
814 1803 873 1872 ipsi
894 1800 989 1859 E'ee'io
1011 1800 1114 1860 iooum

194 1892 227 1944 et
249 1883 353 1945 ludum
377 1885 509 1946 aiebant.
1126 1877 1129 1885 ’

276 1967 325 2027 Ad
349 1984 519 2044 summurn,
550 1967 589 2028 de
612 1969 806 2048 poenitentia
827 1974 929 2027 uotum
951 1971 1016 2042 est,
1051 1965 1137 2025 eiua·

193 2051 384 2131 quaestionis
414 2068 543 2130 scopum
565 2052 650 2111 anii
691 2051 919 2130 enthymemata
946 2048 1054 2108 neseio
1077 2064 1120 2108 uo·

193 2134 365 2212 attigerint,
401 2151 519 2210 poenas
541 2135 659 2212 aliquas
683 2134 902 2194 satisfactionis
931 2131 1117 2212 probabant,

195 2236 271 2294 quas
299 2213 480 2275 admittebat
512 2217 668 2278 Lutherus.
722 2218 863 2291 Ceterum
895 2233 952 2295 pro
987 2213 1117 2297 singulis

194 2299 330 2379 peooatis
364 2297 403 2357 ad
438 2300 574 2381 singulas
602 2319 720 2379 poenas
749 2300 876 2378 deposui
905 2299 1115 2378 poenitentem

195 2403 214 2440 a
235 2381 351 2439 iustitia
373 2380 491 2460 divina,
526 2403 601 2462 quas
623 2385 654 2443 in
676 2389 832 2462 potestate
853 2381 987 2441 hominis
1011 2381 1050 2440 ait
1071 2400 1115 2440 re·

197 2466 330 2538 mittere,
365 2464 437 2524 mihi
460 2486 516 2545 per
536 2467 604 2526 illas
627 2465 879 2526 ratiocinationes
903 2483 964 2524 uon
988 2480 1117 2544 appare·

196 2548 256 2606 bat.
299 2545 403 2626 Atque
425 2548 503 2609 haee
525 2548 648 2629 quidem
672 2556 743 2608 sunt
767 2548 943 2628 potissima,
977 2563 1057 2625 quae
1087 2548 1117 2605 in

195 2631 426 2690 eontentionem
449 2633 538 2691 istam
563 2633 737 2691 universam
760 2631 948 2703 inuiderunt,
970 2629 1119 2709 pleraque

195 2713 257 2772 alia
278 2713 377 2793 magis
399 2711 528 2774 ridieula
551 2721 636 2785 sunt,
672 2733 763 2793 quam
799 2722 831 2773 ut
863 2715 899 2772 iis
928 2720 959 2772 te
987 2730 1118 2772 onerare

196 2797 323 2875 possim,
347 2796 460 2874 alioqui
485 2798 604 2858 lelioins
627 2804 821 2876 occupatum.

278 2879 347 2938 Duo
368 2880 476 2959 reliqui
492 2881 557 2940 dies
580 2881 641 2941 dati
666 2886 735 2940 sunt
749 2877 976 2940 Carolostadio
1011 2878 1119 2938 Altero

93 2963 98 2967 ’
196 2961 235 3021 de
257 2959 362 3039 obioe,
385 2971 418 3023 ut
440 2973 568 3040 vocant,
591 2966 708 3045 gratiae
729 2969 831 3024 aetum
854 2968 916 3037 est,
946 2979 1038 3039 quarn
1061 2960 1119 3021 lar·

195 3045 276 3124 gitur
296 3043 407 3104 Eooius
430 3066 492 3106 non
516 3048 581 3107 tolli
606 3054 730 3124 natura,
762 3046 816 3106 sed
847 3045 953 3125 gratia.
998 3044 1118 3121 Altero,

196 3147 235 3187 an
258 3129 289 3186 in
311 3128 451 3205 quolibet
472 3130 555 3191 bono
580 3148 675 3210 opere
699 3148 880 3209 peccemus,
909 3127 948 3186 de
970 3145 1032 3206 quo
1054 3127 1119 3206 ple·

196 3211 297 3288 risque
320 3229 389 3269 oum
413 3211 451 3271 ab
472 3211 584 3290 Eeoio,
620 3220 683 3272 turn
707 3232 725 3271 a
744 3209 970 3272 Oarolostadio·
984 3209 1125 3290 egregiis·

197 3292 372 3372 Soriptur'ae
397 3295 472 3354 louis
495 3303 662 3377 pugnat-um
687 3302 743 3356 est.
781 3294 853 3355 Mihi
877 3294 1049 3353 sanevisus
1071 3299 1120 3353 eat

195 3375 347 3439 Paulus?
371 3396 397 3437 o,
419 3377 458 3436 ad
482 3379 640 3439 Romanos
662 3378 803 3439 nonnihil
825 3377 972 3437 adiuvare
994 3372 1119 3441 senatu-

189 3460 267 3518 tiam
292 3458 506 3520 Carolostadii.

279 3536 368 3602 Plura
403 3545 568 3623 scripturus
603 3545 665 3604 alio
704 3544 744 3604 ad
780 3542 972 3604 neeessarias
1006 3554 1120 3622 operas

195 3625 364 3702 avocabar,
396 3645 568 3706 quanquam
592 3628 669 3687 haee
691 3628 823 3687 fortasse
846 3626 1016 3706 prolixiora
1038 3631 1118 3686 sunt.

152 3780 162 3790 ’
203 3750 458 3882 *)Ῑοοπ.3.
498 3749 706 3864 aliumne.
746 3793 976 3863 ···)mu.ssr
1054 3808 1063 3829 ·
