2346 4208
319 213 383 282 habt
403 217 431 279 iu
451 231 572 295 promot.
592 213 736 282 Doctoraii
755 216 853 283 Theoi.
982 212 1044 291 321

123 403 238 471 deinde
258 417 290 472 et
310 420 420 492 peccat
421 434 471 473 um
493 414 593 492 ipsum
614 413 646 473 iu
669 431 762 473 carne
783 419 890 475 nostra
911 415 1045 477 hostilis-

123 495 236 554 simum
258 494 379 556 hostem
409 503 440 557 et
461 503 707 576 oppugnatorem
727 497 927 593 acerrimum,
940 497 1044 576 1)ιιι

123 575 353 657 defatigabilem
377 578 625 653 eonscientiae2)
650 578 851 639 taudemet'
811 588 941 660 trpsam
966 597 1044 641 mor·

122 666 202 738 tem,
225 662 284 720 nisi
307 668 408 722 certos
430 662 574 722 iaceret
566 681 634 741 ipsa
662 663 829 744 sapientia,
859 670 890 723 et
911 681 965 724 ore
987 682 1043 723 suo

122 744 324 823 potentinus
347 745 513 824 animaret,
536 764 604 805 esse
627 744 747 805 scilicet
735 754 824 805 tnos
846 746 1044 806 victoresad-

123 827 329 886 versariorum
359 834 534 888 nostrorum
566 827 712 888 omnium.
755 827 854 889 Habet
886 830 967 888 enim
993 829 1045 888 iin-

123 928 217 990 guam
253 909 464 973 eruditamu
427 908 479 994 (ut
467 909 614 970 tEsaias
646 908 750 993 dicit,)
767 926 833 989 'qua
856 917 960 990 potest
982 911 1044 1008 lap·

123 1011 192 1051 sum
216 1000 389 1054 sustentare
419 993 531 1072 verbo,
560 992 653 1054 habet
674 994 937 1056 testimoniumS.
959 993 1019 1055 ss
1012 1015 1043 1054 ru
1098 994 1106 1011 ¹

122 1074 218 1136 corde
242 1083 359 1173 nostro,
381 1076 464 1155 quod
487 1096 555 1137 oum
579 1074 691 1135 fiducia
712 1077 827 1149 clamat
848 1076 964 1141 Abba
987 1096 1044 1174 pa

123 1158 200 1218 t‘er!
225 1177 286 1236 quo
309 1158 416 1239 spiritu
439 1158 647 1220 clamantet
616 1165 647 1218 et
668 1158 762 1220 verbo
787 1159 1008 1221 sustentante.
1000 1178 1045 1219 ιιι-

123 1240 204 1301 flrmi
225 1240 409 1320 loquuntur,
432 1243 510 1302 sicut
531 1241 700 1322 prophetae
724 1238 897 1321 loquuntur.
940 1240 981 1303 Et
1000 1242 1044 1303 in-

123 1320 230 1385 firmus
264 1325 350 1385 dicit·
385 1325 464 1405 Ego
493 1344 572 1387 eum
594 1325 729 1403 sortis,
766 1331 798 1385 ιι
830 1344 897 1386 cum
930 1324 1044 1387 Paulo:

123 1406 263 1466 Omnia
295 1427 452 1505 possum
488 1409 527 1469 in
556 1427 625 1484 eo,
657 1409 719 1487 qui
749 1427 805 1468 me
827 1409 1045 1470 confortat.

123 1488 186 1552 sed
204 1509 265 1549 non
281 1490 410 1550 scium
402 1510 434 1550 ιιι
447 1489 508 1550 hoc
524 1496 572 1550 est
584 1496 694 1570 potens
708 1502 744 1550 os
757 1486 894 1550 nestrum
917 1498 947 1550 et
964 1492 1045 1571 sapi·

123 1573 209 1633 entia
236 1574 359 1669 victrix,
378 1572 461 1670 quod
480 1592 537 1633 uos
550 1573 581 1632 in
597 1573 786 1634 couscientia
805 1579 910 1633 nostre
925 1574 1045 1634 vinctos

124 1663 157 1716 et
168 1662 270 1715 certos
282 1656 320 1716 de
333 1657 462 1717 victoria
483 1656 564 1732 facit,
587 1676 690 1716 verum
706 1663 737 1715 ιι
748 1656 832 1735 ipsos
851 1655 1045 1716 adversarios

124 1738 249 1801 taudem
272 1757 310 1801 eo
332 1739 433 1820 adigit
451 1745 482 1799 et
502 1740 676 1818 prosternit,
699 1745 732 1798 ut
754 1758 810 1799 sua
831 1756 954 1818 quoque
974 1757 1045 1799 con-

123 1823 255 1883 scientia
277 1823 400 1902 propria
428 1823 562 1883 convicti
593 1828 743 1902 cogantur
772 1820 932 1904 dicere²):
970 1821 1049 1885 Hic

123 1910 184 1965 est
205 1903 355 1984 digitus
377 1906 461 1983 Dei,
485 1905 662 1965 etiterum:
689 1904 885 1983 Nunquam
908 1905 965 1965 sic
992 1905 1047 1966 io-

122 1995 238 2048 cutus
260 1994 322 2048 est
342 1988 464 2066 homo,
487 1988 559 2048 licet
580 1988 667 2048 multi
688 2007 727 2049 ex
748 1987 811 2069 his,
840 1989 891 2067 qui
912 1989 955 2047 ita
977 2006 1048 2049 con·

123 2071 199 2130 victi
221 2069 333 2151 sunt4)
360 2070 532 2150 pharisaica
554 2072 700 2151 opinione
724 2077 755 2130 et
776 2070 960 2150 malitiaper
981 2070 1046 2131 dia·

126 2152 232 2214 bolum
256 2153 393 2231 obsessi,
422 2155 553 2234 gloriam
582 2155 698 2214 victrici
722 2155 892 2233 sapientiae
915 2173 977 2215 non
1000 2155 1049 2213 tri·

125 2236 237 2315 hoaut,
275 2244 376 2297 tamen
399 2244 432 2296 ιιι
462 2245 622 2298 serventur
644 2236 765 2316 contisi,
794 2238 928 2297 sentiunt
949 2237 1048 2298 victos

125 2338 197 2380 sese
219 2339 288 2380 esse
301 2319 357 2396 ⁶),
390 2321 434 2380 ita
461 2322 544 2381 etin
566 2322 702 2399 utrisque
723 2322 797 2381 satis
821 2320 983 2381 manifesta
1004 2325 1051 2380 est

126 2403 269 2483 potentia
298 2405 359 2463 oris
391 2409 422 2462 et
449 2405 620 2482 sapientiae
643 2403 762 2465 Christi.
806 2403 884 2463 Nam
917 2404 968 2482 qui
1000 2422 1049 2465 oa-

126 2484 205 2545 dunt
228 2492 259 2546 et
280 2486 413 2546 fatentur
435 2505 469 2545 se
491 2488 605 2565 victos,
627 2485 702 2546 daut
723 2488 882 2546 victoriam
902 2493 934 2546 et
956 2486 1048 2547 felici-

124 2575 173 2629 ter
201 2589 235 2629 se
258 2588 328 2629 esse
351 2570 450 2629 victos
472 2569 609 2649 gaudent
643 2575 674 2628 ιι
700 2570 814 2648 gratias
841 2576 946 2649 agunt.
990 2567 1049 2642 Qui

122 2670 199 2711 vero
222 2671 285 2712 non
307 2652 455 2731 fatentur,
478 2653 599 2713 etiamsi
622 2653 776 2730 sentiant,
797 2659 929 2731 pergant
949 2651 1048 2731 indig-

123 2735 211 2811 nari,
239 2736 355 2814 furere,
388 2734 603 2816 blasphemare
632 2735 710 2795 haec
733 2736 867 2794 maxima
904 2733 1048 2816 causa0),

124 2818 208 2896 quod
229 2819 327 2878 victos
358 2837 391 2877 se
413 2821 550 2879 sentiunt
582 2826 613 2879 et
634 2825 737 2879 tamen
767 2819 865 2877 victos
887 2835 957 2878 sese
979 2837 1048 2879 esse

122 2900 229 2997 pudet.
272 2900 368 2961 Nobis
390 2901 511 2997 placeat
532 2903 714 2981 fortissima,
737 2908 846 2980 potent
845 2901 960 2996 issima,
981 2919 1050 2961 sua·

123 2984 250 3044 vissima
272 2985 441 3064 sapientia,
477 3005 532 3065 per
564 3004 655 3064 quam
690 2984 779 3046 nobis
807 2983 892 3080 dat„
889 2983 1048 3044 victoriam

122 3067 208 3127 Deus
231 3073 318 3147 pater
341 3069 440 3127 omnis
468 3070 636 3147 victoriae,
671 3050 892 3130 benedictus*
881 3085 913 3127 nr
934 3065 1049 3130 secula

122 3151 234 3211 Amen

165 3298 194 3353 1ι
222 3296 373 3352 Schneider
390 3299 435 3350 hic
446 3299 579 3352 omissum
594 3312 655 3351 esse
674 3301 780 3352 censet:
802 3300 836 3350 et.
858 3294 891 3365 2)
902 3291 1054 3349 Schneider

125 3371 381 3439 interpungendum
403 3386 464 3423 esse
484 3372 623 3438 opinatur:
654 3368 892 3437 indefatigabilem
913 3368 1052 3421 eonscien-

123 3445 198 3509 tiae,
217 3440 329 3494 taudem
350 3448 377 3493 et
395 3445 483 3509 ipsam
504 3447 619 3494 mortem
640 3447 689 3493 ete.
728 3441 758 3506 3)
780 3441 924 3492 Schittzius
941 3439 986 3490 hic
1004 3452 1052 3507 po·

122 3515 179 3567 suit
198 3521 383 3581 punctum.
422 3513 455 3581 4)
476 3513 627 3566 Schneider
655 3519 719 3582 post
749 3528 809 3566 voc.
836 3516 921 3564 sunt
939 3525 1050 3564 comma

121 3585 282 3654 ponendam
302 3601 363 3637 ease
382 3586 545 3653 suspicatur.
584 3586 612 3651 5)
632 3584 784 3636 Schneider
802 3589 866 3652 post
884 3599 944 3638 voc.
964 3597 1049 3634 esse

122 3662 256 3725 puuctum
275 3656 434 3725 ponendum
454 3673 516 3710 esse
535 3663 621 3726 putat.
641 3657 674 3724 s)
696 3656 840 3709 Scheider:
856 3655 914 3707 vhac
925 3655 1049 3706 maxime

120 3745 216 3783 causa.

159 3851 254 3893 Luthert
268 3863 319 3901 opp.
337 3852 363 3894 V.
379 3851 407 3892 A.
422 3851 450 3891 ad
464 3851 505 3893 ras.
519 3851 570 3892 hist
584 3852 599 3892 1.
612 3861 635 3902 p.
648 3849 699 3892 Vei.
711 3849 751 3891 IV.
842 3829 890 3895 Ἃ
