2346 4208
57 248 63 259 l
122 274 186 343 252
353 260 446 330 ΒεεοΓ
467 278 494 329 L.
515 233 599 345 adper
617 276 803 344 Proposltion.

125 461 193 520 sine
215 462 367 543 gratim),
392 459 517 544 “quanto
541 465 639 544 magis
661 463 744 523 nulla
767 463 830 523 alio
852 480 949 543 opera
968 464 1023 521 suut

124 544 291 617 neutralia,
314 565 368 607 seu
386 549 416 607 in
439 566 552 627 genere
576 566 692 607 morum
716 546 808 606 bona

206 627 327 706 Tertio,
361 631 432 689 Luo.
459 632 511 692 12:
546 631 608 690 Ant
633 631 725 689 ieeite
746 629 888 689 arborem
918 626 1025 697 bonam,

123 716 155 770 et
174 709 304 769 fruolum
328 715 393 773 eins
417 713 542 790 bonum,
566 720 619 772 aut
640 712 730 772 faeite
754 710 895 771 arborem
919 710 1025 785 malam,

124 799 156 853 et
183 793 312 853 fructum
336 798 400 855 eius
425 797 547 857 malum.
570 796 627 855 Hie
649 795 723 855 nihil
747 794 881 854 medium
904 792 1026 854 cunina

123 877 271 955 permittit
300 878 445 959 intelligi,
478 880 557 939 sieut
585 886 616 939 et
635 879 750 938 ibidem
773 870 881 937 dieit:‘
898 875 958 952 Qui
976 892 1026 935 uon

124 966 172 1018 est
194 978 323 1037 meeum,
347 970 455 1023 eontra
476 982 526 1022 me
549 969 605 1039 est,
628 969 660 1022 st
681 963 732 1041 qui
753 980 818 1022 nou
840 959 961 1041 oolligit
978 976 1027 1018 me
1065 1006 1071 1013 .

124 1060 204 1119 eum,
226 1041 384 1124 dispergit.
427 1045 539 1122 Vides,
563 1044 644 1123 quod
668 1052 721 1105 aut
743 1063 810 1103 oum
833 1043 958 1103 Christo
977 1038 1027 1101 eol·

123 1123 280 1204 ligendum
302 1134 356 1188 aut
377 1128 624 1209 dispergendum,
645 1128 695 1188 vel
710 1146 782 1187 eum
804 1144 842 1186 eo
866 1126 917 1186 vel
935 1129 1028 1187 ouum

124 1226 193 1267 eum
217 1227 286 1268 esse
319 1217 479 1290 oporteat,
513 1218 544 1270 nt
566 1222 676 1271 eontra
697 1229 782 1287 eum,
816 1228 880 1270 non
909 1215 958 1269 est
981 1205 1027 1267 nisi

124 1296 295 1370 peecatum,
319 1312 377 1353 nee
399 1293 557 1375 dispergit,
581 1294 640 1354 nisi
661 1294 712 1372 qui
734 1298 852 1372 peceat.

147 1412 152 1419 -
208 1373 335 1453 Quarto,
358 1377 469 1436 Johan.
495 1381 548 1441 lb:
584 1377 708 1454 Siquis
739 1377 770 1435 in
794 1392 845 1434 me
874 1392 936 1434 non
959 1390 1028 1433 man·

123 1457 205 1532 serit,
229 1459 364 1518 mittetur
377 1459 459 1520 foras
473 1461 551 1520 siout
571 1460 690 1540 palmes
712 1465 743 1518 et
765 1463 887 1518 areseet
908 1462 940 1517 et
956 1452 1026 1516 eolli-

123 1545 197 1617 gent
219 1558 298 1617 eum,
321 1544 404 1601 etin
426 1543 528 1623 ignem
553 1544 682 1621 mittent,
706 1548 738 1601 et
760 1540 857 1603 ardet.
880 1539 1028 1599 Eooeare·

124 1623 182 1681 soit
197 1629 228 1681 et
239 1625 326 1702 perit,
349 1626 484 1703 quisquis
506 1632 595 1684 extra
606 1625 759 1685 Christum
773 1629 836 1701 est,
858 1628 890 1683 et
911 1620 1027 1695 tudiais,

125 1712 274 1783 neutrum,
297 1707 379 1785 quod
402 1727 461 1767 neo
483 1715 602 1768 arescat
622 1726 722 1787 neque
744 1708 887 1785 virescat,
910 1702 965 1766 sed
978 1720 1028 1763 me·

122 1785 203 1846 dium
227 1808 260 1848 se
282 1790 448 1869 aliquando
470 1791 574 1851 habet.

204 1870 335 1946 Quinto,
370 1874 478 1933 Roma.
507 1875 555 1935 ld:
591 1873 691 1933 Omne
723 1870 807 1950 quod
843 1887 906 1930 non
935 1874 1028 1931 estex
1063 1866 1071 1873 '

123 1951 194 2031 lide,
217 1962 378 2034 peecatum
402 1962 459 2032 est,
482 1956 564 2035 quod
588 1957 621 2016 B.
644 1954 834 2034 Augustinus
855 1970 914 2033 pro
935 1948 1031 2031 regul!

122 2034 221 2096 habet.
267 2037 357 2112 Quod
379 2045 481 2098 autem
497 2038 611 2119 dieunt,
634 2037 675 2097 ibi
698 2036 788 2097 fidem
811 2034 1030 2116 proauorum

60 2171 86 2191 „
123 2119 165 2176 tia
186 2120 302 2198 aeeipi,
338 2128 369 2180 et
396 2122 571 2201 apostolum
594 2121 679 2200 loqui
701 2120 740 2180 de
760 2121 814 2197 iis,
850 2117 902 2197 qui
936 2120 1062 2205 eontra¹

122 2203 342 2262 conscientiam
378 2211 558 2284 operentur,
589 2222 764 2282 quanquam
799 2202 861 2261 hoo
882 2201 916 2264 Β.
940 2200 1031 2279 Augu·

122 2284 218 2342 atinus
240 2286 371 2364 repellit,
394 2294 496 2346 tamen
511 2306 579 2428 age,
603 2288 641 2346 sit
662 2287 714 2347 ita.
758 2285 870 2345 Adhne
890 2289 955 2344 stat
974 2298 1030 2341 sen·

123 2367 235 2442 tentia,
259 2369 309 2447 qui
333 2388 394 2429 non
418 2370 512 2430 habet
556 2369 678 2429 demin
702 2369 839 2440 Christo,
863 2363 1033 2427 nonhabet

123 2451 345 2510 conscientiam
381 2451 494 2512 bonam
531 2472 605 2532 erge
633 2451 739 2516 Deum.
782 2451 866 2529 Ergo
899 2449 952 2509 vel
978 2464 1031 2507 nou

122 2530 227 2606 eredit,
252 2534 299 2593 vel
323 2534 441 2594 dubitat
462 2555 496 2595 se
517 2535 641 2614 plaeere
662 2535 729 2593 Deo
750 2535 782 2592 in
804 2530 951 2612 operibus
970 2530 1033 2590 suis.

122 2612 153 2673 Si
178 2613 311 2692 dubitat,
344 2625 454 2698 peeeat
487 2625 595 2678 eontra
617 2617 852 2693 conscientiam,
885 2614 1033 2694 quianon

120 2697 217 2756 eredit
238 2697 382 2776 firmiter,
405 2719 439 2759 ee
461 2702 528 2760 Deo
552 2701 685 2780 plaeere.
729 2697 832 2772 Quare
861 2699 936 2778 agit,
960 2690 1034 2775 quod

121 2779 218 2840 eredit
242 2801 304 2841 non
328 2783 458 2861 bouum,
491 2785 586 2842 etita
609 2802 732 2861 semper
754 2786 872 2862 peeeat.
896 2779 972 2840 Sola
990 2796 1036 2839 au·
1062 2808 1069 2825 ι

122 2870 182 2922 tem
207 2863 283 2923 fides
306 2864 433 2925 firmiter
455 2865 585 2926 conlidit
612 2885 645 2925 se
669 2865 792 2944 plaeere
814 2863 900 2941 Deo,
934 2867 966 2923 et
984 2860 1037 2921 hta

121 2944 181 3004 fide
204 2946 247 3024 lit,
271 2954 304 3007 ut
326 2948 503 3026 plaoeamus
518 2949 597 3025 Deo,
621 2948 690 3026 quia
714 2947 792 3007 haee
812 2944 890 3005 fides
913 2962 987 3006 vere
1002 2940 1037 3003 de

122 3028 189 3088 Deo
214 3029 294 3090 bono
316 3032 417 3110 sentit,
441 3050 478 3091 ao
501 3051 556 3111 pro
569 3032 636 3090 Deo
652 3048 726 3090 vero
743 3049 812 3088 eum
835 3027 940 3105 habet,
957 3044 1037 3107 prae·

120 3130 243 3171 sumens
266 3112 349 3172 bona
386 3113 424 3173 de
448 3115 534 3192 ipso,
566 3115 652 3172 iuxta
672 3112 747 3171 illud
771 3112 841 3190 Sap.
868 3115 902 3172 l:
926 3109 1038 3171 Sentita

119 3193 158 3253 de
180 3195 314 3255 Domino
337 3197 368 3254 in
390 3196 537 3257 bonitate.
569 3195 747 3276 Imposibile
771 3201 819 3255 est
842 3194 924 3253 enim
947 3191 1038 3253 homi·

48 3330 57 3338 .
121 3296 190 3335 nem
214 3277 331 3337 salvum
355 3297 434 3357 esse,
458 3286 489 3339 et
511 3279 591 3339 bene
613 3280 726 3354 vivere,
749 3278 807 3337 nisi
831 3275 871 3336 de
883 3276 952 3337 Deo
970 3292 1038 3355 erga

120 3378 154 3419 se
176 3361 276 3439 ipsum
300 3361 379 3421 bene
401 3363 522 3424 sentiat.

205 3442 313 3518 Sexto,
338 3442 390 3525 (ut
411 3445 551 3504 omittam
573 3444 678 3523 plura,
718 3462 758 3503 ne
785 3441 937 3521 prolixior
965 3442 1035 3517 sim)

120 3523 241 3585 adduoo
272 3524 439 3605 rationem,
482 3545 543 3605 qua
575 3528 667 3586 utitur
695 3525 760 3586 fere
788 3524 819 3585 S.
842 3523 1037 3606 Augustinus,

156 3717 193 3840 1gi
206 3718 236 3769 ln
253 3718 315 3773 edd.
336 3722 418 3789 orig:
440 3722 467 3772 Si
479 3736 546 3788 ergo
557 3735 643 3789 opera
661 3720 731 3788 legis
743 3718 966 3777 suntmslodioto
983 3720 1036 3771 eiua

122 3803 173 3856 gra
195 3804 219 3841 a.
534 3822 538 3828 -
950 3798 953 3805 ’
