2346 4208
121 219 186 289 232
214 249 218 257 ·
450 221 595 277 Tractatus
615 223 724 278 lutheri

121 432 225 476 coram
247 411 315 473 Deo
337 431 503 493 apparere,
530 431 588 492 pro
609 411 678 472 aliis
700 430 807 489 orare,
840 417 874 472 et
896 431 954 473 nos
975 412 1047 475 iuvi·

122 515 188 557 cem
212 516 258 568 ea,
282 515 360 576 quae
384 495 440 557 Dei
463 505 548 570 cunt,
573 495 695 556 docere.
738 495 824 556 Haec
845 495 930 555 euim
954 514 1048 557 cacer-

120 579 226 641 dotum
257 577 359 639 officia
386 585 471 655 sunt,
504 598 583 657 quae
602 598 740 658 ‚prorsus
775 578 855 655 nulli¹
890 578 1048 640 incredulo

124 663 254 725 concedi
277 669 416 742 possunt.
459 662 549 736 Ital)
575 661 711 722 Christus
732 661 823 723 nobis
846 661 1000 740 obtinuit,
1027 662 1049 723 si

121 747 152 808 iu
184 765 252 807 eum
277 745 445 821 credimus,
480 753 513 804 ut
534 746 613 807 sicut
634 746 818 823 confratres,
856 745 1048 806 cohaeredes

122 837 153 889 et
182 848 343 910 correges,
370 829 414 889 ita
435 836 465 888 et
488 829 726 889 consacerdotes
748 831 775 890 ei
798 829 916 904 cimus,
938 828 1050 890 auden·

123 919 168 974 tos
191 931 258 973 cum
282 911 401 986 flduoia,
424 914 627 992 perspiritum
641 911 723 990 fidei,
745 931 849 972 coram
869 911 940 973 Deo
962 911 1050 993 prod·

122 997 183 1072 irc,
218 1003 248 1055 et
272 995 420 1055 clamare:
457 995 671 1075 Abbcpcter,
703 1002 735 1056 et
766 995 845 1055 alter
867 1014 924 1074 pro
950 995 1047 1056 altero

124 1096 215 1140 orare
251 1084 283 1139 et
304 1079 408 1138 omnia
441 1078 559 1153 facere,
596 1097 676 1157 quae
699 1076 837 1139 videmus
880 1077 998 1143 visibili
1024 1085 1052 1138 et

125 1161 279 1242 corporali
319 1160 421 1220 officio
457 1162 650 1222 sacerdotum
680 1163 745 1243 geri
774 1170 804 1221 et
826 1160 972 1241 figurari3
1004 1163 1050 1241 qui

124 1263 197 1305 vero
223 1263 284 1304 non
308 1243 480 1319 crediderit,
502 1245 573 1304 huic
595 1244 669 1304 nihil
690 1246 784 1305 servit
805 1253 859 1304 aut
880 1245 912 1304 in
936 1243 1049 1306 bonum

123 1333 328 1407 cooperatur,
350 1325 404 1387 sed
428 1329 564 1388 omnium
586 1329 653 1408 ipse
675 1348 781 1389 servus
804 1335 868 1400 est,
893 1333 925 1388 et
948 1329 1050 1388 omnia

123 1411 150 1471 ci
174 1409 287 1471 cedunt
308 1411 338 1470 in
364 1409 497 1489 malum,
526 1413 598 1488 quia
620 1411 762 1472 omnibus
784 1411 881 1490 impie
906 1411 1002 1472 utitur
1022 1411 1049 1470 iu

124 1513 180 1554 sua
203 1493 377 1570 commoda,
399 1512 462 1554 uon
484 1495 515 1553 in
535 1495 591 1554 Dei
617 1495 756 1575 gloriam.
800 1495 846 1554 lta
868 1512 928 1554 neo
952 1513 1049 1555 sacer·

123 1575 180 1637 dos
203 1585 259 1652 est,
282 1575 336 1637 sed
361 1577 518 1656 profanus,
540 1578 625 1637 cuius
647 1578 744 1638 oratio
768 1576 802 1637 fit
822 1579 852 1636 iu
877 1585 1049 1657 peccatum,

123 1679 180 1721 uec
202 1679 304 1721 coram
328 1660 396 1720 Dec
418 1679 551 1740 unquam
573 1668 717 1741 apparet,
740 1661 810 1740 quia
833 1660 918 1719 Deus
943 1680 1049 1740 pecco

122 1750 205 1804 tores
228 1762 290 1803 uon
314 1741 448 1804 exaudit.
1012 1774 1016 1782 ·

206 1825 281 1901 Quis
314 1845 388 1906 ergo
421 1825 683 1906 comprehendere
717 1833 821 1907 potest
855 1826 1048 1888 altitudinem

123 1909 280 1991 diguitatis
303 1909 510 1988 Christianae,
543 1929 622 1988 quae
644 1929 699 1989 per
726 1910 861 1990 regalem
885 1929 975 1970 suam
999 1929 1047 1990 po

123 1994 248 2055 tentiam
272 1993 408 2054 omnium
432 1991 622 2071 dominatur,
653 1994 775 2069 mortis,
806 1993 907 2070 vitae,
929 1993 1048 2073 peccati

126 2084 202 2153 etc,
236 2095 291 2156 per
326 2075 548 2137 sacerdotalem
586 2095 659 2136 vero
682 2075 810 2155 gloriam
841 2074 924 2154 apud
949 2076 1046 2137 Deum

126 2160 230 2220 omnia
252 2165 372 2238 potest,
405 2160 476 2237 quia
499 2159 581 2219 Deus
603 2160 691 2234 facit,
727 2177 805 2236 quae
827 2160 896 2238 ipae
919 2161 1000 2238 petit
1020 2166 1047 2219 et

123 2249 225 2321 optat,
254 2242 332 2300 sicut
354 2243 498 2321 scriptum
522 2242 629 2323 territt:
653 2242 850 2302 Voluntatem
875 2243 1047 2303 timentium

125 2345 158 2384 se
181 2325 280 2401 saciet,
305 2332 335 2384 et
358 2325 605 2404 deprecationem
629 2344 735 2385 eorum
754 2324 915 2402 exaudiet,
939 2335 972 2386 et
994 2325 1046 2386 sol-

124 2427 179 2468 vos
202 2407 294 2467 faciet
315 2407 407 2468 illos?
431 2408 480 2467 Ad
503 2407 583 2467 hanc
604 2408 734 2486 gloriam
757 2415 839 2468 certe
861 2409 957 2468 nullis
980 2428 1047 2488 ope·

123 2489 214 2562 ribus,
238 2489 291 2550 sed
315 2490 382 2550 sola
404 2489 464 2550 lide
487 2493 634 2571 pervenit.

205 2574 253 2633 Ex
275 2574 311 2632 iis
335 2572 417 2633 clare
440 2574 544 2634 videre
577 2580 681 2655 potest
710 2572 852 2652 quilibet,
891 2574 1047 2653 quomodo

123 2657 313 2718 Christianus
347 2656 439 2718 homo
477 2656 553 2724 liber
584 2666 632 2717 est
666 2655 703 2716 ab
733 2656 874 2717 omuibus
904 2666 936 2717 et
959 2678 1047 2739 super

123 2741 245 2815 omnia,
279 2741 321 2800 ita
344 2746 376 2799 ut
397 2739 491 2799 nullis
515 2740 659 2821 operibus
681 2739 719 2799 ad
743 2739 804 2801 hoc
825 2739 983 2820 indigeat,
1020 2747 1048 2800 ut

123 2825 219 2884 iustus
242 2830 273 2883 ct
294 2822 396 2881 salvus
419 2824 474 2898 sit,
497 2823 552 2883 sed
575 2824 641 2885 sola
664 2820 740 2882 fides
762 2822 840 2882 haec
862 2825 972 2885 omnia
994 2825 1045 2884 lur-

122 2907 202 2986 gitur
224 2905 354 2966 abunde.
398 2904 487 2980 Quod
511 2908 536 2966 si
559 2907 604 2967 sic
626 2906 795 2986 desiperet,
818 2912 851 2965 ut
873 2926 929 2985 per
953 2907 1045 2968 ullum

126 3008 204 3068 opus
228 2989 342 3050 bonum
360 2998 569 3067 praesumeret
591 2990 697 3064 iustus,
719 2988 804 3065 liber,
828 2989 945 3067 salvus,
969 2990 1047 3052 Chri·

123 3073 238 3132 stianus
262 3071 343 3146 lieri,
375 3074 477 3131 statim
511 3075 664 3134 amitteret
697 3071 789 3132 fidem
812 3091 881 3132 cum
906 3073 1047 3136 omnibus

126 3154 225 3215 bonis.
269 3154 356 3230 Quae
379 3155 507 3216 stultitia
529 3156 654 3237 pulchre
670 3155 798 3236 figurata
822 3164 869 3214 est
892 3157 921 3215 in
948 3156 1048 3218 fabulo

123 3238 184 3314 illa,
208 3238 256 3298 ubi
282 3238 365 3297 canis
387 3238 417 3296 in
441 3258 521 3317 aqua
542 3258 675 3314 currens,
697 3246 727 3298 et
749 3257 871 3298 carnem
897 3241 1046 3301 veramiu

124 3340 178 3382 ore
201 3328 342 3401 gestans,
365 3319 512 3400 deceptus
536 3321 642 3382 umbra
663 3323 762 3382 carnis
785 3323 815 3381 in
840 3341 922 3400 aqua
943 3330 1046 3403 puteu-

123 3403 205 3480 tis2),
228 3403 299 3464 dum
318 3403 447 3464 eandem
472 3413 578 3485 aperto
601 3406 676 3466 rictu
690 3407 775 3486 petit,
799 3425 902 3465 veram
926 3424 1047 3468 carnem

121 3487 210 3547 simul
234 3506 301 3547 oum
324 3487 458 3567 imagine
481 3488 590 3567 perdit.

141 3629 158 3634 .-
167 3626 479 3634 mmm—..—
493 3629 501 3634 ,
509 3629 513 3634 ,

121 3738 125 3745 ,
196 3680 221 3738 ll
243 3676 271 3727 ln
292 3676 334 3731 ed.
353 3677 428 3733 deu:
448 3678 510 3731 Ista.
548 3678 580 3737 2)
604 3677 722 3731 lbidem:
743 3679 875 3744 parentis.

194 3748 225 3815 ·)
245 3747 318 3803 Paul.
342 3750 401 3805 145.
