2346 4208
120 241 184 314 230
456 242 537 296 suns
554 242 705 298 ιωιιιι.

145 429 255 497 nabis
276 429 399 492 fratrem
423 438 525 511 tunm,
553 431 626 512 qain
650 431 751 512 potins
773 422 968 492 revelatione
988 428 1041 490 tao

152 524 199 576 ,ιε
220 514 358 575 veritatis
379 514 471 576 oedat
491 534 576 575 error
597 515 733 591 veritati,
763 520 798 574 ut
816 519 902 574 reete
924 514 956 573 in
977 531 1043 572 eon·

166 598 237 658 oilio
271 597 516 678 Carthaginiensi
550 599 670 658 monuit
696 595 850 659 Zosimus.
900 596 962 657 aad
987 597 1043 655 iem

167 680 275 761 pluris,
297 700 388 759 quem
412 681 558 761 oportuit,
580 680 774 762 interpellavi
787 688 846 743 ιε’
872 680 969 760 Igitur
982 679 1044 740 Bul·

167 764 231 825 lam
255 782 453 843 prosequere.

209 846 268 921 Qui
302 847 424 926 quidem
460 866 581 908 errores
613 848 825 927 respeetises)
861 864 956 924 quam
991 846 1048 905 sint

126 930 281 1010 pestiferi,
309 949 399 1009 qnam
422 931 603 1010 perniciosi,
626 949 717 1010 quam
740 929 1046 1008 theomesis-quan

126 1013 244 1092 piarum
268 1020 300 1074 et
321 1012 503 1093 simplicium
539 1014 685 1076 mentium
713 1012 934 1088 sedsetivib),
961 1030 1048 1090 qnam

126 1096 260 1174 deniqne
281 1097 342 1158 sint
353 1103 461 1158 εοιιιιιι
471 1102 503 1172 0)
529 1117 651 1157 omnem
675 1098 833 1157 oaritstem
855 1109 894 1155 ao
915 1094 949 1156 8.
963 1095 1048 1156 Rom.

127 1179 297 1256 ecelesias,
329 1180 434 1240 matris
464 1181 599 1241 omnium
621 1177 803 1250 fideliumd)
821 1186 860 1239 'et
886 1179 1051 1258 magistrae

127 1260 252 1339 fideie),
272 1263 487 1340 reverentiam,
510 1270 602 1342 atque
614 1283 741 1323 nervum
761 1261 997 1323 eoelesiastiose
1013 1260 1051 1321 di·

127 1343 326 1442 soiplinaei),
349 1344 554 1407 obedientiam
570 1346 737 1443 soilioets),
759 1362 840 1424 quae
861 1344 936 1406 tons
957 1352 1053 1405 estet

127 1428 217 1509 origo
240 1430 376 1489 omnium
399 1430 558 1508 virtutum,
596 1431 664 1490 sine
697 1447 758 1509 qua
776 1427 869 1488 iaoils
892 1427 1051 1507 unusquis

127 1529 187 1606 que
207 1508 382 1585 infidelish)
409 1531 478 1573 esse
500 1513 714 1591 oonvinoitur,
735 1529 827 1571 nemo
851 1528 951 1571 sanae
972 1530 1052 1571 men·

128 1595 178 1655 ιιε
187 1591 356 1676 ignorati).

168 1674 298 1760 a)Hoo
318 1678 491 1756 respeotive
519 1677 591 1757 qaid
619 1677 688 1738 est?
724 1630 782 1737 llio
801 1619 928 1755 aperte,
960 1683 997 1737 ιιι
1027 1683 1054 1738 te

168 1761 334 1905 sepiamus.
368 1759 404 1856 bl
431 1759 463 1822 si
490 1760 530 1820 od
551 1760 756 1822 insatiabilem
786 1765 870 1820 tuam
893 1760 1053 1821 avaritiam

168 1843 313 1923 respioiat
334 1844 411 1922 quis.
435 1849 472 1919 o)
495 1843 554 1904 llio
575 1851 658 1905 tuam
676 1843 898 1905 ooneoiorrtiam
922 1842 1054 1924 appello,

168 1926 313 2005 Decime,
344 1926 402 1987 nisi
424 1945 519 1987 vocas
543 1928 703 1988 oaritatem
727 1933 758 1987 tu
780 1923 948 2005 servilem,
980 1944 1056 2006 qaas

164 2009 225 2071 tibi
246 2007 291 2084 fir,
315 2008 547 2071 subiectionem.

170 2090 208 2172 d)
235 2090 398 2151 Violentae
421 2092 602 2172 tyrannidis,
620 2100 652 2153 et
673 2111 753 2172 qnae
775 2089 839 2151 fieri
863 2110 926 2152 neo
948 2091 1053 2172 possit,

169 2194 228 2235 neo
249 2175 377 2250 debeat,
401 2177 511 2255 cuique
531 2176 593 2236 hoe
614 2175 793 2256 praesertim
817 2183 965 2254 tempore
987 2175 1055 2235 resi·

169 2258 207 2318 sti
234 2265 378 2336 oporteat
395 2259 631 2320 animosissime.
752 2290 753 2295 1

169 2339 203 2421 e]
230 2338 347 2417 Qualis,
369 2340 452 2401 bone
476 2341 605 2421 Christe,
627 2339 699 2401 fidei
720 2341 868 2419 magistra
891 2347 959 2418 est,
981 2359 1054 2420 quae

168 2423 322 2503 publicam
353 2422 445 2484 fidem
478 2424 584 2486 abolet
619 2434 651 2484 et
670 2423 833 2484 interiecto
856 2422 1054 2484 iureiurando

167 2508 308 2587 peierare
330 2525 389 2566 nos
412 2506 514 2577 dooet,
538 2506 720 2585 areligione
742 2513 843 2568 autern
861 2505 1053 2569 alienaadeo

168 2595 230 2664 est,
266 2599 299 2649 ut
333 2608 472 2650 seomma
493 2591 612 2651 Romae
650 2592 704 2651 sit:
742 2588 820 2650 bene
847 2587 1054 2650 Christianum

168 2672 244 2750 diei,
266 2681 297 2732 te
319 2692 392 2733 vero
415 2672 503 2750 ridet,
526 2680 671 2752 tuumque
692 2679 830 2733 sonetum
850 2671 1054 2753 Evangelium

169 2755 263 2817 habet
284 2774 338 2835 pro
363 2755 476 2817 sabulo.
520 2756 618 2818 Perde
641 2775 709 2831 nos,
732 2755 868 2830 Christe,
892 2757 955 2816 nisi
985 2755 1055 2817 haee

168 2839 212 2897 ita
233 2836 397 2921 habent¹).

168 2920 194 2981 ιι
222 2919 320 2994 Quam
343 2929 391 2981 est
412 2918 613 2999 inbeei11e2)
638 2941 766 3001 eorpus,
789 2919 962 3000 quodquod
987 2919 1054 2982 illud

169 3013 224 3079 est,
247 3003 328 3083 quod
352 3003 462 3065 talibus
483 3006 585 3066 nervis
608 3005 731 3086 regitur

169 3089 207 3163 g]
230 3086 329 3167 Magis
360 3093 484 3167 oportet
517 3087 643 3150 obedire
666 3088 733 3149 Deo
756 3106 846 3165 quam
871 3085 1054 3160 hominibus,

168 3168 306 3232 Deoime
349 3169 396 3233 Tu
418 3179 520 3231 autem
542 3174 626 3246 (oum
643 3171 801 3251 Apostolis
819 3169 952 3229 didimus
977 3170 1053 3243 tibi»,

170 3252 195 3310 si
219 3253 330 3312 iustum
362 3255 439 3312 εει
431 3274 462 3313 rn
493 3261 662 3334 conspeetu
684 3254 741 3313 Dei
773 3261 804 3312 te
825 3252 932 3332 potius
956 3252 1054 3313 audire

170 3353 261 3413 quam
283 3336 399 3412 Deum,
433 3336 535 3396 iudioa
562 3356 636 3413 nos,
671 3355 749 3416 quae
772 3335 914 3397 Christus
945 3335 1053 3413 doooit

171 3437 233 3478 non
256 3436 420 3497 possumus
444 3439 506 3480 non
530 3426 560 3479 et
575 3420 730 3500 loquendo
754 3420 838 3498 sequi
852 3423 885 3477 et
904 3418 1052 3480 faciendo.

171 3499 209 3576 h)
224 3501 338 3561 ·Potius
361 3500 501 3562 infideles
524 3502 686 3564 arbitrarer
708 3520 855 3568 essenos.
881 3502 908 3561 si
931 3501 990 3564 tibi
1010 3520 1052 3583 ps

145 3599 523 3619 *Lm-

201 3664 230 3728 1)
249 3663 281 3715 ln
300 3663 363 3717 edit
384 3664 509 3720 hidnchm
545 3664 690 3757 habentur.
726 3662 760 3729 2)
782 3661 902 3717 Ibidem:
924 3667 1054 3733 quemad

128 3734 183 3788 hoe
200 3735 338 3789 imbecille
355 3749 464 3805 corpus.
