2346 4208
118 256 184 325 270
368 262 459 316 Resol.
480 263 506 317 L.
525 279 609 332 super
626 262 815 332 Proposition.

120 448 181 509 boc
201 449 281 509 enim
305 458 353 509 est
374 458 492 511 mutare
515 451 690 512 mandatum
714 451 788 527 Dei,
816 449 873 511 sad
903 448 1037 529 ignoscit·

120 530 202 610 quod
227 534 325 593 minus
347 533 485 593 facimus.
528 534 599 595 Non
630 542 733 593 autem
758 535 895 614 ignoscit
915 538 1032 593 sterten-

122 614 218 692 tibus,
246 615 301 674 sed
324 616 539 694 operantibus,
568 618 744 677 timentibus
773 624 896 677 etcum
918 613 1034 675 Jobd'r

120 698 275 758 centibus:
300 699 437 760 Verebar
466 702 570 760 omnia
600 720 696 779 opera
724 719 809 779 mss,
839 700 943 759 sciens
970 712 1034 776 quo

120 782 199 839 niam
241 801 302 841 non
345 785 445 860 parcis
480 783 678 861 delinquenti.
735 783 780 841 llli
808 801 885 843 vero
921 781 1034 857 docem

121 863 205 942 quod
225 872 334 943 parcat
354 864 560 944 delinquenti,
587 866 659 926 dum
682 865 797 939 dicunt,
817 883 885 927 non
908 863 1032 942 requirit

119 946 202 1007 Cave
225 966 318 1027 ergo,
351 967 390 1007 ne
413 957 595 1027 potesate
618 968 679 1008 non
702 950 814 1026 requiri
837 955 938 1009 totum
962 964 1033 1007 msu-

119 1029 246 1105 datum,
282 1050 321 1090 ne
349 1031 428 1092 forte
449 1035 574 1112 ignores
605 1041 633 1091 te
657 1042 803 1109 quantum
824 1030 944 1091 debeas
964 1030 1033 1103 Dec,
1064 1040 1067 1055 ¹

118 1132 157 1172 ac
177 1132 233 1191 per
253 1113 313 1174 hoc
335 1114 495 1193 superbias
517 1134 555 1173 ac
578 1115 698 1193 tepidus
721 1113 801 1189 lias,
823 1114 957 1194 gratiam
978 1113 1032 1175 sius

118 1196 296 1272 fastidiens,
317 1196 356 1256 ad
379 1216 469 1275 quam
493 1207 633 1276 tequam
657 1198 790 1257 maxime
812 1215 926 1277 urgere
947 1195 1033 1261 voluit

118 1280 264 1340 mandato
286 1278 340 1340 tibi
363 1280 554 1359 impossibili.

199 1378 233 1438 In
263 1379 324 1438 [ine
358 1381 467 1439 iterum
497 1380 609 1441 induco
639 1380 810 1442 orationem
844 1378 1030 1449 dominicam,

118 1481 197 1541 quae
220 1461 288 1521 sola
310 1462 378 1541 plus
406 1472 437 1522 et
460 1464 568 1523 melius
590 1462 689 1523 erudit
717 1465 846 1522 animam
881 1461 921 1523 da
945 1460 1029 1521 libero

118 1545 263 1621 arbitrie,
292 1549 390 1625 gratia
412 1554 443 1605 et
465 1555 610 1624 peccato,
646 1565 735 1626 quam
760 1563 868 1605 ornnes
891 1544 1028 1604 recentis

119 1647 185 1687 rum
211 1627 425 1706 theologorum
449 1629 518 1688 libri
538 1636 570 1688 et
590 1630 728 1709 argutiae
750 1627 999 1707 disputationum.
1026 1704 1030 1713 Ι

198 1727 257 1802 Qui
281 1748 355 1808 ergo
381 1736 460 1789 orat:
492 1728 704 1789 Sanctificetur
728 1747 841 1788 nomen
864 1734 967 1803 tunm,
987 1730 1030 1805 psl

116 1813 152 1870 tit
173 1813 239 1870 sins
254 1810 358 1889 dubio,
381 1812 463 1891 quod
486 1832 549 1873 non
565 1812 676 1889 habet3
699 1812 858 1871 nonenim
881 1806 962 1870 lictis
975 1820 1027 1867 ver

118 1895 163 1954 bis
186 1894 268 1974 apud
292 1894 391 1954 Deum
421 1894 527 1955 ludere
556 1895 648 1973 licet3
680 1896 703 1953 si
735 1913 796 1953 non
824 1893 935 1968 babet,
965 1906 1026 1971 ergo

116 1978 253 2057 pollutor
280 1986 328 2036 est
350 1977 380 2041 ¹)
414 1980 547 2037 nominis
576 1979 645 2040 Dei.
689 1977 731 2037 At
759 1996 871 2037 nomen
893 1976 1026 2036 Dei-nou

115 2060 318 2137 sanctificare,
341 2060 395 2120 sed
413 2061 563 2140 polluere,
588 2062 657 2121 leve
680 2058 915 2119 existimamus?
1000 2066 1004 2089 ¹

196 2162 243 2221 lta
265 2162 314 2239 qui
339 2168 419 2219 orat:
453 2160 596 2241 Regnum
617 2162 672 2221 Dei
695 2159 857 2237 advenire,
885 2158 969 2236 quod
990 2158 1027 2229 etl,

113 2246 231 2305 iustitia
255 2251 287 2302 et
307 2262 379 2323 pax,
404 2249 435 2303 et
456 2246 533 2303 intra
557 2245 691 2322 nos'(ut
714 2242 851 2304 Christus
874 2249 907 2302 et
926 2239 1025 2301 Paulus

112 2329 257 2405 docent),
282 2346 385 2387 nonne
402 2326 566 2387 confitetur
588 2347 621 2387 se
645 2329 788 2386 iniustum
812 2333 844 2387 et
859 2325 974 2385 institia
993 2324 1026 2383 iu·

112 2409 291 2492 digentem?
334 2411 375 2470 At
396 2410 474 2472 haec
496 2417 587 2471 orant
613 2429 675 2471 non
699 2412 757 2469 nisi
790 2406 844 2470 filii
865 2408 942 2483 Dei,
969 2402 1026 2466 iusti

113 2504 144 2555 et
165 2494 272 2555 sancti.
569 2512 574 2520 ·

101 2646 106 2661 ·
182 2612 265 2689 ·Ita,
288 2608 340 2691 qui
362 2608 453 2676 dicit:
476 2613 542 2672 Fiat
564 2611 706 2671 voluntas
724 2617 791 2687 tua,
813 2627 920 2670 nonna
940 2604 1025 2669 rebel·

114 2697 172 2755 lem
197 2715 230 2754 se
248 2695 317 2755 Deo
341 2714 409 2755 esse
434 2693 615 2754 confitetur?
639 2697 686 2753 An
710 2713 772 2753 non
796 2699 845 2753 est
865 2698 1026 2771 peccatum

112 2779 168 2839 Dei
193 2778 382 2839 voluntatem
405 2797 468 2838 non
491 2777 581 2837 fieri?
625 2777 682 2838 Ubi
706 2795 788 2836 nunc
810 2776 940 2837 liberum
961 2771 1026 2833 arbi·

112 2861 222 2922 trium?
254 2863 302 2921 An
322 2881 383 2921 noo
407 2862 457 2921 hic
480 2860 517 2920 da
540 2880 574 2920 se
596 2860 756 2940 desperat,
787 2859 825 2918 ad
849 2858 949 2918 solam
971 2872 1025 2937 gru

113 2947 184 3005 tiam
208 2945 356 3024 confugit,
377 2963 441 3003 non
464 2945 521 3003 nisi
536 2951 695 3021 peccatum
715 2943 772 3002 sibi
795 2941 910 3016 tribuit,
932 2947 964 3001 et
982 2940 1025 2998 iu

51 3042 56 3049 ·
113 3027 274 3108 possibilia
298 3026 506 3087 mandataDei
528 3025 584 3085 sibi
608 3046 678 3087 esse
693 3024 883 3086 confitetur?
906 3023 966 3085 Ubi
985 3019 1033 3083 bit·

111 3119 159 3171 est
182 3112 299 3186 l'acers,
323 3111 404 3188 quod
428 3112 458 3168 in
482 3129 515 3168 se
539 3116 602 3185 est,
625 3109 747 3188 quando
769 3110 839 3167 iusti
860 3113 970 3183 orant,
1001 3104 1025 3193 tl

111 3202 291 3274 peccatores
315 3212 384 3252 sese
407 3199 455 3253 tot
477 3192 576 3253 modis
599 3191 812 3252 confitentur?
836 3193 880 3250 lta
902 3191 934 3250 in
953 3186 1024 3249 orm

111 3296 165 3339 ore
186 3277 264 3336 lraec
287 3278 385 3337 oratio
409 3275 550 3336 volvitur.
594 3274 634 3334 llt
662 3275 762 3335 adhuc
790 3272 930 3355 theologi
964 3269 1024 3329 libr

111 3382 175 3420 rum
207 3360 378 3434 arbitrium,
413 3368 589 3439 peccatum,
633 3360 761 3438 gratiam
793 3364 841 3417 tot
868 3355 976 3416 studiis
992 3352 1040 3425 cl

112 3442 343 3522 quaestionibus
367 3462 427 3503 non
442 3444 633 3511 invenerunt,
656 3441 728 3520 quid
751 3441 864 3499 faciant
887 3447 941 3501 aut
962 3448 1024 3515 pot·

109 3530 179 3588 sint.
224 3526 320 3587 Recte
343 3545 418 3606 ergo
442 3525 524 3601 dixi,
553 3523 875 3603 oportsrcbominem
901 3521 940 3581 de
964 3516 1020 3577 snit

290 3699 535 3707 ----—-—-.-—-ae—

148 3804 174 3861 ll
194 3799 223 3853 ln
243 3798 305 3852 edd.
324 3801 411 3867 orig:
432 3805 479 3850 est.
