2346 4208
57 3840 129 3968 ἱ

210 265 276 332 484
440 267 569 336 Epistola
586 266 655 320 Phil
674 255 894 320 Helanilrtlronis

212 451 293 516 Esse
324 453 416 533 igitur
446 452 563 532 Papam
601 453 668 512 iure
701 451 807 512 divino
842 460 937 532 caput
972 452 1133 536 ecclesiae

211 535 290 596 Tum
312 535 478 612 Lutherns,
501 535 654 596 Christum
675 553 711 594 se
730 536 820 595 fateri
840 544 1042 614 cunctosne,
1065 553 1133 596 oum

213 620 348 680 ecclesia
368 621 406 678 sit
427 638 557 699 regnum
584 620 725 699 spiritus,
756 637 820 679 non
842 618 1020 679 desiderare
1050 617 1133 680 aliud

212 711 318 784 capnt,
340 710 374 762 nt
393 701 433 762 ad
455 702 565 764 cett
549 706 576 765 1.

295 785 346 846 Ad
377 786 456 844 haec
483 785 571 845 locos
599 785 720 864 aliquot
750 803 790 844 ex
811 784 1002 865 Hieronymo
1025 791 1057 844 et
1078 783 1133 865 Gy-

212 871 321 949 priano
343 867 462 928 addidit
482 868 609 946 Eccins,
639 869 690 947 qni
713 875 860 947 quantum
881 867 922 928 de
942 870 1008 927 iure
1029 868 1133 928 divino

212 951 360 1033 probent,
393 953 461 1031 ipse
491 951 608 1012 viderit.
651 953 715 1011 lam
737 960 769 1011 et
795 951 919 1030 quidam
946 951 1009 1012 loci
1038 952 1134 1010 mani·

211 1037 291 1095 leste
321 1034 405 1114 apud
439 1035 566 1095 eosdem
588 1034 761 1115 Scriptores
777 1033 808 1109 ¹)
843 1033 1022 1095 indubium
1043 1052 1133 1095 voca

213 1118 339 1195 bantur,
372 1136 451 1196 quos
474 1120 542 1198 ipse
568 1137 625 1197 pro
644 1120 736 1177 certis
757 1117 944 1197 proferebat.
985 1117 1133 1178 Barnardi

211 1202 408 1262 autoritatem
429 1200 470 1260 ad
489 1201 661 1281 Eugenium
684 1219 744 1262 ceu
765 1201 945 1280 panopliam
960 1200 1130 1261 Achillcam

211 1284 357 1364 iactabat,
380 1303 448 1344 cum
472 1291 575 1344 tamen
598 1286 682 1344 etin
705 1283 815 1344 eodem
839 1283 891 1346 lib.
910 1282 1132 1366 adEugenium

212 1368 293 1444 sint,
325 1386 405 1446 quae
426 1386 490 1427 non
511 1369 639 1427 omnino
662 1368 737 1427 nihil
757 1367 798 1427 ed
818 1369 989 1428 institutum
1011 1367 1132 1428 Lntheri

212 1450 337 1511 iaciant.
380 1451 523 1512 Ceterum
552 1451 710 1511 Bernardo
745 1452 777 1509 in
810 1451 872 1510 hoc
900 1452 1030 1547 negotio
1063 1449 1132 1530 qnid

212 1532 377 1614 debeatur,
416 1536 484 1614 quis
515 1542 563 1594 est
596 1541 658 1594 tam
686 1533 846 1613 stupidus,
879 1535 931 1613 qui
961 1553 1026 1595 non
1048 1533 1131 1596 intel-

213 1618 235 1676 li
258 1625 300 1681 at

236 1636 257 1698 g
295 1700 345 1762 Ex
365 1699 537 1780 Evangelio
559 1718 632 1759 usus
654 1707 703 1760 ιιι
723 1699 794 1761 loco
816 1699 923 1762 Matth.
947 1703 1005 1765 16:
1033 1699 1080 1761 Tu
1101 1717 1131 1760 es

214 1783 323 1845 Petrus
356 1789 389 1843 et
418 1801 511 1862 super
531 1783 612 1843 hanc
643 1790 760 1862 petram
784 1791 844 1844 etc.
886 1782 1036 1844 liutherus
1063 1801 1131 1844 con·

213 1867 382 1927 sessionem
410 1865 496 1925 illam
524 1865 596 1926 fidei
630 1884 700 1926 esse
732 1867 842 1949 voluit,
878 1866 1066 1946 Petrumque
1094 1865 1131 1927 ibi

212 1968 378 2031 personam
400 1950 563 2010 universae
590 1949 742 2009 ecclesiae
772 1968 896 2046 gerere,
933 1967 1030 2029 seque
1051 1949 1131 2010 Chri·

213 2041 294 2093 stum
326 2039 446 2111 petram
478 2051 608 2112 vocare,
643 2032 737 2130 idque
768 2051 808 2092 ex
836 2035 932 2113 ipsius
962 2034 1131 2094 sententiae

215 2115 325 2176 ordine
345 2115 482 2194 pluribus
504 2117 689 2176 coniecturis
711 2118 861 2197 coarguit.

299 2202 373 2258 ltem
396 2199 467 2259 loco
485 2197 538 2282 *):
561 2200 658 2259 Pasce
681 2218 756 2260 oves
781 2218 882 2277 meas,
904 2199 987 2278 quod
1010 2200 1131 2280 proprie

215 2301 253 2342 ac
274 2283 414 2361 privatim
438 2282 529 2342 Petro
556 2283 672 2341 dictum
694 2291 758 2362 est,
795 2284 957 2362 respondit
978 2282 1134 2359 Lutherus‚

214 2374 288 2445 post
309 2384 415 2445 parem
436 2365 589 2446 apostolis
602 2365 745 2425 omnibus
760 2368 954 2426 autoritatem
978 2366 1133 2427 traditam:

216 2450 356 2529 Accipite
378 2449 522 2529 Spiritum
546 2457 703 2526 sanctum,
725 2468 855 2527 quorum
877 2450 1058 2509 remiseritis
1080 2456 1134 2510 etc.

215 2531 302 2592 Haeo
324 2533 405 2593 enim
428 2531 524 2592 verba
544 2540 616 2592 sunt
643 2532 820 2592 demandati
842 2532 951 2612 officii,
985 2531 1133 2594 Christum

215 2615 369 2695 docuisse,
392 2615 466 2695 quid
488 2616 528 2674 sit
548 2634 687 2695 pascere,
709 2624 741 2676 et
761 2616 885 2696 qualem
902 2617 1039 2677 voluerit
1059 2635 1135 2692 esse,

216 2701 268 2778 qui
289 2708 431 2780 pasturus
454 2699 502 2758 sit.

298 2783 347 2842 Ad
380 2782 458 2842 haec
478 2782 590 2842 Eccius
618 2782 742 2843 concilii
763 2783 911 2843 Constan.
941 2784 1134 2843 autoritatem

215 2865 379 2945 allegavit,
413 2866 463 2926 ubi
486 2874 595 2927 contm
621 2866 767 2926 articulos
789 2865 981 2926 Hussitarum
1005 2884 1135 2946 pronun·

216 2951 331 3010 ciatum
354 2955 416 3009 est:
438 2949 485 3009 lle
507 2951 693 3010 necessitate
705 2949 812 3009 salutis
830 2957 887 3028 est,
911 2949 1038 3010 credere
1050 2949 1136 3010 Rom.

216 3031 396 3093 Pontificem
431 3035 664 3093 oecumenicum
686 3052 764 3094 esse.
807 3034 852 3096 lbi
871 3036 1021 3094 iactatum
1041 3034 1135 3110 varie,

214 3117 379 3177 concilium
416 3135 518 3176 errare
550 3135 612 3176 non
636 3136 739 3197 posse.
782 3117 952 3180 Prudenter
984 3116 1027 3179 ad
1061 3118 1135 3178 haec

216 3199 381 3277 Lutherus,
403 3219 466 3260 non
489 3219 598 3260 omnes
620 3201 766 3262 articulos
789 3222 845 3282 pro
867 3201 1032 3264 haereticis
1055 3200 1134 3261 dam·

215 3290 322 3360 natos,
361 3290 393 3344 et
425 3285 560 3363 reliqua,
591 3301 671 3362 quae
692 3286 743 3345 hic
763 3289 869 3347 omnia
896 3285 1061 3356 molestum
1094 3290 1137 3344 est

217 3367 340 3427 referre.
383 3366 493 3446 Neque
526 3368 614 3427 huius
647 3375 694 3430 ιιι
724 3369 787 3429 loci
818 3378 965 3449 tractare,
1000 3368 1138 3448 quaesit

215 3451 416 3510 conciliorum
439 3453 597 3512 autoritas.
640 3453 708 3513 Hoc
732 3454 833 3533 palam
862 3462 927 3535 est,
960 3471 1024 3512 non
1047 3470 1137 3533 posse

215 3534 379 3594 concilium
401 3553 501 3595 novos
529 3536 677 3597 articulos
703 3537 775 3598 fidei
798 3538 941 3600 condere.
986 3535 1069 3598 Male
1090 3555 1137 3597 au-

424 3679 635 3688 ..-η-...ψηκ-

251 3731 282 3796 1)
303 3730 332 3781 ln
352 3729 394 3783 ed.
414 3729 489 3782 lem:
510 3730 676 3797 Scripturus.

253 3802 282 3869 *)
304 3801 399 3856 lohan.
419 3800 463 3857 20.
