2346 4208
71 286 72 290 ’
133 270 196 336 174
242 243 267 321 ‚¹
403 269 607 327 Ocndemnattt
625 270 819 327 mansalia-¹·
864 294 867 303 ·
912 294 916 305 .
946 296 951 306 ·

131 458 408 538 „complectentem
446 458 670 520 conclusiones
702 461 875 540 nonaginta
898 449 1052 541 *quinque

132 560 202 601 eum
223 543 286 601 suis
309 541 567 602 declarationibus
590 550 622 602 st
641 543 799 622 responsis
821 542 861 603 ad
877 543 1055 606 silvestrum

133 625 171 684 de
193 624 307 685 Priario
330 624 508 704 Magistrum
531 627 610 685 sacri
632 626 757 703 Palatii,
787 627 860 686 item
883 645 1056 688 sermonem

133 707 173 768 de
200 709 407 786 poenitentia,
446 727 619 768 sermonem
656 708 695 768 de
725 711 1057 784 excommunicatione,

132 809 304 851 sermonem
329 789 368 850 de
388 790 601 870 indulgentiis,
632 810 805 852 sermonem
832 791 872 852 de
917 811 1057 874 raepara

131 874 217 934 tione
242 873 282 934 ad
310 873 540 950 eucharistiam,
575 876 646 934 item
676 874 820 935 Andreae
846 811 1057 936 archidiaconi

131 958 359 1036 propositiones
387 957 599 1037 apologeticas
623 965 654 1017 et
674 959 945 1037 pr·aeceptorium“
966 965 1057 1038 atque

132 1058 240 1099 omnes
263 1046 294 1099 et
315 1041 452 1119 singulos
475 1046 622 1099 tractatus
638 1041 713 1117 eius,
734 1041 765 1099 in
788 1039 898 1119 quibus
921 1042 1057 1121 „multae

130 1121 236 1200 falsae,
259 1122 480 1200 scandalosae,
502 1123 675 1183 haereticae
710 1129 741 1183 et
762 1123 914 1183 haeresim
939 1126 1057 1205 sapien·

131 1210 177 1265 tes
213 1207 421 1267 assertiones“
452 1216 545 1284 (quas
580 1206 737 1285 speciatim
771 1207 814 1265 illi
850 1214 1054 1282 notaverant)

130 1288 1054 1368 continerentur,damnandosessecensnernnt,(ef.Loesch.

130 1373 198 1432 Act.
213 1372 354 1434 Reform.
369 1373 408 1432 lll
430 1393 460 1452 p.
482 1373 553 1436 848.
577 1372 667 1452 851).
689 1371 763 1431 Eius
786 1372 1055 1434 condemnationis

129 1456 288 1534 exemplar
309 1456 517 1516 Lovanienses
540 1455 695 1516 Cardinali
717 1455 869 1532 Adriano,
892 1455 1053 1537 Episcopo

128 1537 313 1616 Dertosam,
336 1541 388 1619 qui
403 1546 495 1598 antea
507 1538 664 1618 professor
676 1538 841 1598 Facultatis
856 1538 1054 1620 theologicae

128 1619 345 1698 Lovaniensis,
370 1629 481 1700 postea
502 1629 685 1701 praeceptor
707 1621 809 1682 Caroli
833 1621 861 1679 V
883 1622 1053 1702 Imperato-

127 1705 168 1763 ris
190 1704 298 1782 fuerat,
320 1712 394 1765 tunc
411 1705 557 1784 temporis
580 1707 671 1765 etiam
690 1723 818 1765 munere
838 1705 972 1765 ministri
995 1707 1053 1787 pri-

127 1788 214 1846 marii
249 1789 280 1848 in
313 1787 404 1848 rebus
441 1787 570 1867 publicis
601 1785 768 1866 Hispaniae
803 1787 1055 1849 administrandis

127 1870 207 1950 apud
231 1871 374 1931 Catulum
392 1871 417 1930 V
440 1870 631 1951 fungebatur,
654 1880 686 1931 et
707 1871 810 1950 paullo
832 1870 1054 1950 postLeoniX

126 1955 157 2012 in
180 1953 330 2033 dignitate
352 1953 512 2034 pontificia
533 1954 651 2014 Romae
674 1955 836 2031 suecessit,
870 1953 984 2014 eodem
1007 1954 1054 2015 die

127 2038 289 2115 miserunt,
313 2039 363 2115 qui
386 2039 554 2097 institutum
577 2038 713 2116 ipsorum
736 2055 930 2117 magnopere
953 2038 1054 2098 lauda·

125 2120 169 2180 vit
199 2121 230 2179 in
265 2121 398 2200 epistola
428 2119 478 2180 die
507 2123 536 2181 4,
568 2122 681 2179 mensis
713 2119 890 2180 Decembris
921 2139 950 2184 a.
978 2118 1054 2186 1519

125 2203 220 2283 Papia
241 2203 322 2282 data,
345 2223 461 2283 eosque
492 2211 526 2262 ut
547 2203 738 2282 publicarent
755 2202 1052 2285 ¹condemnationem

123 2288 321 2350 commonuit.

206 2370 273 2430 Hae
296 2371 375 2431 dnae
396 2371 488 2450 igitur
516 2377 547 2430 et
565 2369 802 2428 Lovaniensium
833 2368 1052 2431 2100100120-

124 2454 201 2512 sium
217 2454 502 2529 condemnationes,
517 2472 595 2531 quae
609 2453 773 2531 praecipue
785 2451 880 2511 Ecoio
905 2460 939 2512 et
951 2453 1052 2514 Hooh-

41 2537 46 2548 '
124 2533 1049 2614 stratenioauctoribusconfectaeessevidentur(of.Loesoh.

124 2620 190 2681 Ref.
214 2621 280 2681 Act.
304 2621 343 2679 lll
366 2640 396 2700 p.
419 2621 517 2700 848),
546 2638 652 2679 mense
674 2618 782 2678 Martio
806 2637 833 2676 a.
860 2622 945 2684 1520
969 2620 1049 2680 evul-

123 2709 215 2780 gatae
229 2710 309 2765 sunt.
332 2703 401 2778 Quo
425 2704 550 2782 cognito
563 2701 711 2761 Lutherus
730 2700 813 2760 illico
836 2702 866 2759 in
889 2702 969 2762 istas
983 2723 1047 2764 cen·

124 2805 209 2846 suras
221 2786 410 2865 respondere
426 2787 592 2863 constituit,
615 2785 777 2864 responsio
787 2784 951 2844 confestim
970 2788 1049 2867 typis

124 2876 172 2928 est
215 2870 326 2929 tradita
360 2870 528 2950 paucisque
566 2867 673 2927 diebus
706 2867 849 2928 absoluta
872 2867 923 2944 (d.
947 2869 990 2934 26
1013 2891 1047 2930 m.

123 2951 223 3011 Martii
245 2972 273 3012 a.
296 2953 395 3032 1520)
437 2953 492 3026 (cf.
523 2951 611 3011 Luth.
645 2950 725 3031 Epp.
758 2949 806 3011 ed.
831 2951 929 3014 Aurif.
960 2952 974 3012 I
1021 2973 1047 3033 p.

2 3027 4 3029 ’
123 3037 207 3099 aaa
231 3036 302 3099 252.
333 3038 402 3100 253.
440 3037 511 3100 aar.
542 3034 580 3094 ue
614 3034 719 3094 uera
740 3034 769 3112 1,
803 3053 833 3112 p.
862 3036 936 3098 428.
980 3037 1046 3100 422.

122 3118 193 3181 431.
224 3120 295 3181 432.
325 3120 427 3194 438).
471 3120 665 3198 Responsum
695 3118 794 3196 ipsum
818 3116 1047 3198 Christophom

123 3200 254 3279 Blanco,
291 3201 366 3261 luris
388 3203 545 3281 utriusqus
566 3201 736 3261 Licentiato
764 3200 818 3276 (oi.
848 3199 937 3260 Luth.
964 3202 1043 3284 Epp.

122 3282 170 3343 ed.
202 3284 242 3344 de
265 3284 368 3345 Wette
392 3283 614 3366 (Seidemann)
640 3284 650 3342 l
674 3304 703 3363 p.
725 3285 795 3347 437.
820 3282 860 3341 Vl
898 3305 928 3363 p.
961 3288 1043 3360 474)

121 3367 301 3447 inscriptum
325 3387 362 3427 ac
383 3368 516 3428 dicatum
542 3367 597 3443 (ef.
626 3366 779 3427 Seckend.
808 3365 884 3426 Hist.
915 3367 1008 3430 Luth.
1034 3369 1045 3428 l

123 3455 151 3522 §.
173 3455 215 3516 70
236 3471 266 3531 p.
298 3454 366 3515 102.
391 3450 526 3511 Sleidani
549 3449 722 3510 Commeat.
746 3449 784 3509 de
807 3455 888 3509 statu
904 3453 999 3533 relig.
1019 3460 1045 3512 et

120 3535 195 3614 reip.
227 3533 283 3593 sub
307 3534 420 3595 Garolo
443 3535 481 3595 V.
496 3533 559 3596 Lib.
585 3534 608 3593 ΙΙ
630 3532 669 3593 ad
692 3552 719 3593 a.
744 3536 823 3596 1520
845 3551 875 3610 p·
900 3537 976 3610 351,
995 3535 1045 3597 sub

120 3617 181 3678 hoc
202 3618 289 3678 titulo
312 3618 438 3697 prodiit:

246 3701 472 3761 Condemnatio
512 3699 689 3760 doctrinalis
738 3697 882 3758 libromm
926 3701 1043 3763 Martini

202 3784 340 3863 Lutheri,
363 3804 419 3864 per
440 3783 588 3862 quosdam
612 3783 775 3862 Magistros
797 3790 924 3843 nostros
947 3785 1042 3846 Lova-
