2346 4208
393 253 490 304 contra
509 265 617 304 errores
637 251 671 304 u.
690 250 769 306 Luth.
984 241 1047 315 265

121 428 255 516 musht)
269 432 407 496 ultimum
425 435 611 515 praesidium
625 441 681 511 est,
705 441 748 515 ut,
770 455 838 496 cum
853 435 1047 516 conspiciant

121 533 233 576 causas
255 525 325 577 suas
349 516 524 580 damnatum
546 520 599 598 iri,
621 520 770 598 incipiant
791 520 871 580 virus
895 519 1045 600 serpentis

122 598 229 679 lingua
250 597 435 678 diffundere,
471 608 516 677 et,
539 622 607 663 cum
631 621 664 662 se
687 602 820 679 victosi)
845 602 1047 682 conspiciant,

123 679 165 743 ad
190 681 396 745 contumelias
417 685 568 765 prosilire.
610 686 687 746 Nam
711 686 783 746 iicet
813 685 958 746 haereses
980 703 1050 745 esse

127 762 168 824 ad
193 765 446 828 exercitationem
470 766 605 828 fidelium
628 775 659 828 tu
682 767 794 829 dixeris
816 774 973 849 oportere,
996 785 1049 828 eas

124 845 284 924 tament),
306 867 345 908 ue
365 851 585 912 incrementum
607 848 811 932 accipiantl),
842 868 922 911 neve
942 849 1048 931 vulpe·

126 927 219 990 culae
241 930 434 1010 coalescant,
466 934 589 1014 inipso
623 940 690 995 ortu
723 941 753 996 te
781 933 990 996 intercedente
1019 937 1050 993 et

122 1010 292 1073 adiuvante
314 1013 520 1099 exstinguito)
544 1035 672 1077 necesse
695 1023 751 1078 est.
980 1078 984 1083 ,

206 1093 243 1171 *i
267 1095 431 1178 Exsurget,
454 1092 546 1159 etiam
563 1106 666 1179 prote
683 1105 791 1160 contra
811 1101 952 1162 inimicos
968 1106 1048 1177 tuos,

165 1180 209 1250 si,
240 1197 309 1239 cum
331 1200 401 1241 esse
423 1180 499 1242 velis
521 1183 702 1262 episcopus,
734 1182 803 1243 talis
831 1184 889 1258 sis,
926 1181 1046 1261 qualem

163 1263 231 1342 ipse
252 1279 321 1323 esse
343 1264 449 1342 voluit,
470 1263 654 1345 inculpatus,
677 1265 961 1344 irreprehensibilis,
983 1270 1048 1326 tan-

164 1362 256 1424 quam
278 1346 337 1406 Dei
360 1344 570 1428 dispensator,
593 1367 655 1409 non
678 1349 883 1430 praefractus,
905 1368 967 1409 non
989 1349 1046 1409 ira

165 1426 304 1506 cundus,
327 1449 388 1490 uon
411 1431 539 1511 turpiter
560 1431 644 1492 lucro
668 1430 805 1507 deditus,
829 1431 977 1492 bonarum
999 1449 1051 1491 rs*

163 1528 230 1570 rum
255 1510 420 1591 studiosus,
441 1519 475 1574 ut
496 1532 625 1593 quaeras
642 1532 702 1575 non
725 1533 803 1593 quae
826 1520 879 1576 tua
890 1520 969 1590 sunt,
992 1513 1048 1574 sed

164 1593 294 1654 aliorum
318 1601 348 1680 et
369 1595 559 1672 huiusmodi,
601 1604 634 1657 ut
655 1603 766 1676 potens
804 1597 847 1656 sis
880 1597 1046 1673 exhortari,

164 1676 332 1736 secundum
368 1677 538 1739 doctrinam
574 1698 697 1756 sanam,
730 1685 761 1740 et
801 1678 1047 1740 contradicentes

162 1776 359 1822 convrucere.

163 1847 201 1916 a)
227 1841 416 1904 Posteriores
437 1861 511 1904 vero
534 1862 589 1904 sua
611 1843 739 1923 pertidia
771 1846 895 1923 suisque
925 1843 1045 1904 sceleri-

163 1925 221 1987 bus
244 1924 434 2005 denigratam
458 1932 489 1986 et
510 1925 764 1987 commaculatam
786 1925 994 1989 reddiderunt.

163 2006 203 2084 b)
226 2008 309 2068 Nihil
332 2009 430 2067 minus
453 2027 542 2087 quam
554 2010 750 2089 Porphyrius.
772 2009 850 2071 Nam
872 2009 922 2069 hic
942 2007 1043 2069 Evau-

164 2089 277 2171 gelium
300 2089 410 2152 Christi
432 2092 606 2171 praedicat,
637 2093 690 2153 ille
711 2093 813 2173 'impie
837 2091 1044 2174 oppugnabat.

162 2170 196 2254 o)
219 2173 358 2252 Nequam
381 2175 647 2255 praestigiatores,
669 2194 797 2256 rapaces
819 2175 920 2255 lupos,
943 2182 973 2234 et
995 2174 1044 2234 de-

163 2262 324 2315 voratores
347 2256 491 2317 dominici
513 2259 623 2338 gregis.

164 2337 199 2418 d)
221 2337 322 2398 Etiam
346 2340 496 2419 perimere
518 2342 662 2419 oportuit.

164 2429 198 2494 e)
220 2419 339 2482 Diffidit
359 2440 451 2499 vero,
480 2422 531 2500 qui
554 2429 615 2482 tam
637 2421 750 2483 bonam
774 2421 926 2503 habetl),
954 2428 988 2484 ut
1015 2429 1046 2484 te

165 2503 207 2564 ad
230 2510 344 2564 metum
366 2506 426 2565 iam
450 2503 612 2584 adegerit?
635 2506 697 2564 Aut
716 2511 820 2584 potest
830 2504 979 2583 diffidere,
996 2508 1047 2586 qui

163 2587 302 2649 veritatis
325 2606 448 2648 causam
472 2587 557 2667 agit?
855 2605 859 2613 ·

163 2671 195 2746 f)
219 2669 358 2749 Aequam
384 2669 641 2751 obiurgationem.

164 2751 205 2834 g)
228 2752 294 2813 lmo
318 2752 442 2829 Christi,
466 2755 550 2813 cuius
573 2760 620 2813 est
640 2752 716 2813 hoc:
740 2752 806 2813 Vae
828 2751 930 2829 vobis,
953 2749 1047 2811 duces

165 2835 263 2912 caeci,
286 2835 412 2898 etihoo:
436 2835 502 2896 Vae
525 2835 631 2913 vobis,
653 2835 849 2915 hypocritae,
871 2840 902 2895 et
924 2852 1046 2913 serpen-

165 2916 259 2998 tes2),
281 2919 444 2998 progenies
467 2919 637 2999 viperarum
653 2924 709 2981 etc.
732 2917 858 2978 Licetne
878 2917 970 2996 igitur
983 2934 1047 2976 cor·

164 3002 266 3080 ripere
289 3006 320 3060 te
343 3018 466 3080 quoque
488 3003 578 3062 toties
612 3009 735 3080 tamque
758 3000 849 3061 foede
870 2998 1046 3059 labentem?

164 3083 203 3158 h)
229 3083 343 3143 Plenus
367 3091 413 3143 est
435 3082 614 3164 Hieronymi
649 3083 910 3145 Oaruditionem.

163 3168 194 3243 i)
217 3165 276 3225 Hui
299 3167 406 3228 victos.

164 3248 205 3317 k]
229 3249 358 3308 Paulum
381 3248 488 3310 erudit.

166 3329 196 3414 l)
219 3330 253 3391 ld
276 3338 332 3405 est,
354 3351 394 3392 ue
416 3338 468 3392 tuo
492 3331 577 3392 lucro
599 3331 817 3393 detrimentum
840 3331 987 3392 adferant.

166 3418 218 3487 m)
243 3413 290 3474 Ne
322 3412 460 3476 interfice
501 3414 655 3494 simplices
693 3413 867 3490 columbas,
902 3415 1047 3495 accipiter

165 3496 318 3558 Pontifex.
414 3521 417 3528 ·

197 3685 228 3743 1)
248 3685 279 3736 ln
304 3683 366 3736 edit
394 3684 472 3738 dem:
503 3689 559 3736 tam
589 3685 691 3737 bonam
719 3701 841 3738 causam.
877 3685 957 3749 2t1n
983 3685 1047 3740 edit.

121 3755 247 3811 hitinch:
277 3757 431 3836 hypocritis
450 3760 478 3810 et
495 3756 678 3825 serpentibus.
