2346 4208
434 278 855 353 -t··uuuau-·uupa--·,··³
944 262 948 268 “
1003 280 1048 350 ss

124 469 203 532 tifex.
232 468 290 530 Cb
307 468 344 530 {td
366 470 654 533 suat-reserandus
673 468 777 552 Potor,
800 490 858 535 ms·
871 490 938 534 nou
958 473 1048 534 nudis

124 552 218 613 rubis
242 554 360 632 satiem,
383 560 418 614 ut
438 554 595 635 sophistas
617 574 745 637 passere
767 556 914 621 solemus.
955 555 1048 633 Quae

123 654 157 695 ex
168 634 329 716 Cypriane
352 656 407 716 pro
432 654 466 698 ss
487 636 586 715 affert,
609 638 811 723 opponendo,
832 638 974 721 arbitror,
998 660 1046 700 ou-

123 718 263 779 rnulatiuu
283 718 409 781 efficiet.
454 720 533 781 Num
569 722 652 802 quod
674 720 849 802 Cyprianus
869 722 1046 784 Cornelium

122 801 241 862 intrem
263 802 419 884 appellat,
450 810 483 864 et
509 804 672 885 apostolos
697 805 807 867 frames
837 804 931 867 luisse
954 824 1047 868 nemo

122 887 225 964 ussoit,
248 893 387 947 attamen
409 887 527 964 Petrus,
540 888 632 948 -siout
654 894 685 949 et
707 889 773 950 eius
795 904 959 951 suecessor
974 890 1046 969 Cor·

122 969 225 1047 uslius,
241 976 337 1048 eaput
356 969 415 1030 fuit
434 971 660 1051 apostolorum,
673 990 754 1052 apex
775 980 808 1032 et
821 980 939 1051 vertex,
962 975 1048 1034 iuxta

121 1051 150 1114 B.
164 1052 311 1132 Dionysii
329 1070 401 1135 oap.
410 1055 438 1117 3.
461 1054 548 1118 vell.
570 1054 612 1115 da
633 1054 705 1118 divi.
729 1056 905 1117 nominibus
927 1063 1048 1117 sentenP

121 1134 198 1196 tium.
942 1152 956 1181 -·

196 1217 247 1278 De
270 1217 425 1279 eleotione
447 1226 479 1280 et
500 1221 633 1290 oouoilie
655 1221 774 1282 Niueno
797 1228 830 1282 et
852 1241 871 1281 a
889 1221 1045 1302 Cypriane

122 1302 296 1381 mnsaripte
316 1300 593 1383 uue'promovent,
616 1322 676 1364 nse
696 1302 869 1385 impediunt
887 1306 1044 1385 negotium

121 1392 152 1446 ot
166 1384 268 1444 multo
292 1385 392 1467 minus
419 1385 610 1467 Augustinus
632 1386 685 1448 lils.
707 1390 737 1451 2.
760 1406 828 1468 usp.
852 1391 878 1451 2.
896 1386 943 1447 de
961 1387 1044 1467 dap·

120 1469 206 1528 lis-o
228 1467 429 1547 paruulorum
452 1468 587 1532 debebat
608 1469 719 1530 adduoi
752 1479 825 1551 post
846 1471 1044 1551 Cypriorum.
1080 1476 1083 1483 '

120 1548 190 1611 liam
212 1551 403 1630 Augustinus
426 1554 633 1633 arrogantiam
657 1561 689 1614 et
710 1555 915 1614 temeritatem
928 1571 1044 1630 eorum,
1133 1581 1135 1587 ·

120 1636 163 1712 qni
185 1652 246 1776 par
267 1633 466 1695 ambitionem
497 1643 529 1696 st
550 1636 729 1716 superbiam·
753 1636 793 1696 ad
816 1637 1044 1696 aeclesiasticas

120 1736 188 1796 prae
200 1723 308 1776 sturae
329 1736 373 1787 se,
384 1718 544 1800 ingerunt,
565 1719 779 1799 reprehendit,
802 1720 884 1798 quod
907 1738 970 1799 nou
994 1720 1042 1778 de·

121 1799 211 1861 boant
231 1818 269 1860 se
286 1801 495 1880 eonstituere,
529 1803 686 1864 nesolius
710 1820 824 1883 eogere
851 1802 892 1862 ad
915 1822 949 1862 se
971 1820 1043 1863 anu·

117 1883 320 1962 ¹stituendum,
350 1900 419 1945 oum
444 1884 585 1964 quisque
599 1885 758 1947 huelatus
786 1892 971 1965 exspectare
995 1885 1045 1944 de·

121 1965 195 2046 beot,
219 1973 255 2026 ut
277 1974 413 2044 vocetur,
436 1970 515 2029 siout
536 1968 652 2030 damu.

194 2050 303 2110 Tertio
327 2050 419 2110 aliam
441 2050 587 2131 Cypriani
610 2053 794 2112 seutentiam
821 2070 860 2111 ex
884 2053 912 2115 2.
947 2049 1044 2129 Epist.

121 2133 153 2193 ud
171 2133 352 2194 Cornelium
377 2135 536 2211 diluturus,
559 2135 728 2215 respondit,
746 2134 894 2194 unitatem
921 2133 1044 2213 quidem

122 2216 344 2277 uuerdutulun
366 2219 396 2277 in
420 2217 606 2277 oeuidentali
627 2219 761 2279 eeclesia
787 2238 806 2277 a
830 2219 970 2277 Romanu
992 2236 1044 2275 eu-

121 2310 232 2379 ortam,
272 2320 333 2359 uon
365 2301 394 2360 iu
423 2298 576 2362 orientali.
619 2301 757 2362 Obtiuuit
784 2301 835 2360 hie
856 2300 1044 2361 reverendus

121 2383 222 2461 Pater,
246 2383 331 2462 quod
353 2383 530 2464 Cyprianus
560 2385 781 2466 praesedentes
803 2384 975 2444 Romanam
998 2401 1044 2442 ee-

121 2467 242 2526 olesiam
267 2468 436 2546 appellavit
456 2468 537 2527 Petri
561 2469 741 2529 cathedram
764 2474 855 2545 stupae
881 2468 1044 2527 ecelesiam

121 2549 338 2630 principalem,
361 2550 415 2609 sed
438 2549 510 2630 quid
533 2571 590 2610 sua
613 2553 729 2612 solutio
751 2553 857 2630 possit,
879 2550 1044 2609 medullam

122 2634 281 2694 verborum
301 2635 479 2713 inspitienti
507 2647 556 2693 est
576 2637 834 2711 manifestarium,
868 2653 938 2693 nam
962 2652 1045 2692 reve-

121 2717 228 2776 rendus
254 2723 346 2794 pater
375 2736 462 2776 more
496 2721 698 2797 grammatino
729 2727 829 2778 ortum
854 2718 978 2776 unitatis
999 2734 1044 2774 aa·

122 2800 286 2860 usrdotalis
322 2800 482 2879 iutelligit,
514 2801 618 2879 quoad
647 2802 815 2880 auspicium
855 2808 887 2859 st
916 2800 1045 2874 initium,

121 2900 182 2940 oum
217 2883 358 2961 profesto
394 2882 565 2962 Cyprianus
599 2885 732 2944 voluerit
761 2884 916 2962 explicare
945 2891 1043 2941 ortum

121 2966 364 3044 commissionis,
401 2966 662 3028 subordinationis
692 2986 745 3026 seu
768 2965 917 3042 influxus,
950 2974 984 3024 ut
1006 2965 1044 3022 ah

121 3067 178 3108 uuo
202 3049 312 3126 Petro,
334 3049 420 3109 uelut
440 3069 459 3108 a
481 3052 597 3129 eapite,
624 3053 654 3109 in
678 3057 799 3111 eeteros
831 3068 939 3108 ornnes
961 3049 1043 3106 iuris·

123 3131 211 3191 diotio
230 3132 270 3191 sit
292 3131 440 3209 derivata,
463 3133 579 3211 alioqui
600 3153 662 3194 uon
686 3132 770 3192 dabit
792 3151 885 3190 uuum
903 3131 1044 3191 sacerdo·
1155 3140 1158 3147 '

123 3221 189 3293 em,
214 3234 272 3274 uae
293 3215 529 3295 Hierosolymis.
571 3216 694 3295 Taceo,
717 3215 799 3294 quod
824 3234 891 3274 eum
914 3234 976 3274 non
999 3233 1044 3272 re·

124 3296 203 3357 leuat
223 3298 363 3378 glossula
385 3298 506 3358 adiecta
528 3298 567 3358 de
589 3299 772 3360 occidentali
796 3298 944 3376 ecelesia,
973 3316 1042 3356 erum

125 3380 153 3439 Β.
166 3381 376 3460 Hieronymus
400 3381 437 3441 ab
456 3383 544 3442 initio
568 3402 641 3442 suae
654 3382 814 3462 Epistulae
837 3381 876 3440 ob
898 3380 928 3439 id
946 3382 1044 3439 omen·

126 3463 211 3523 talem
241 3466 408 3524 ecelesiam
442 3484 481 3524 ax
505 3466 631 3526 Oriente
660 3465 796 3526 scribens
818 3465 1043 3525 schismaticum

126 3545 215 3624 dieat,
239 3568 319 3625 quae
341 3547 535 3608 indiscissam
558 3550 681 3608 Domini
705 3551 837 3607 tunicam
861 3554 892 3607 et
914 3548 1046 3625 desuper

127 3637 299 3689 aurolentam
324 3632 495 3690 minutatim
519 3652 573 3711 per
600 3633 712 3691 frustra
734 3632 888 3710 discerpit.
934 3631 1044 3688 Christi

127 3713 259 3791 vineam,
281 3716 397 3792 iuquit,
420 3715 528 3794 vulpes
552 3717 772 3791 exterminant,
792 3714 942 3772 denotans
966 3713 1043 3771 seili-

129 3803 171 3854 eet
192 3796 415 3876 Hieronymus,
451 3798 532 3878 quod
557 3818 672 3878 sponsa
699 3799 729 3858 iu
755 3799 890 3860 (aalide
913 3816 1048 3883 seuque·

764 3886 831 3954 3*
