2346 4208
182 236 246 304 462
281 288 286 293 .
450 239 621 294 .ΥΙ,ὒοιιοίο
637 240 842 306 Οιαωοὼίἢ

267 427 373 488 Tertio
407 427 548 506 decimu,
582 436 631 487 est
663 431 764 488 autern
797 427 861 487 lud.
888 433 919 491 7.
947 427 1104 505 caseum

186 510 284 592 figura
305 512 370 570 eius
392 530 515 591 pugnae
537 511 708 589 descripta,
743 529 832 588 quam
860 510 1013 571 humanus
1037 512 1104 571 aui·

184 613 253 653 mus
280 614 349 654 curu
381 594 429 654 his
459 593 554 653 tribus
586 595 742 653 acerrimis
773 593 927 669 hostibus,
962 601 1104 672 peccato,

98 676 101 681 ⁴
184 684 285 739 morte
306 686 338 736 et
358 677 488 753 inferno,
510 675 611 737 habet.
635 676 764 736 Gedeon
787 678 868 737 enim
886 691 981 756 parva
1000 695 1105 750 mm,

184 761 329 820 trecentis
350 761 467 820 scilicet
490 759 651 837 militibus,
689 761 846 840 ingentem
870 758 1103 821 Madianitarum

183 845 351 903 exercitum
375 851 469 903 noctu
490 843 617 921 invadit,
639 862 756 922 eosque
777 843 892 918 fundit,
914 861 977 902 non
999 841 1104 922 gladic

184 933 238 986 aut
260 927 289 985 ri
311 926 431 1005 aliqua,
451 925 508 984 sed
530 930 647 985 tantum
670 925 755 986 edito
775 925 914 986 tubarum
937 927 1053 1002 solutu,
1073 934 1105 986 at

183 1010 341 1070 concussis
369 1009 579 1087 lampadibus,
608 1027 684 1087 quas
712 1009 885 1089 gestabant
933 1007 969 1069 ln
997 1008 1102 1088 sugam

182 1093 274 1172 igitur
307 1111 416 1154 omnes
446 1093 526 1151 varai
560 1091 747 1152 Madianitae
778 1093 810 1151 in
842 1099 948 1151 mutua
977 1091 1104 1153 vulnera

183 1175 357 1252 caedesque
378 1182 499 1235 mutuas
520 1175 658 1237 ruebant

266 1257 317 1318 Sic
338 1266 497 1337 peccatum
514 1276 647 1336 quoque,
669 1277 762 1334 mers,
783 1259 857 1317 item
875 1256 1011 1317 internas
1034 1275 1102 1318 cum

181 1341 324 1402 amnibus
354 1342 419 1401 suis
449 1341 562 1400 viribus
590 1340 756 1401 tunduntur
784 1349 817 1401 et
844 1347 1042 1420 superantur,
1075 1341 1101 1401 ai

152 1467 155 1473 -
182 1423 377 1497 includamus,
401 1425 433 1483 in
456 1430 581 1485 nostroe
603 1425 723 1484 animos
746 1422 884 1486 lucentes
906 1422 976 1483 illas
995 1423 1103 1502 imagi·

182 1526 239 1568 nes
260 1514 323 1567 tum
345 1506 466 1583 Christi,
489 1515 552 1567 tum
575 1506 756 1567 Sanctorum
780 1508 857 1568 eius.
899 1506 931 1566 Si
951 1507 1029 1575 item
1050 1523 1102 1567 uu·

183 1597 263 1652 atros
285 1591 405 1651 animos
429 1591 503 1650 tuba
522 1590 585 1660 ilia,
607 1590 668 1650 hoc
689 1598 746 1667 est,
768 1590 864 1650 verbo
878 1584 1003 1665 divium?
1016 1589 1103 1649 cuius

183 1675 317 1735 sonitum
346 1673 440 1734 Satan
471 1673 552 1733 ferre
580 1693 643 1733 uon
676 1680 794 1752 petest,
828 1671 1050 1748 accendamus,
1073 1679 1104 1732 at

182 1757 305 1837 quidem
327 1759 358 1816 iu
381 1765 491 1835 nacte,
522 1757 583 1815 hoc
604 1765 668 1833 est,
702 1757 732 1814 iu
762 1755 839 1833 fida,
873 1774 952 1833 quae
973 1754 1102 1816 udiliae

182 1840 351 1901 horrendae
377 1840 472 1899 facias
503 1858 566 1898 uon
595 1840 736 1918 respicit,
772 1839 826 1899 sed
859 1840 1030 1899 contemnit
1049 1856 1102 1899 aas

224 1925 294 1985 tius.
803 1937 808 1950 ·
983 1968 989 1976 .

181 1941 223 2004 po
263 2006 307 2066 ut
326 2023 402 2064 sane
435 2005 466 2064 in
496 2003 579 2063 hune
609 2004 732 2065 modum
761 2005 948 2084 Isaias‚cap.
973 2006 1001 2066 9.
1022 2003 1104 2067 hauc

182 2088 309 2170 figuram
338 2088 474 2165 accepit,
510 2106 578 2146 cum
606 2089 716 2165 inquit:
753 2088 862 2168 Iugum
889 2087 972 2146 enim
999 2088 1102 2149 onear

181 2173 265 2252 mus,
297 2177 329 2230 et
348 2171 465 2249 virgam
488 2169 607 2230 humeri
630 2174 695 2230 eius
717 2178 748 2230 et
771 2178 924 2250 sceptrum
948 2171 1101 2230 exactoria

182 2256 247 2316 eius
270 2255 439 2333 superasti,
469 2253 549 2315 sicut
577 2255 610 2314 in
639 2253 689 2313 die
711 2253 843 2314 Madian.
888 2254 988 2331 Atque
1010 2254 1036 2313 ai
1058 2254 1102 2313 sir

175 2336 278 2399 dicat:
307 2336 440 2396 Peccata
468 2338 509 2397 tui
532 2337 653 2416 populi,
681 2337 791 2415 quibus
819 2355 877 2397 ceu
898 2337 984 2414 gravi
1008 2355 1102 2396 unare

182 2421 392 2480 conscientiae
425 2421 560 2499 ipsorum
594 2420 827 2499 premebantur:
859 2420 932 2478 item
960 2427 1101 2494 mortem,

182 2521 263 2583 quae
284 2508 341 2563 'ceu
363 2504 449 2581 virga
471 2510 502 2563 et
523 2522 625 2582 poena
647 2505 749 2563 statim
772 2510 932 2582 peccatum
953 2502 1100 2580 sequeba-

181 2594 244 2663 tur,
278 2596 309 2646 et
330 2588 464 2666 graviter
484 2586 642 2666 affligebat
662 2586 824 2664 humeros,
844 2586 916 2646 item
939 2584 1100 2660 infernum,

180 2671 232 2750 qui
253 2671 352 2750 exigit
371 2669 455 2729 iliam
478 2670 596 2748 peccati
615 2688 759 2748 poenam,
780 2687 836 2728 ceu
863 2667 955 2729 durus
976 2668 1100 2747 quidam

180 2760 324 2829 mutor,
354 2753 407 2813 illa
436 2755 542 2814 omnia
570 2754 685 2829 vicisti,
707 2754 786 2812 sicut
807 2764 946 2830 tempora
968 2751 1101 2828 Madian,

180 2836 241 2897 hoc
263 2846 323 2912 est,
357 2855 413 2914 per
433 2833 543 2912 fidem,
570 2855 736 2916 perquam
771 2836 838 2896 siue
866 2854 921 2894 usu
944 2833 1040 2914 gladii
1069 2836 1099 2894 iu

179 2920 284 3000 fugam
305 2938 379 2980 suos
401 2920 506 2980 hostes
531 2919 661 2981 Gedecu
683 2920 843 2980 convertit.

264 3003 377 3063 Verum
411 3003 492 3063 dicat
518 3003 644 3082 aliquis:
677 3002 809 3076 Quando
842 3002 902 3061 ista
931 3002 1062 3063 viatoria
1082 3023 1100 3060 a

180 3085 302 3148 Christo
337 3093 384 3146 est
414 3086 525 3165 parta?
578 3086 655 3147 Tum
675 3086 817 3163 scilieet,
854 3103 922 3147 cum
951 3083 1101 3164 panderet

178 3168 317 3231 christus
340 3171 371 3229 in
394 3189 499 3246 cruce,
529 3170 580 3230 ubi
606 3170 674 3228 idas
702 3179 762 3230 tres
790 3169 903 3246 facies,
939 3178 972 3227 ut
992 3169 1036 3226 ita
1057 3166 1099 3230 di-

181 3272 260 3329 uam,
282 3252 389 3330 induit,
412 3255 442 3312 in
464 3273 540 3332 quas
562 3272 631 3313 curn
652 3251 728 3313 fides
748 3253 882 3331 respicit,
903 3250 1101 3315 confirmatu

182 3346 289 3398 contra
310 3335 378 3395 ilias
400 3337 476 3396 alias
498 3337 607 3413 facies,
629 3356 706 3414 quas
730 3336 823 3396 Satan
847 3342 878 3395 et
899 3353 971 3395 care
994 3343 1101 3396 nostra

86 3488 89 3496 ,
181 3419 270 3483 uobis
293 3418 449 3480 obiiciunt
493 3418 582 3480 sotus
612 3422 692 3480 enim
716 3417 855 3482 Christus
884 3425 932 3478 est
954 3419 1026 3478 viva
1045 3417 1100 3480 illa

181 3504 287 3565 mortis
323 3504 425 3582 imago
461 3509 569 3564 eontra
609 3512 748 3565 mortem.
802 3500 984 3580 Quanquam
1018 3503 1099 3563 enim

181 3605 253 3649 vere
275 3587 305 3645 iu
328 3605 418 3647 cruce
439 3588 480 3650 sit
500 3592 653 3664 mortuus,
673 3594 776 3647 tamen
799 3587 1023 3649 resurectione
1042 3603 1100 3647 sua

181 3676 310 3732 murtam
339 3689 395 3750 per
422 3671 515 3732 vitam
545 3672 656 3733 victam
690 3690 760 3733 esse
787 3669 945 3734 evidenter
974 3669 1099 3733 demun·

166 3753 298 3826 ‚suamt
