2346 4208
127 257 191 324 2OE
321 259 478 330 Disputatio
500 260 608 329 Lipsiae
626 260 723 314 habits
739 276 761 313 a
779 258 843 313 xlx

126 444 181 504 sed
203 444 330 505 inultum
353 463 415 505 non
438 443 577 522 dimittit3
613 443 687 504 nihil
708 449 826 524 pugnat
852 449 964 507 contra
984 463 1037 509 mc.

125 527 288 588 Ulciscitur
310 528 408 607 enim,
442 529 507 588 siva
527 547 586 607 per
607 528 772 607 ipsummet
792 527 952 590 hominem
972 546 1061 590 con--

33 650 36 655 -
125 610 269 687 terendo,
303 612 369 671 sive
390 631 445 691 pcr
467 610 630 671 ecclesiam
653 610 863 690 emendando,
902 612 970 673 siva
989 628 1039 693 par

99 690 159 753 *se
182 695 281 774 ipsum
303 694 478 754 iudicando.
520 693 562 752 Et
590 693 651 754 hcc
685 694 823 754 ultimum
846 701 880 754 et
912 695 1038 775 primam

125 796 229 856 genus.
244 796 368 857 poenae
389 779 419 836 in
442 775 553 836 nullius
574 776 707 837 hominis
730 775 854 840 arbitrio
878 784 944 857 est,
966 778 1038 839 sicat

124 859 294 939 Apostolus
315 863 340 922 1.
355 859 426 920 Cor.
447 862 466 922 2
489 858 576 920 dicit:
601 858 703 920 Sinos
717 861 803 940 ipsos
826 857 1036 941 indicaremus,

124 962 187 1003 non
210 944 313 1022 utique
335 942 538 1003 iudicaremur
558 942 750 1021 a'Domino,
780 961 849 1003 cnm
872 949 978 1005 autem
999 944 1037 1005 iu-

124 1024 260 1085 dicamur
281 1045 300 1085 a
321 1025 471 1104 Domino,
503 1026 699 1105 corripimur,
735 1031 766 1088 ut
794 1044 857 1087 non
891 1045 962 1087 cum
984 1025 1037 1087 hcc
1080 1080 1082 1089 .

125 1107 238 1168 mundo
260 1107 452 1169 damnemun
492 1107 536 1169 Ibi
560 1108 674 1169 ciarum
697 1115 754 1188 est,
777 1108 937 1189 quomodo
960 1109 1035 1171 Dans

123 1210 256 1271 poenam
279 1193 421 1271 requirat,
444 1197 475 1251 et
497 1210 560 1252 non
582 1192 726 1272 requirat.

36 1278 39 1282 ⁴
206 1273 338 1351 Quarto,
375 1275 580 1355 Augustinum
613 1293 668 1355 per
689 1272 868 1336 Gratianum
902 1274 1036 1353 relatum,

124 1355 207 1435 quod
230 1357 313 1417 Deus
335 1376 399 1418 non
420 1359 613 1438 permitteret
646 1357 760 1418 malum
782 1355 865 1436 fleri,
895 1357 956 1418 nisi
987 1376 1036 1439 per

122 1440 269 1500 iustitiam
292 1439 368 1500 illud
381 1439 553 1502 ordinando
576 1441 685 1501 melius
707 1447 789 1501 stare
801 1438 933 1502 iaceretr¹
950 1441 1037 1501 miror

123 1522 160 1582 D.
182 1523 219 1583 D.
243 1522 326 1603 quod
347 1523 403 1583 has
427 1530 459 1584 ct
481 1523 596 1584 similes
618 1524 800 1585 autoritates
822 1525 866 1585 ita
887 1522 1036 1585 consarci·

123 1612 193 1682 nat,
223 1624 292 1666 cum
314 1625 407 1667 nemo
430 1626 482 1667 aas
505 1612 616 1686 neget,
646 1612 700 1666 aut
721 1607 907 1671 contrarium
930 1607 1034 1688 sapiat

122 1688 190 1769 Ego
212 1690 294 1751 enim
316 1690 378 1750 hcc
398 1690 498 1750 solum
521 1690 698 1770 impugnavi
719 1707 857 1769 semper,
880 1689 966 1770 quod
987 1688 1035 1751 vir·

122 1777 187 1832 tute
209 1773 340 1832 clavium
362 1774 478 1833 iactant
498 1772 577 1832 solvi
605 1792 723 1853 poenas
752 1791 808 1852 per
828 1773 978 1835 iustitiam
998 1769 1035 1833 oi

124 1856 224 1915 vinam
245 1856 416 1935 requisitas.
460 1856 528 1916 Hoc
549 1856 631 1916 enim
648 1875 712 1916 non
726 1855 819 1917 credo
833 1874 903 1916 ease
925 1874 1045 1931 remu..

123 1958 181 1998 nec
203 1938 389 2019 probabitur.
412 1939 483 1999 Non
498 1939 579 1999 enim
602 1939 680 1998 dixit
689 1938 728 1998 ad
744 1937 924 2022 Petrum*):
949 1934 1035 2015 Quod

123 2041 182 2101 ego
205 2021 283 2101 ligo,
322 2028 354 2081 tu
375 2023 493 2101 solves,
515 2021 585 2083 sed:
608 2021 822 2102 Quodcunque
844 2029 876 2083 tu
898 2022 1035 2099 solvaris,

122 2105 256 2164 solutum
278 2105 344 2165 erit.

206 2185 338 2265 Quinto,
370 2186 445 2248 iilud
473 2187 512 2248 de
533 2189 744 2268 poenitentiae
767 2187 937 2249 medicina:
968 2187 1036 2251 Non

1077 2104 1082 2169 i

122 2267 235 2330 sufficit
255 2288 357 2330 mores
379 2273 409 2330 in
433 2272 541 2331 melius
564 2272 762 2350 commutari,
789 2272 847 2332 nisi
875 2272 969 2332 ctiam
993 2288 1036 2333 ta·
1076 2282 1082 2319 :

121 2354 256 2413 tisfaciat
276 2353 363 2430 Deo,
385 2353 425 2415 de
445 2355 482 2414 iis
505 2373 585 2433 quae
606 2355 689 2415 iacta
710 2362 781 2415 sunt
802 2373 858 2434 pcr
879 2355 1035 2434 poeniten·

122 2437 184 2495 tiae
205 2435 357 2515 dolorem,
380 2457 437 2517 per
455 2432 636 2498 humilitatis
658 2439 817 2518 gemitum,
838 2456 894 2517 per
916 2436 1036 2499 contriti

122 2518 222 2579 cordis
244 2517 436 2584 sacrificium.
476 2520 565 2581 ¹Haec
587 2522 691 2581 omnia
710 2539 769 2601 ego
792 2539 885 2599 quam
906 2521 1038 2583 maxima

121 2602 204 2662 volui
240 2622 382 2682 semper,
415 2602 539 2683 utquid
567 2623 643 2684 ergo
679 2624 733 2684 par
753 2603 963 2685 indulgentias
983 2605 1038 2665 ista

120 2687 272 2746 iactantur
293 2687 423 2763 remitti,
456 2688 482 2746 si
504 2706 567 2749 non
590 2685 719 2764 sufficit,
754 2706 854 2748 mores
876 2688 908 2748 in
933 2686 1036 2749 meiius

121 2775 327 2848 commutare,
350 2775 381 2831 et
402 2770 506 2830 divina
527 2770 643 2830 iustitia
664 2771 720 2831 has
743 2770 882 2851 requirat
902 2769 1037 2833 masna

121 2853 242 2912 tiones?
264 2853 388 2913 Frustra
409 2872 484 2933 ergo
504 2853 653 2933 gloriatur
674 2854 712 2915 D.
725 2854 762 2915 D.
786 2850 868 2932 quod
892 2872 957 2915 non
978 2852 1036 2915 dic·

122 2942 184 2995 tum
207 2937 256 3015 sit,
279 2935 362 3016 quod
385 2944 501 2997 tantum
514 2936 694 2998 abstineatis
716 2956 736 2997 a
758 2937 905 3017 peccatis,
928 2935 984 2999 sed
1000 2932 1037 2997 de

120 3021 291 3099 praeteritis
313 3020 480 3100 deprecare
504 3020 679 3083 Dominum.
721 3019 819 3081 Etsic
837 3024 934 3100 patet,
956 3016 1037 3101 qnod

120 3101 221 3162 adhuc
244 3102 329 3164 nulla
341 3103 497 3183 Scriptura
518 3110 626 3164 contra
641 3123 691 3164 me
711 3102 846 3165 adducta
866 3109 925 3185 esp,
947 3120 1038 3184 quan·

121 3204 213 3265 quam
240 3205 300 3267 ego
334 3205 458 3267 possem
491 3185 586 3248 multo
618 3187 761 3247 fortiores
790 3185 939 3248 inducere
969 3204 1038 3249 con·

121 3276 168 3329 tra
189 3289 247 3331 ma.

205 3354 279 3414 Post
299 3354 394 3432 haec,
417 3352 541 3413 adducit
563 3354 770 3450 Augustinum
791 3354 822 3412 in
843 3351 1037 3417 Euchiridiot

120 3436 212 3497 Dolet
246 3437 371 3498 omnino
403 3436 480 3497 haec
515 3437 612 3497 oratic
641 3439 769 3497 minima
796 3440 827 3496 et
861 3434 1038 3516 quotidiam

120 3526 265 3599 peccata,
301 3518 385 3580 delet
406 3529 437 3580 et
458 3519 527 3598 iila,
556 3539 576 3579 a
597 3519 706 3599 quibus
729 3522 791 3580 vita
812 3517 951 3581 fidelium
975 3535 1036 3580 soa·

120 3602 216 3664 lerata
237 3610 336 3685 gesta,
358 3602 414 3664 ssd
435 3602 625 3683 poenitendo
643 3604 675 3665 in
699 3602 807 3663 meiius
830 3609 949 3665 mumta
980 3606 1035 3663 etc.

159 3800 188 3861 ’)
206 3796 302 3848 ¹tiattir.
321 3795 363 3850 16.
