2346 4208
346 269 380 324 re
400 269 528 324 issemus
541 243 712 324 cussonis.
922 262 986 331 245

59 457 128 517 sive
150 475 189 517 ea
210 456 319 536 perdat
337 457 368 517 in
381 456 518 538 ingratis,
541 455 608 515 sive
626 460 789 515 mereatur.
831 451 884 514 sia
904 454 986 514 enirn

60 545 94 600 et
122 545 211 620 poter
232 541 297 601 eius
319 540 408 613 iecit,
438 538 580 599 omnibus
603 538 706 599 omnia
728 534 912 598 distribuens
934 536 987 597 sh-

59 622 214 683 undanter
228 631 259 686 et
269 622 432 702 liberrime,
454 623 571 683 inciens
586 621 684 682 solem
700 639 787 681 suurn
800 620 871 680 oriri
895 639 987 700 snper

59 705 164 767 bonos
186 709 217 767 et
239 707 348 768 malos.
392 706 438 766 lta
459 704 540 765 illins
561 704 653 781 nihil,
676 703 735 764 nisi
757 703 890 784 gratuito
913 721 986 784 gan·

61 788 126 869 dio,
149 807 210 870 quo
232 790 263 849 in
285 789 352 850 Deo
375 809 430 869 per
452 787 604 848 Christum
629 786 809 863 delectatur,
832 793 985 847 mutarum

60 890 164 932 rerum
186 872 340 953 largitore,
364 873 437 933 lacit
459 871 632 951 et'patitur.

146 955 241 1016 Vides
264 974 349 1037 ergo,
373 956 398 1016 si
413 954 630 1036 cognoscimus
644 972 691 1030 ea,
715 971 794 1032 quae
811 952 901 1013 nobis
914 951 986 1013 dota

60 1043 149 1116 sunt,
178 1039 314 1099 maxima
336 1045 367 1099 et
387 1040 538 1119 pretiosa,
568 1042 602 1097 ut
622 1034 730 1097 Petr'us
752 1037 808 1114 ait,
838 1055 910 1096 mox
931 1055 986 1116 per

60 1122 201 1202 spiritum
224 1120 351 1182 diffundi
372 1123 404 1181 in
428 1120 571 1182 cordibus
592 1120 705 1180 nostris
729 1120 902 1195 caritatem,
926 1137 985 1200 qus

62 1204 160 1283 liberi,
183 1204 305 1283 hilares,
329 1206 568 1285 omnipotentes,
591 1211 781 1283 operatores,
805 1203 986 1264 etomnium

60 1286 292 1349 tribulationum
315 1290 466 1367 victores,
489 1288 698 1368 proximorum
722 1287 813 1364 servi,
834 1286 986 1347 nihilomi-

59 1390 120 1430 nus
143 1379 247 1432 tamen
270 1373 405 1432 omnium
438 1369 554 1432 domini
577 1389 690 1429 sumus.
736 1367 795 1443 Qui
824 1388 900 1429 vere¹
922 1388 985 1429 non

61 1461 260 1535 cognoscunt
281 1454 398 1515 donsta
428 1453 484 1514 sibi
513 1473 568 1533 per
590 1451 756 1529 Christum,
790 1452 826 1511 iis
848 1452 986 1513 Christus

60 1536 173 1598 frustra
194 1544 284 1598 natus
307 1544 363 1615 est,
385 1557 440 1617 per
455 1555 551 1618 opera
570 1535 614 1595 illi
626 1534 782 1613 incedunt,
804 1534 843 1595 cd
860 1535 985 1596 istarum

60 1639 163 1681 rerum
185 1627 306 1702 gustum
329 1629 360 1682 et
381 1639 505 1680 sensum
519 1637 672 1698 nunqnam
685 1619 870 1698 perventuri.
893 1618 987 1699 Igitur

60 1705 141 1764 sicut
162 1705 320 1784 proximus
348 1711 454 1765 noster
475 1702 691 1762 necessitatem
713 1700 808 1762 habet
829 1707 860 1762 et
880 1707 987 1761 nostra

59 1784 251 1847 abnndantia
271 1786 400 1868 indiget,
421 1788 507 1846 itaet
524 1804 582 1846 nos
606 1803 709 1844 coram
733 1784 799 1844 Deo
820 1784 986 1845 necessita·

58 1876 123 1930 tem
146 1869 307 1930 habuimus
330 1876 361 1931 et
380 1867 590 1930 misericordia
612 1868 677 1928 eius
694 1866 889 1948 indiguimus.
912 1866 984 1926 Ideo

31 1963 35 1969 ·
57 1953 138 2017 sicut
150 1952 243 2013 Peter
264 1953 408 2014 coelestis
431 1951 520 2012 nobis
533 1953 563 2011 in
577 1950 697 2012 Christo
710 1952 806 2031 gratis
821 1950 985 2011 auxiliatus

60 2041 118 2114 est,
141 2038 185 2096 ita
207 2043 239 2096 et
259 2055 317 2097 nos
340 2035 487 2097 debemus
509 2036 603 2115 gratis
626 2052 814 2114 percorpus
837 2041 868 2095 et
890 2052 987 2114 opero

57 2119 125 2179 eius
146 2120 289 2199 proximo
310 2127 416 2180 nostro
438 2118 587 2197 auxiliari,
610 2125 641 2177 et
665 2118 872 2197 unusquisque
898 2113 985 2186 elteri

59 2201 200 2262 Christus
222 2201 345 2282 quidam
366 2201 447 2278 lieri,
470 2207 503 2261 ut
524 2202 618 2260 simus
641 2207 776 2260 mutuum
800 2198 927 2276 Christi,
956 2205 987 2260 et

58 2284 198 2345 Christus
219 2285 300 2346 idem
322 2287 353 2345 in
374 2284 531 2362 omnibns,
552 2284 613 2345 hoo
635 2293 696 2363 est,
718 2302 790 2344 vere
813 2283 985 2348 Christiani.

144 2365 219 2442 Quis
255 2387 329 2449 ergo
370 2366 633 2448 comprehendere
666 2375 758 2445 queat
795 2366 919 2428 divitias
955 2373 987 2426 et

56 2451 191 2532 gloriam
219 2450 411 2512 Christianae
439 2449 543 2510 vitae?
580 2468 659 2527 quae
694 2451 798 2509 omnia
830 2455 935 2529 potest
956 2456 987 2510 et

56 2533 163 2608 habet,
186 2540 217 2595 et
237 2534 347 2594 nullius
369 2533 496 2614 indiget,
519 2533 649 2611 peccati,
671 2533 787 2606 mortis,
808 2533 918 2592 inferni
932 2529 985 2591 do·

59 2617 155 2694 mina,
176 2617 267 2676 simul
288 2625 390 2677 tamen
415 2615 557 2676 omnibus
580 2634 670 2674 serva
693 2622 724 2674 et
747 2613 933 2694 obsequiosa
955 2621 987 2674 et

57 2699 153 2777 utilis,
177 2699 231 2761 sed
255 2719 334 2780 quse
345 2700 422 2780 proh
437 2698 528 2760 dolor
539 2696 633 2758 hodie
648 2699 678 2757 in
702 2704 767 2758 toto
781 2696 855 2757 orbe
878 2699 986 2778 ignota

57 2788 118 2859 est,
140 2801 199 2843 nec
220 2782 413 2863 praedicetur
436 2801 493 2842 neo
507 2782 670 2861 quaeritur,
692 2779 782 2857 adeo,
805 2788 839 2840 ut
859 2799 985 2861 prorsus

58 2871 198 2927 nostrum
221 2886 335 2927 nomen
364 2867 489 2945 ipsimet
518 2866 713 2945 ignoremus,
746 2882 799 2923 cur
821 2862 986 2923 Christiani

57 2949 156 3008 simus
185 2957 215 3009 et
242 2968 398 3011 vocemur.
443 2948 534 3009 Certe
569 2947 730 3008 aOhristo
763 2947 807 3007 sic
825 2946 984 3023 ¹vocamur,

60 3050 124 3092 non
149 3031 286 3109 absente,
310 3032 365 3092 sed
387 3031 579 3092 inhabitante
601 3032 632 3090 in
654 3029 758 3106 nobis,
779 3029 809 3089 id
835 3035 891 3106 est,
912 3028 984 3089 dum

59 3113 214 3175 credimus
236 3116 266 3174 in
290 3134 370 3194 eum,
393 3120 425 3174 et
437 3115 571 3174 invicem
597 3121 768 3192 mutuoque
783 3132 886 3172 sumus
909 3113 986 3172 alter

58 3197 185 3258 alterius
208 3197 362 3276 Christus,
393 3197 540 3257 incientes
562 3197 727 3277 proximis,
748 3197 827 3256 sicut
849 3195 985 3256 Christus

58 3280 151 3342 nobis
171 3281 253 3341 facit.
297 3280 339 3341 At
365 3299 446 3340 nunc
466 3280 625 3340 hominum
653 3279 800 3340 doctrinis
838 3298 901 3338 non
928 3277 986 3339 nisi

59 3364 179 3441 meritc,
202 3366 348 3445 praemia,
371 3371 402 3424 et
425 3383 479 3441 es,
500 3382 580 3443 quae
601 3370 709 3423 nostra
731 3369 816 3441 sunt,
839 3361 987 3422 docemur

59 3465 225 3527 quaerere,
267 3453 298 3507 et
320 3466 359 3507 ex
377 3447 498 3508 Christo
520 3465 583 3506 non
612 3447 669 3506 nisi
692 3452 870 3507 exactorem
891 3444 986 3525 longe

59 3549 136 3609 prae
158 3530 247 3591 Mose
261 3530 291 3605 ¹)
316 3531 503 3590 severiorem
525 3529 663 3590 fecimus.

143 3612 290 3674 Eiusdem
314 3613 386 3673 fidei
409 3613 584 3693 exemplum
615 3631 688 3693 prae
711 3613 821 3673 ceteris
845 3610 987 3692 praebuit
1026 3672 1035 3678 ,

59 3707 91 3758 ct
112 3698 147 3758 B.
172 3697 279 3777 Virgo,
304 3695 386 3773 dum,
409 3704 442 3756 ut
459 3693 573 3759 Luoa2.
597 3696 746 3773 scribitur,
768 3693 986 3776 purificabatur

60 3787 164 3864 '‘1)
186 3801 216 3852 ln
237 3800 278 3853 ed.
298 3798 376 3856 Jont
395 3800 479 3869 longe
498 3797 584 3852 noae.
