2346 4208
332 274 408 330 =llll.
425 273 462 329 de
479 276 617 345 potestate
635 272 737 344 Papae.
950 266 1012 337 297

112 463 288 543 attemperies
299 467 331 522 et
342 462 579 543 occupationum
604 479 738 522 mearum
752 461 845 522 ratio:
868 459 911 520 ita
931 460 1012 520 enim

113 562 188 627 angor
205 564 309 627 paene
329 545 514 626 imperatus,
536 546 671 624 pessimo
686 544 813 622 nomini,
836 543 919 623 quo'd
941 542 1013 603 mihi

112 629 239 689 inultis
268 630 453 707 intentatur,
488 646 656 689 occurrere.
687 626 771 702 Quas
802 646 870 687 cnm
893 626 1013 686 videam

114 712 207 772 miore
229 711 333 773 studio
362 712 441 792 peti,
474 730 564 790 qnam
599 729 812 791 speraveram,
847 711 943 770 visum
968 715 1015 769 est

114 812 151 863 cn
169 795 222 855 sub
244 794 389 857 incudem
413 800 575 856 revocatas
599 813 728 876 augere,
763 793 814 853 vel
851 791 1015 853 emendare

114 876 215 955 mlum,
249 880 274 938 si
307 898 368 959 qua
396 877 538 959 digniore
567 878 646 939 facie
677 879 707 936 in
731 875 886 957 publicum
909 877 1015 936 venire

114 961 220 1040 possint.

178 1044 211 1105 ln
232 1060 296 1123 qua
316 1061 360 1120 re,
385 1044 502 1124 optime
523 1042 649 1122 Lector,
673 1051 703 1103 te
725 1043 854 1123 primum
879 1060 951 1118 oro,
975 1061 1014 1101 ne

115 1125 159 1187 tllli
180 1128 239 1187 mei
261 1127 443 1187 varietatem
468 1127 600 1187 mireris:
639 1145 704 1185 sum
736 1126 829 1206 plane
850 1124 1016 1204 aliquando

117 1208 266 1287 sordidior,
311 1211 495 1290 penitusque
517 1211 576 1270 mei
600 1209 771 1287 dissimilis,
808 1208 889 1287 quod
913 1207 952 1268 de
974 1209 1017 1267 in-

116 1288 208 1353 distria
239 1293 340 1372 hoio,
373 1292 456 1372 quod
489 1293 561 1353 mihi
591 1311 653 1353 non
677 1292 715 1352 sit
737 1310 807 1372 spes
830 1292 964 1352 nominis
987 1297 1018 1351 et

117 1377 262 1437 aemonae
296 1376 475 1455 diuturnae,
509 1394 569 1436 nec
599 1376 661 1437 tale
690 1375 845 1456 quippiam
878 1392 1014 1454 nuquam

118 1461 242 1536 quesivi.
288 1458 349 1521 Sed
380 1460 460 1519 siout
489 1460 520 1518 vi
551 1460 580 1519 in
604 1458 761 1539 publicum
789 1465 903 1518 tractus
938 1476 1015 1538 eum,

117 1540 146 1600 iti
157 1545 256 1624 cogito
277 1561 400 1622 semper
413 1560 503 1621 quam
517 1543 633 1622 possim
649 1543 735 1602 citius
748 1541 848 1602 redire
869 1542 900 1600 in
915 1560 1017 1602 meum

117 1626 261 1705 angulum,
293 1625 382 1685 salvo
412 1624 586 1686 Christiano
623 1644 691 1685 meo
719 1627 853 1686 nomine.
897 1624 1018 1684 Habe-re

118 1709 178 1769 enim
199 1717 273 1788 puto
303 1708 455 1768 theatrum
492 1727 592 1768 meum
625 1728 711 1768 suam
734 1709 852 1783 horam,
874 1717 947 1786 post
969 1726 1018 1766 me

118 1788 176 1851 alius
203 1802 362 1871 sequetur,
391 1792 415 1851 ai
445 1791 595 1851 Dominus
623 1792 726 1870 volet,
761 1791 859 1871 agol)
884 1790 1015 1869 tempori

119 1888 170 1934 neo
190 1875 402 1935 satisfecerim.

181 1957 304 2018 Videor·
317 1963 348 2017 et
381 1956 482 2016 multis
505 1957 599 2035 paulo
627 1955 731 2016 durior
759 1957 790 2015 in
813 1954 1019 2031 adversarios,

119 2044 141 2096 et
156 2040 235 2101 velut
257 2040 429 2101 modestiae
444 2039 640 2119 theologicae
653 2039 773 2100 oblitus.
818 2038 885 2114 Hic,
910 2039 934 2096 si
957 2056 1018 2115 qna

119 2126 142 2179 et
157 2123 212 2183 alia
234 2124 311 2183 vitia.
330 2142 401 2182 mea
428 2123 636 2198 inveniantur,
667 2141 729 2181 non
753 2140 942 2201 magnopere
965 2120 1014 2179 de¹

118 2221 209 2282 precor
230 2205 371 2286 culpam,
410 2205 491 2284 quod
528 2205 590 2265 hoo
621 2225 669 2264 me
703 2205 764 2263 alia
788 2224 886 2278 ,cansa
915 2206 1016 2263 facere

116 2302 162 2348 uon
182 2308 246 2349 sum
269 2290 343 2348 mihi
366 2290 524 2365 conscius,
548 2306 637 2366 quam
662 2289 755 2347 nimio
779 2287 890 2366 publici
914 2287 1015 2347 taedio

117 2376 138 2428 et
155 2372 239 2449 odio,
264 2374 296 2431 in
320 2370 402 2450 qnod
424 2391 473 2430 me
495 2379 636 2449 mergunt
658 2371 720 2447 illi,
751 2370 913 2449 plurimum
944 2371 1015 2429 mihi

115 2456 308 2529 pretiosissimi
339 2456 486 2534 temporis
522 2452 714 2513 suffurautes.
764 2453 898 2533 Deinde,
935 2454 1015 2532 qnod

114 2540 160 2597 tam
193 2539 384 2618 praefractos
414 2544 444 2596 et
472 2537 642 2597 obstinatos
674 2537 876 2596 oblatratores
907 2537 1017 2615 patior,

114 2626 170 2680 ute
190 2622 298 2701 quavis
315 2619 435 2700 syllaba
458 2620 530 2678 mihi
543 2621 754 2700 ignominiam,
778 2619 834 2678 sibi
857 2620 1015 2679 victoriam

116 2705 231 2764 nominis
256 2701 422 2765 Christiani
446 2702 681 2762 insidiosissime
714 2711 745 2762 et
776 2703 1017 2782 pertinacissime

114 2793 262 2865 quaerant,
293 2793 327 2846 nt
348 2786 431 2846 malo
455 2785 539 2846 nodo
562 2787 660 2845 malus
683 2786 754 2845 mihi
777 2803 891 2844 cuneus
914 2804 1018 2844 ueces-

115 2870 194 2930 nuius
218 2869 369 2930 videatur.
414 2867 606 2948 Quamquam
631 2870 738 2928 videor
763 2869 834 2926 mihi
857 2868 1017 2927 stomacho

115 2966 169 3013 neo
193 2954 319 3013 multam
344 2971 466 3031 semper
489 2952 599 3011 fecisse
622 2954 699 3025 vim,
723 2971 762 3010 ne
785 2952 915 3010 lacerem
940 2969 1019 3028 quae

116 3050 233 3109 possem.
277 3035 318 3112 Et
329 3036 445 3111 nescio,
469 3036 494 3094 si
508 3036 642 3094 molliter
655 3035 744 3094 simul
767 3041 797 3093 et
809 3034 921 3092 utiliter
933 3036 1017 3112 tangi

117 3154 288 3167 ψῃ,
296 3158 520 3164 --—-.......-..—.

170 3208 211 3262 lta
229 3214 295 3261 sunt
312 3209 382 3259 istae
404 3223 481 3259 meae
501 3206 633 3257 adversus
652 3203 754 3257 Johan.
775 3206 886 3256 Enetum
914 3207 1019 3271 positae

116 3282 316 3348 propositiones,
337 3281 459 3330 maxime
479 3281 561 3330 tertia
581 3276 689 3328 decima
708 3277 742 3329 de
762 3283 898 3344 potestate
917 3275 1018 3343 Papae,

117 3356 138 3397 ll
152 3353 307 3421 snperbiam
328 3350 526 3401 invidissimam
552 3351 621 3399 facie
641 3364 691 3398 suu
709 3347 830 3400 luderet.
856 3351 1017 3415 praesertim

117 3433 163 3473 turn
181 3424 248 3475 mihi
269 3439 327 3473 rem
348 3424 407 3475 lore
427 3439 488 3473 cum
508 3421 617 3472 lubrico
633 3421 810 3471 colluctnlore
824 3420 1017 3487 intelligerem.

117 3485 191 3567 §turre
201 3503 238 3559 te,
257 3495 353 3557 lector,
373 3494 491 3545 iudicem
505 3492 588 3560 eligo,
609 3494 733 3560 quisquis
745 3494 839 3559 fueris,
861 3493 930 3543 adeo
951 3491 1019 3542 nihil

116 3572 135 3612 111
151 3565 197 3619 bac
216 3566 410 3634 propositione
431 3564 544 3631 periculi
567 3565 633 3615 mihi
654 3565 746 3628 timeo,
767 3569 900 3631 qnantum
922 3564 955 3614 ad
975 3579 1019 3615 ve-

116 3634 208 3691 ritatem
236 3640 341 3690 attinet.
380 3636 504 3688 Ceternm
532 3637 556 3686 si
581 3634 686 3686 invidia
705 3635 780 3686 alind
800 3637 909 3697 fecerit,
938 3650 1018 3686 suum

115 3716 171 3772 opus
188 3712 291 3773 fecerit,
312 3716 340 3760 tu
360 3707 444 3761 modo
467 3707 582 3759 candide
602 3715 628 3759 et
647 3707 733 3759 libere
752 3705 851 3758 iudica.
894 3705 967 3759 Vale.

158 3780 187 3845 2)
206 3781 238 3835 lu
257 3780 300 3834 ed.
319 3779 379 3832 len.
400 3779 518 3849 legitur:
536 3779 583 3831 nbi
604 3794 666 3847 ego.
