2346 4208
116 270 180 335 144
334 272 489 341 Disputatio
507 271 616 340 Lipsiae
634 230 726 326 habita
745 287 770 326 a.
791 270 851 323 Xlll

117 460 230 520 laetari
252 466 284 519 et
303 458 456 539 gaudere,
483 460 546 518 imo
569 459 721 519 canticum
743 474 858 520 novum
881 464 929 521 est
951 458 1044 521 canti·

119 561 189 602 cum
212 543 324 622 crucis,
350 543 418 603 ·hoc
439 548 502 620 est,
540 542 666 603 laudare
695 549 727 602 et
746 548 870 623 portare
891 543 993 603 Deum
1012 543 1044 603 in

120 625 229 687 mediis
253 624 498 687 tribulationibus
521 632 612 705 atque
636 625 716 686 adeo
738 627 770 685 in
792 632 902 688 morte.
924 654 930 661 ·
1005 654 1008 659 ·

205 708 295 784 Quod
318 710 407 770 tertio
430 708 558 769 adduxit
579 711 731 770 canoneni
753 710 885 788 lllissae,
915 708 977 769 ubi·
989 726 1044 789 pro

120 791 272 853 defunctis
296 799 420 853 orantes
442 792 587 852 dicimus:
623 793 785 854 Dcrmiunt
806 794 837 853 in
859 810 973 853 somno
994 802 1045 873 po,-

121 878 182 954 cis,
216 883 246 936 et
270 877 430 956 quiescunt
450 876 481 935 in
505 876 642 953 Christo,
676 896 740 938 non
762 876 860 955 videt,
895 884 929 936 ut
962 874 1045 951 dicit,

122 959 279 1039 quomodo
302 961 423 1040 possint
443 957 503 1019 dici
531 958 663 1021 dormire
692 961 724 1019 in
746 978 857 1021 somno
883 960 987 1041 pacis,
1020 958 1046 1019 si

120 1044 183 1103 sint
211 1044 242 1103 in
277 1043 332 1103 tali
363 1042 551 1120 turbatione,
593 1049 727 1104 tremore
768 1050 799 1104 et
834 1040 1046 1123 inquietudine

122 1128 265 1209 maxima.
288 1125 361 1188 Ideo
383 1128 587 1206 interpretans
609 1127 690 1187 hanc
702 1127 834 1207 quietem
855 1128 942 1207 pacis
965 1124 1046 1203 dicit,

122 1209 206 1288 qnod
228 1216 410 1291 exspectant
430 1228 537 1270 secure
558 1211 722 1270 terminum
750 1229 823 1271 suae
844 1208 1047 1299 purgationis.

9 1339 21 1353 .
122 1293 325 1373 Respondeo:
349 1293 420 1354 Non
442 1293 591 1354 satisfacit
601 1294 674 1354 mibi
686 1294 764 1354 hacc
773 1294 889 1375 glossa,
912 1299 944 1354 et
964 1292 1047 1355 idom

123 1394 178 1456 per
199 1374 281 1437 idem
298 1377 459 1457 probatur.
501 1376 581 1439 Nam
610 1396 678 1438 esse
701 1395 756 1438 ecs
777 1378 956 1457 inquietos,
979 1380 1048 1457 pro'·

124 1459 176 1520 bat
206 1459 237 1520 id
265 1458 348 1539 quod
381 1461 517 1540 sequitur
546 1462 577 1520 in
613 1460 755 1521 Canope:
790 1460 882 1541 Ipsis,
904 1460 1064 1537 Domine„

124 1549 155 1603 et
176 1543 317 1604 omnibus
336 1545 368 1602 in
391 1544 511 1604 Dbristo
534 1543 778 1623 quiescentibus,
798 1543 903 1605 locum
924 1542 1049 1625 refrigo-

123 1627 160 1686 rii
181 1626 257 1686 lucis
280 1634 311 1687 et
326 1628 411 1707 pacis
433 1627 569 1709 indulge,
594 1632 625 1687 et
645 1627 730 1705 illud,
752 1626 834 1707 quod
850 1645 959 1688 omnes
983 1644 1049 1688 ors·

125 1729 208 1770 mus:
236 1710 384 1791 Requiem
406 1717 564 1771 aeternam
586 1710 670 1771 dona
691 1712 746 1789 eis,
768 1710 910 1772 Domine.
956 1711 1047 1773 Item:

124 1792 215 1854 Dona
231 1795 275 1854 eis
298 1813 416 1874 pacem,
433 1794 517 1874 quod
536 1813 599 1854 uon
612 1800 716 1874 potest
726 1794 872 1876 intelligi,
888 1793 973 1856 dona
994 1810 1049 1937 aa

124 1896 179 1937 cxs
203 1884 305 1938 ectare
331 1897 438 1938 secure
460 1879 622 1938 terminum
645 1897 720 1938 suae
741 1878 943 1959 purgationis,
965 1894 1008 1957 qu

125 1960 161 2020 D.
220 1963 464 2041 ‚interpretatus
487 1968 534 2021 est
556 1980 625 2022 esse
646 1980 765 2041 pacem.
814 1961 939 2023 Rectius
974 1976 1049 2047 ergo

127 2063 196 2105 meo
226 2044 340 2105 iudicio
375 2045 571 2124 requiescunt
590 2045 622 2105 in
653 2063 752 2125 pace,
791 2043 892 2124 quoad
925 2060 1049 2188 coppos.

125 2126 266 2188 Dormire
301 2128 383 2187 euim
411 2129 443 2188 in
465 2129 559 2189 sacris
588 2128 683 2189 literis
705 2129 737 2188 in
759 2147 858 2209 pace,
896 2126 976 2208 sign‘
1000 2130 1051 2187 snt

124 2213 283 2289 quiescere
308 2212 339 2270 in
362 2211 512 2291 sepulcro.
556 2211 596 2271 Et
617 2213 662 2272 sic
683 2218 778 2291 patet,
801 2210 883 2291 quod
905 2211 1049 2293 egreffius

125 2294 162 2354 D.
187 2294 222 2354 D.
262 2313 323 2355 non
346 2294 488 2374 probavit
509 2296 669 2356 scientiam
692 2296 799 2355 salutis
822 2313 952 2373 eorum,
986 2293 1049 2353 imo

125 2377 356 2457 quodammodo
380 2379 461 2438 tollit
481 2398 600 2459 poenas
623 2379 808 2460 purgatorii,
837 2377 910 2438 dum
932 2378 978 2439 cis
1000 2376 1050 2438 ui·

129 2460 196 2521 buit
216 2480 334 2542 pacem.

517 2642 668 2705 Eccius.

212 2796 292 2872 Quia
306 2796 395 2858 nobis
419 2798 616 2858 constitutum
630 2802 678 2857 est
699 2800 815 2855 arctum
839 2804 961 2877 tempus
974 2796 1054 2857 hanc

128 2882 287 2941 materiam
309 2879 403 2940 hodie
432 2878 574 2959 finiendi,
604 2888 636 2940 nt
657 2898 714 2959 pro
738 2877 885 2957 qualitate
906 2880 1054 2943 materiae

128 2964 298 3025 solutiones
313 2962 399 3023 nihili
419 2963 551 3024 refutare
572 2983 635 3024 non
656 2964 782 3044 possim,
805 2969 836 3023 et
857 2962 920 3024 alia
939 2970 1055 3045 punctu

128 3048 296 3128 purgatorii
324 3047 490 3127 attingere,
517 3048 650 3127 paucula
678 3045 829 3126 quaedam
850 3045 1056 3127 afferam,.ut

128 3130 218 3191 facile
246 3126 433 3211 agnosbatur
460 3132 573 3191 vitasse
607 3129 808 3191 reverendum
835 3131 957 3191 Patrem
993 3134 1054 3193 ma-

128 3218 223 3275 teriae
244 3219 369 3274 nostrae
392 3214 578 3292 medullam,
601 3222 632 3275 et
653 3214 833 3274 diverticula
854 3215 1054 3293 quaesivisse.

128 3297 218 3358 Unde
239 3299 338 3378 primo
360 3317 428 3358 cum
440 3298 612 3378 Augustino
634 3297 781 3358 dixissem
805 3297 856 3378 ¹),
879 3316 973 3359 omne
994 3316 1056 3359 me·

129 3383 218 3441 ritum
240 3381 290 3441 hic
312 3390 525 3462 comparatur,
548 3391 580 3442 et
600 3380 683 3461 quod
706 3392 797 3442 nenio
820 3388 939 3461 speret,
973 3378 1056 3461 quod

129 3464 179 3524 hic
206 3466 364 3546 neglexit,
399 3485 466 3525 cum
489 3464 615 3540 obierit,
643 3463 724 3545 apud
747 3462 845 3524 Deum
878 3465 1065 3546 promereri·

129 3548 274 3610 Similiter
295 3557 326 3609 et
347 3549 552 3629 Hieronymus
575 3549 666 3625 dicit,
701 3568 734 3607 se
763 3554 924 3628 utrumque
946 3566 1055 3611 conca·

134 3706 343 3721 w

166 3800 197 3867 1)
219 3800 249 3851 ln
268 3798 310 3853 ed.
330 3800 447 3868 origin:
473 3797 655 3852 induxissem.
