2346 4208
332 260 368 319 de
386 268 504 335 utraque
522 264 614 336 specis
628 263 812 329 8777777777.
978 257 1043 326 409

132 453 234 514 7.5
257 451 358 513 Primo
374 452 456 511 enim
478 470 535 511 ceu
558 454 640 513 fures
662 453 789 514 alteram
814 450 1040 595 sppdlemolam

120 534 354 614 surripuerunt
351 534 496 596 ecclesia
517 535 628 597 silente
648 536 726 597 vel
719 542 891 617 ignorante.

185 621 236 681 76.
257 617 333 679 Post
352 637 420 678 oum
443 637 499 698 per
520 618 688 680 Iohannem
711 620 809 697 lluss,
831 616 1041 681 fidelissimum

122 700 294 762 caniculam
317 701 508 778 ecclesiae,
500 722 531 761 m
554 704 634 764 furto
655 666 841 783 deprehensi
864 701 1042 799 7777777777-

122 790 171 900 tur
192 790 224 844 et
244 785 452 864 proderentur

130 869 234 930 ·77
254 868 316 947 lpsi
349 870 477 946 furtum,
509 868 768 930 multitudinet
737 879 768 929 et
796 870 935 950 potentia
963 814 1043 948 freti,

122 950 285 1011 manifesto
307 952 470 1012 latrocinio
493 960 663 1030 coepemnt
690 954 721 1012 in
750 972 807 1014 suo
836 951 968 1013 concilio
991 951 1043 1013 de·

120 1032 248 1094 sendere
270 1039 302 1093 77
321 1036 459 1114 rapinam
483 1053 569 1094 suam
590 1035 763 1099 iustificare.

188 1117 237 1180 78.
253 1117 300 1178 >Et
321 1117 491 1178 caniculam
513 1118 598 1178 illam
619 1120 774 1180 insontem
806 1125 836 1178 et
870 1136 971 1196 neque
993 1136 1044 1177 au·

122 1198 217 1260 ditum
256 1219 357 1281 neque
387 1201 559 1262 convictam
592 1221 678 1263 mera
718 1200 880 1282 tyrannide
920 1200 1044 1261 damna·

122 1290 233 1343 verunt
255 1290 286 1344 et
307 1283 531 1361 exusserunt1)
557 1285 765 1364 superbissimi
788 1284 972 1346 homicidae.

104 1432 106 1436 ,
186 1369 235 1429 79.
259 1367 438 1428 Met-nebant
459 1368 556 1441 enim,
581 1369 606 1427 si
630 1367 784 1428 audiretur
807 1375 837 1429 et
859 1369 1043 1428 convincen-

122 1448 180 1509 dus
203 1457 287 1510 esset
308 1451 405 1528 Hnss,
427 1450 487 1530 ipsi
508 1451 611 1531 palam
639 1453 717 1512 asini
741 1470 796 1511 ceu
818 1450 924 1512 hostes
947 1450 1045 1510 ecole-

122 1533 189 1592 siae
211 1534 429 1595 invenirentur.

185 1617 236 1679 86.
258 1617 372 1697 Rapiat
393 1635 467 1698 ergo
490 1635 572 1696 papa
585 1618 747 1693 ecelesiae,
770 1618 935 1697 quaeipse
950 1616 1045 1694 dedit,

122 1705 176 1758 aut
198 1700 245 1759 sui
266 1701 339 1760 iuris
361 1710 448 1779 sunt,
482 1718 561 1779 qnae
589 1719 663 1760 vero
695 1719 758 1761 non
787 1699 899 1778 dedit„
918 1719 980 1764 nec
998 1700 1046 1760 sui

121 1782 197 1842 iuris
220 1788 300 1861 sunt,
321 1803 341 1844 a
355 1784 429 1843 'Deo
452 1787 554 1844 autem
577 1783 646 1843 solo
676 1783 793 1844 donata
814 1789 900 1861 aunt,
930 1784 1047 1843 intacta

122 1866 213 1935 sinat·
236 1866 284 1926 vel
308 1863 711 1927 sacerrimus·antiohristus
736 1873 814 1928 esto.

185 1949 234 2011 81.
256 1947 338 2008 Satis
366 1956 496 2028 apparet
517 1951 589 2009 ante
620 1950 783 2010 concilium
808 1949 1047 2011 Constantiense

120 2031 216 2091 fuisse
237 2033 269 2091 in
292 2033 431 2093 ecclesiis
463 2034 705 2092 controversiam
735 2032 774 2092 de
795 2033 894 2093 altera
914 2039 946 2092 et
967 2038 1045 2092 utra

121 2133 182 2193 que
204 2115 318 2194 specie.
856 2143 858 2147 ·

185 2198 233 2260 82.
257 2197 387 2258 Etcum
412 2198 546 2259 ecclesia
566 2218 640 2259 vera
656 2206 786 2279 urgeret
796 2202 957 2282 utramque
979 2216 1046 2277 spe·

124 2281 219 2356 aiem,
248 2279 403 2341 habens
397 2300 452 2361 pro
475 2300 508 2342 se
531 2282 642 2342 Christi
670 2284 909 2358 institutionem
939 2280 1046 2341 adver-

122 2363 205 2423 saria
229 2369 331 2424 tamen
354 2365 393 2424 de
415 2364 494 2423 dio
485 2384 516 2423 rn
540 2364 620 2425 diem
644 2366 777 2445 profecit
793 2373 829 2438 77
851 2327 961 2441 orelit,
992 2364 1045 2423 ha·

123 2445 201 2506 bens
223 2466 279 2525 pro
302 2467 336 2507 se
358 2446 582 2506 multitudinem
605 2448 773 2508 hominum.
895 2466 897 2472 ’

186 2530 236 2592 83.
258 2529 335 2589 Tum
365 2530 450 2591 venit
476 2548 559 2610 papa
590 2539 621 2590 et
649 2532 831 2606 concilium,
861 2529 919 2590 sibi
945 2529 1046 2590 multi·

124 2609 260 2672 tudinem
284 2614 485 2673 conciliantes
524 2619 555 2672 et
587 2615 752 2691 maiorem,
783 2613 838 2674 sed
861 2612 1045 2673 deteriorem

124 2702 241 2774 partem
264 2694 490 2776 approbantes,
513 2695 737 2757 damnaverunt
759 2698 909 2757 minorem
933 2703 963 2756 et
984 2714 1047 2756 me·

124 2779 242 2841 liorem
744 2815 746 2821 ·

175 2863 234 2925 84.
256 2862 338 2922 Viuit
358 2863 512 2942 impietas,
535 2870 749 2943 prostrataque
762 2864 876 2924 veritas
891 2863 922 2922 in
935 2862 1046 2942 plateis

125 2952 182 3021 est,
205 2952 367 3004 corruente
388 2946 470 3005 iusto
495 2964 598 3006 coram
622 2948 728 3026 impio,
750 2953 784 3005 ut
796 2946 944 3006 Salomon
962 2944 1046 3006 dicit.

179 3030 237 3092 85.
257 3027 303 3087 Ea
326 3034 374 3088 est
394 3030 475 3088 enim
497 3048 601 3109 poena
631 3035 663 3089 et
690 3032 735 3089 ira
756 3030 814 3089 Dei
842 3048 935 3109 super
963 3026 1045 3087 filios

124 3109 323 3172 diffidentiae.
1006 3138 1009 3146 ·

187 3194 237 3258 86.
261 3193 307 3253 Ita
329 3194 458 3272 primum
480 3193 555 3255 dolo
578 3196 727 3274 reptantis
751 3195 861 3255 leniter
882 3194 1044 3274 serpentis,

124 3283 197 3354 post
216 3277 387 3356 impetu-et
414 3278 444 3336 vi
475 3278 618 3338 irruentis
645 3278 744 3339 leonis
774 3286 903 3357 utraque
925 3278 1045 3356 species

125 3359 278 3439 ecclesiae
300 3360 446 3438 adempta
469 3367 524 3422 est.
586 3390 588 3394 ⁸

186 3444 235 3506 87.
257 3443 343 3502 Licet
376 3462 450 3523 ergo
480 3444 525 3504 illi
554 3451 708 3522 utcunque
737 3444 827 3504 venia
864 3443 948 3523 digni
975 3444 1045 3518 sint,

125 3526 176 3604 qui
199 3545 254 3605 per
275 3526 481 3606 ignorantiam
504 3527 554 3587 vel
576 3527 748 3607 simplicem
761 3528 959 3587 omissionem
976 3544 1045 3610 pec-

125 3616 282 3671 caverunt.

124 3749 334 3761 ι---

199 3805 224 3875 7)
242 3804 273 3859 ln
294 3804 336 3858 ed.
357 3804 441 3861 1558:
460 3808 650 3860 excusserunt.
