2346 4208
410 235 444 292 dc
462 236 589 293 libertate
611 232 787 293 Christiaua‘
986 233 1050 304 233

207 425 267 486 Hic
283 445 428 506 quaeres:
443 485 447 495 ,
463 425 494 488 Si
518 444 643 505 omnes,
675 427 727 505 qui
753 427 784 486 in
815 426 948 488 ecclesia
969 431 1049 507 sunt,

122 509 305 571 sacerdotes
328 515 414 586 suut,
437 529 499 588 quo
521 511 647 572 nomine
669 510 882 570 discernuntur
903 510 942 589 ii,
971 529 1049 590 quos

122 610 209 654 nunc
229 592 407 656 sacerdotes
430 592 567 671 dicimus,
590 613 609 654 a
629 592 739 654 laicis?
761 592 964 673 Respondeo:
987 593 1049 655 Vo-

122 674 243 738 cabulis
264 677 340 755 istis,
363 676 520 752 sacerdos,
543 677 688 754 clericus,
710 675 884 757 spiritualis,
907 676 1050 738 eeclesia·

122 760 236 835 eticus,
258 760 368 820 iniuria
388 759 469 820 facta
490 766 551 838 est,
588 759 659 820 dum
682 779 700 820 a
721 759 845 839 reliquis
868 758 1048 822 Christianis

122 841 268 905 omuibus
292 843 440 903 hanalate
468 851 539 903 sunt
571 843 609 903 ad
640 862 757 923 paucos
779 845 872 922 istos,
895 844 946 923 qui
968 862 1050 904 nuno

123 944 189 1006 usu¹
215 927 310 986 noxio
344 926 548 988 ecclesiastici
577 926 727 987 dicuntur.
781 926 936 1007 Scriptura
967 927 1050 987 enim

123 1010 234 1069 sancta
248 1008 323 1068 nihil
345 1009 490 1070 discernit
510 1010 589 1070 inter
611 1029 676 1088 eos,
699 1011 758 1070 nisi
780 1010 862 1090 quod
884 1010 1049 1089 ministros,

122 1109 249 1170 servos,
282 1111 473 1153 oeconomos
495 1092 647 1172 appellat,
675 1094 726 1172 qui
748 1111 829 1155 nunc
851 1112 967 1173 papae,
989 1094 1051 1173 epi·

123 1175 223 1254 scopi,
246 1173 424 1255 dominique
445 1177 605 1254 iactantur,
628 1178 679 1257 qui
701 1178 811 1237 ceteris
832 1178 976 1254 serviant,
998 1177 1052 1236 mi-

122 1257 253 1318 nisterio
277 1257 377 1335 verbi,
408 1258 447 1319 ad
469 1259 640 1321 docendam
663 1259 756 1321 iidem
778 1259 890 1321 Christi
912 1267 943 1321 et
963 1259 1052 1320 liher-

121 1347 218 1402 tatem
251 1339 396 1402 fidelium.
438 1342 517 1429 iiam
553 1343 738 1404 etsiverum
766 1349 831 1419 est,
861 1361 919 1403 nos
942 1362 1051 1404 omnes

124 1422 297 1503 aequaliter
327 1425 506 1487 sacerdotes
540 1445 625 1503 esse,
661 1446 722 1489 non
752 1432 853 1487 tamen
876 1445 1050 1506 possumus,

123 1525 195 1584 nec,
218 1507 244 1568 si
266 1527 446 1588 possemus,
481 1508 627 1570 debemus
651 1529 758 1570 omues
785 1507 908 1590 publice
936 1510 1051 1570 servire

121 1596 155 1652 et
184 1589 314 1670 docere3
344 1593 388 1652 sic
408 1592 521 1653 Paulus
547 1597 574 1655 1.
597 1591 734 1654 Corinth.
756 1594 789 1654 4:
823 1591 874 1654 Sic
904 1610 961 1653 nos
990 1593 1053 1652 exi-

122 1675 229 1734 stimet
249 1673 359 1748 homo,
393 1676 472 1736 sicut
494 1677 647 1736 ministros
673 1676 783 1737 Christi
807 1682 839 1734 et
861 1674 1051 1754 dispensato-

120 1776 172 1818 res
195 1757 408 1837 mysteriorum
431 1759 498 1820 Dei.

168 1838 212 1900 At
233 1838 422 1920 dispensatio
452 1843 512 1903 ista
533 1844 666 1903 nuncin
688 1847 804 1902 tantam
828 1858 972 1921 pompam
996 1858 1050 1918 po·

121 1922 244 1984 testatis
279 1931 310 1983 et
343 1923 504 1985 terrificam
534 1925 687 2004 quandam
720 1923 914 2005 tyrannidem
941 1924 1049 2000 evasit,

120 2012 156 2066 ut
176 2024 236 2066 nec
257 2007 409 2086 gentium,
436 2027 494 2068 nec
526 2008 590 2068 ulla
611 2008 714 2069 mundi
735 2008 864 2088 imperia
886 2011 1001 2085 queant
1022 2006 1051 2065 ei

122 2088 266 2163 conferri,
289 2091 376 2168 quasi
397 2090 480 2151 Laici
503 2091 584 2152 aliud
608 2091 751 2172 quiddam
776 2108 866 2169 qnam
886 2088 1050 2150 Christiani

123 2173 195 2232 sint.
239 2171 307 2247 Qua
328 2175 529 2252 perversitate
551 2174 663 2237 factum
686 2182 750 2253 est,
773 2180 806 2233 nt
826 2173 1050 2253 §nitusinter-

122 2253 235 2315 ciderit
255 2256 384 2317 scientia
406 2256 597 2319 Christianae
619 2260 751 2339 gratiae,
783 2255 872 2333 fidei,
901 2254 1049 2316 libertatis

125 2344 158 2398 et
181 2339 273 2398 totius
298 2338 427 2418 Christi,
462 2340 648 2402 succedente
682 2342 712 2401 iu
735 2341 836 2401 locum
859 2340 923 2399 eius
945 2339 1049 2399 huma·

124 2439 235 2481 norum
260 2440 387 2500 operum
410 2428 442 2483 et
464 2423 565 2503 legum
583 2424 769 2485 intolerabili
781 2423 967 2502 captivitate,
989 2421 1050 2481 fac-

124 2505 210 2583 tique
243 2504 388 2577 corruel)
415 2507 501 2566 iuxta
535 2507 769 2567 lamentationes
800 2506 947 2565 leremiae
969 2504 1051 2565 servi

123 2587 283 2648 hominnm
299 2587 526 2667 vilissimorum,
548 2591 597 2669 qui
620 2591 747 2650 interra
769 2595 848 2668 sunt,
871 2590 922 2667 qui
944 2593 1051 2647 nostra

125 2669 249 2729 miseria
261 2670 426 2731 abutuntur
438 2673 469 2731 in
486 2692 593 2733 omnes
608 2671 809 2752 turpitudines
823 2677 855 2731 et
867 2671 1051 2750 ignominias

125 2751 294 2814 voluntatis
317 2773 402 2815 suae.
996 2771 998 2775 ·

208 2834 379 2897 Redeundo
402 2839 441 2898 ed
454 2839 495 2915 id,
519 2838 601 2917 quod
623 2839 790 2916 coepimus,
812 2842 886 2917 puto
909 2854 965 2916 per
974 2835 1052 2895 haec

127 2917 254 2978 clarum
273 2918 355 2996 fieri,
388 2940 450 2982 nou
477 2941 546 2983 esse
578 2924 652 2982 satis
680 2939 738 2980 nec
769 2919 990 2995 Christianum,
1025 2919 1051 2978 si

123 3000 238 3061 Christi
262 3020 366 3083 opera,
390 3005 482 3064 vitam
506 3012 537 3065 et
558 3003 878 3084 verbapraedieamus
901 3001 1049 3062 historico

126 3102 224 3159 more,
247 3103 302 3144 ceu
325 3106 374 3146 res
399 3087 546 3165 quasdam
565 3096 679 3165 gestas,
702 3106 778 3165 quas
800 3104 893 3146 nosse
917 3085 989 3144 satis
1012 3084 1052 3143 sit

124 3165 165 3226 ad
198 3168 281 3227 vitae
307 3168 489 3231 formandae
522 3172 716 3251 exemplum,
749 3167 906 3248 quomodo
929 3168 965 3240 ii,
1000 3167 1051 3245 qui

125 3268 209 3311 nnnc
232 3251 339 3330 optimi
352 3259 431 3328 suut,
454 3255 645 3333 praedicant:
670 3253 894 3326 multominus,
919 3251 944 3310 si
967 3250 1051 3331 peni-

125 3344 176 3393 tus
199 3340 349 3412 taceatur,
378 3342 410 3396 et
430 3337 516 3419 leges
538 3337 695 3398 hominum
723 3336 908 3414 decretaque
930 3332 1051 3393 Petrum

126 3416 194 3476 vice
217 3417 281 3476 eius
304 3416 482 3483 doceantur.
525 3421 588 3481 lam
612 3428 683 3480 sunt
710 3440 772 3480 non
796 3418 901 3498 pauci,
940 3417 1050 3495 quiec

125 3498 228 3560 studio
258 3500 411 3561 Christum
441 3503 621 3583 praedicant
651 3513 681 3564 et
707 3503 828 3584 legunt,
869 3507 901 3560 ut
922 3498 1050 3560 affectus

124 3582 278 3644 humanos
301 3592 448 3646 moveant
470 3586 507 3647 ad
532 3586 760 3648 condolendum
784 3584 920 3661 Christo,
943 3583 981 3643 ad
1005 3584 1050 3642 in·

125 3665 315 3746 dignandum
337 3666 458 3730 Iudaeis
482 3677 513 3731 et
533 3670 563 3731 id
586 3691 684 3752 genus
700 3670 761 3730 alia
781 3667 912 3750 puerilia
933 3673 964 3729 et
986 3686 1047 3726 mu·

122 3748 232 3810 liebria
254 3749 463 3815 deliramenta.

199 3853 231 3924 1)
252 3853 284 3909 ln
304 3854 345 3908 ed.
366 3853 449 3910 1521:
470 3857 566 3908 simus.
