2346 4208
321 247 355 305 de
375 250 498 320 digamia
516 248 719 320 episcoporum.
918 245 981 314 368

79 439 131 498 77.
154 433 266 495 Errant
286 435 392 516 igitur,
424 436 475 514 qui
497 435 661 516 digamiam
684 454 703 495 a
724 432 820 494 Paulo
842 433 982 495 damnari

58 518 90 576 in
114 518 268 602 episcopis
289 518 437 579 hocloco
461 521 603 580 sentiunt.

80 602 130 666 78.
153 601 210 661 Rei
233 620 355 680 quoque
377 608 448 661 sunt
471 601 681 682 blasphemiae
711 608 742 660 et
774 599 805 659 iu
828 619 905 679 opus
924 600 981 659 Dei

57 691 92 743 et
113 685 144 742 in
167 684 291 746 verbum
316 684 414 763 Pauli,
450 684 533 764 quod
555 684 719 766 digamiam
749 684 828 743 inter
855 684 982 743 crimina

57 774 198 828 censent.

79 853 132 914 79.
154 849 250 910 Multo
278 849 398 912 foedius
431 858 547 928 errant,
586 850 636 930 qui
668 848 830 909 honestam
858 847 980 908 viduam

57 933 209 1014 episcopo
235 952 361 994 uxorem
385 932 540 1013 prohiberi
562 952 581 992 a
603 931 699 992 Paulo
724 931 847 996 docent.

80 1015 132 1079 80.
156 1014 253 1092 Quin,
283 1016 309 1075 si
331 1024 533 1077 scortatorem
557 1016 737 1096 episcopum
759 1014 888 1087 iaciunt,
919 1032 985 1075 uon

57 1097 169 1176 video,
203 1117 256 1158 cur
288 1106 421 1160 scortum
457 1107 528 1178 post
559 1099 781 1178 poenitentiam
814 1097 1006 1157 membrum*

57 1181 177 1243 Christi
198 1182 312 1242 sactum
335 1201 463 1242 uxorem
486 1183 624 1262 episcopi
648 1180 714 1241 fieri
734 1179 843 1241 nolint.

80 1267 131 1330 81.
154 1263 222 1344 Ego
246 1284 304 1324 uec
326 1273 500 1345 corruptam
524 1264 686 1344 prohibere
706 1267 804 1324 ausim
824 1265 982 1344 episcopo,

58 1349 86 1408 si
111 1349 138 1406 vi
162 1356 214 1408 aut
236 1347 309 1408 dolo
333 1356 487 1428 corrupta,
509 1359 580 1428 post
596 1348 728 1407 honesta
748 1349 866 1409 vixerit.

80 1432 132 1496 82.
157 1430 279 1505 Quanto
303 1433 469 1509 iniquiores
492 1439 564 1491 suut
582 1431 737 1510 Papistae,
759 1431 896 1492 omnium
917 1428 982 1491 libi·

59 1512 169 1573 dinum
190 1513 295 1573 lernae
327 1522 358 1574 et
379 1515 531 1590 sentinae,
557 1514 730 1575 reiioieutes
753 1533 838 1592 cum,
868 1514 919 1592 qui
940 1515 982 1592 ig·

59 1616 153 1656 narus
177 1597 312 1657 vitiatam
336 1598 485 1678 virginem
509 1596 640 1660 duxerit.
745 1664 748 1668 ,

80 1682 132 1744 83.
156 1679 231 1739 Cum
253 1680 374 1741 interim
397 1680 481 1741 mille
507 1680 724 1755 scortoruml)
762 1680 857 1739 virum
890 1678 983 1739 susci-

57 1765 158 1905 piapt
182 1770 213 1822 et
234 1762 389 1843 publicum
412 1769 614 1824 scortatorem
636 1765 668 1823 in
691 1761 794 1824 officio
818 1765 909 1823 etiam
933 1761 984 1823 de-

72 1865 112 1907 en
135 1852 198 1905 ant.

81 1928 132 1993 84.
155 1918 290 1989 Evideus
306 1929 444 2008 operatio
460 1936 654 2007 satanacam,
677 1926 771 2007 quod,
789 1947 858 1988 cum
877 1947 984 1988 omues

59 2012 138 2072 alias
162 2010 251 2071 dotes
274 2013 305 2070 iu
327 2012 482 2092 episcopis
504 2012 677 2092 negligant,
710 2013 811 2072 solum
834 2011 982 2072 castitatis

59 2096 206 2175 laqueum
230 2097 389 2174 tyrannice
411 2104 529 2177 urgent.

82 2177 133 2243 8ὀ.
156 2177 257 2257 Atque
283 2177 360 2239 haec
383 2183 430 2240 est
451 2179 504 2240 illa
525 2178 640 2260 gloria,
678 2198 769 2259 quam
791 2177 984 2238 adversarius

60 2262 173 2336 iactat,
210 2260 290 2340 quod
314 2261 457 2343 Papistae
488 2281 644 2342 nunquam
673 2282 741 2322 cum
771 2261 902 2341 digamis
924 2260 983 2320 dis·

63 2363 195 2425 pensare
222 2345 385 2404 voluerunt
406 2364 461 2424 pro
475 2348 615 2425 pecunia,
638 2345 710 2405 licet
727 2347 788 2404 siut
803 2345 983 2404 avarissimi.

84 2428 134 2491 86.
159 2426 305 2487 Eiusdem
329 2427 447 2507 gloriae
475 2434 506 2487 et
526 2428 653 2507 pudoris
675 2435 774 2505 esset,
803 2429 829 2487 si
850 2427 983 2488 diceres:

63 2511 223 2590 Papistae‚
255 2530 322 2569 cum
354 2517 500 2590 superent
526 2510 653 2572 libidine
675 2510 843 2572 Sodomam
873 2518 904 2571 et
924 2510 985 2571 Ro·

64 2614 162 2671 mam,
190 2613 345 2672 nunquam
368 2602 470 2654 tamen
497 2594 529 2653 in
559 2600 675 2655 castam
698 2594 808 2656 saltem
838 2613 984 2674 monoga-

65 2677 155 2737 miam
180 2677 318 2756 episcopi
339 2679 543 2740 consentiunt.
664 2733 667 2738 .
985 2742 989 2753 ¹

83 2761 134 2824 87.
156 2759 195 2819 m
225 2759 360 2820 Phalaris
389 2779 458 2820 cum
487 2760 656 2820 detestetur
682 2780 806 2821 onmem
840 2761 982 2821 virtutem

63 2852 95 2904 et
115 2842 320 2921 honestatem,
342 2863 497 2924 nunquam
520 2851 623 2904 tamen
647 2842 787 2922 flectitur,
809 2853 842 2904 ut
865 2842 989 2905 miseris

64 2927 233 2994 cruciatum
254 2927 398 2987 remittat.

83 3010 134 3074 88.
157 3009 252 3084 Quasi
273 3029 336 3071 non
367 3012 406 3070 sit
426 3008 617 3090 impudentia
648 3011 840 3091 turpissima,
873 3030 893 3070 a
924 3018 985 3072 tur·
1048 3010 1051 3018 “

64 3094 197 3174 pissimis
220 3095 384 3172 impiorum
413 3092 571 3153 homiuum
594 3093 729 3155 moribus
759 3093 906 3175 dogmata
928 3114 983 3175 pro

63 3176 197 3238 ecclesia
222 3177 279 3236 Dei
300 3177 429 3245 trahere.

84 3261 135 3323 89.
158 3258 276 3321 Eadem
310 3260 472 3340 prudentia
502 3278 558 3339 pro
591 3258 779 3322 instituenda
814 3263 932 3342 virgine
966 3282 984 3323 a

64 3343 138 3423 lupa
160 3351 190 3403 st
212 3342 283 3403 lena
305 3363 406 3404 mores
429 3352 461 3404 et
482 3343 626 3423 exempla
648 3350 753 3423 petere
776 3344 900 3406 doceas.

85 3429 135 3491 90.
159 3427 221 3486 Aut
242 3425 473 3488 adolescentem
505 3426 543 3486 ad
565 3429 707 3487 virtutem
730 3434 762 3488 et
789 3428 983 3490 honestatem

64 3510 206 3587 horteris,
227 3510 375 3570 Absalom
398 3518 429 3571 et
449 3509 582 3570 Neronis
605 3510 758 3590 exemplo.

86 3593 374 3658 colluctatum
402 3592 450 3673 fit,
484 3595 609 3654 istarum
642 3595 887 3674 propositionum
916 3596 985 3655 arti-

139 3789 169 3853 1)
191 3788 222 3839 ln
240 3787 283 3841 ed.
303 3789 386 3844 1558:
407 3794 603 3843 scortatorum.

92 3893 183 3933 butham
195 3904 245 3942 oppa
266 3895 289 3936 V.
305 3893 333 3934 Α.
348 3894 377 3934 ad
390 3895 433 3938 ref.
446 3894 499 3936 hist.
513 3896 528 3936 l.
542 3906 566 3947 p.
580 3895 633 3939 Vol.
645 3896 686 3938 W.
781 3874 832 3941 Ἃ
