2346 4208
188 246 253 314 434
501 247 817 318 oppositionum
887 331 894 345 „

273 435 302 499 3.
335 433 515 496 Docuemnt
536 432 617 495 onim
640 433 796 495 hominem
823 429 935 511 (etiam
958 431 1108 514 poeniten-

189 519 271 596 tem)
305 523 448 598 oportere
478 536 548 578 esse
570 518 719 578 incertum
744 515 783 577 de
805 515 905 596 gratia
927 515 987 576 Dei
1020 522 1052 577 et
1070 535 1110 577 re

191 602 342 662 missione
363 607 571 682 peccatorum.

274 685 304 747 4.
333 683 395 746 Sed
426 685 610 745 remiserunt
640 684 783 744 miserum
813 682 853 744 ad
877 685 1021 745 meritum
1044 703 1111 745 suae

191 768 402 848 contritionis,
424 768 646 846 confessionis,
669 767 905 848 satisfactionis,
936 772 969 828 et
991 767 1112 830 tandem

192 853 225 911 iu
247 852 469 932 purgatorium.

275 940 305 1000 5.
331 935 398 996 Nec
425 941 529 995 tamen
560 933 684 995 modum
712 940 766 994 aut
794 931 887 995 finem
912 933 1112 1010 contritionis,

193 1018 411 1096 confessionis,
446 1018 680 1096 satisfactionis,
714 1037 754 1078 ne
788 1015 961 1098 purgatorii
997 1015 1114 1097 quidem

193 1102 426 1163 constituerunt.

275 1185 304 1248 6.
331 1183 411 1260 Quid
433 1190 536 1245 autem
566 1184 741 1264 poeniteas,
770 1184 796 1243 si
820 1183 958 1245 incertus
989 1183 1053 1262 sis,
1081 1202 1115 1244 uu

192 1269 381 1329 retineantur
401 1267 450 1327 vel
472 1269 664 1329 remittantur
684 1273 814 1347 peccata
834 1266 907 1327 tua?

275 1355 305 1416 7.
333 1349 400 1410 Hac
422 1351 543 1411 ratione
566 1369 629 1410 non
652 1348 802 1410 docentur
823 1349 1069 1430 impoenitentes
1089 1355 1118 1410 et

195 1435 295 1501 securi
317 1433 357 1495 ad
378 1434 585 1514 incipiendam
608 1435 840 1513 poenitentiam.

278 1517 307 1581 8.
331 1516 393 1578 Sed
415 1519 511 1578 territi
529 1524 560 1578 et
574 1518 758 1597 incipientes
783 1516 947 1596 poenitere
970 1523 1120 1599 coguntur

196 1599 309 1664 cadere
330 1602 364 1660 in
384 1598 508 1661 finalem
531 1601 806 1681 impoenitentiam.

278 1686 309 1748 9.
330 1683 456 1744 Talibus
478 1683 709 1764 poenitentibus
724 1683 861 1745 Christus
882 1683 961 1743 nihil
985 1684 1121 1764 prodeat,

195 1773 230 1828 ut
251 1768 302 1846 qui
324 1765 463 1828 diffidere
491 1774 658 1848 coguntur,
686 1787 726 1828 an
749 1767 887 1828 Christus
920 1786 979 1847 pro
1016 1786 1119 1828 eorum

145 1861 148 1871 ’
197 1849 335 1932 peccatis
359 1851 398 1910 sit
420 1857 567 1912 mortuus.

259 1937 309 2000 10.
338 1933 543 1994 Periculosior
577 1934 668 1994 etiam
692 1939 739 1994 est
758 1931 1000 2012 impoenitentia
1022 1931 1123 1994 finalis

93 2036 95 2040 ’
197 2024 230 2078 et
251 2016 491 2097 desperantium,
515 2036 605 2097 quam
629 2017 863 2096 impoenitentia
884 2034 1078 2077 securorum.

260 2104 310 2163 11.
342 2100 583 2180 lmpoenitentia
617 2118 794 2160 securorum
835 2104 883 2158 est
925 2107 1123 2180 contemptus

197 2184 270 2263 Dei,
304 2184 540 2262 impoenitentia
568 2183 669 2243 finalis
692 2191 740 2244 est
761 2181 955 2263 blasphemia
978 2184 1011 2243 in
1035 2183 1122 2264 Spiri-

198 2274 262 2328 tum
285 2274 436 2327 sanctum.

262 2352 310 2413 12.
336 2349 483 2411 Cavenda
504 2351 597 2430 igitur
618 2349 760 2410 doctrina
773 2348 967 2428 Papistarum
992 2349 1034 2410 de
1055 2369 1122 2430 poe

198 2434 327 2495 nitentia
348 2433 515 2514 sicutipse
537 2433 673 2493 infernus
697 2440 729 2493 et
749 2432 900 2492 diabolus.

202 2580 205 2589 ,
263 2519 311 2582 13.
333 2517 429 2578 lllulto
454 2518 552 2597 magis
575 2515 706 2577 cavendi
727 2521 807 2593 sunt,
831 2516 882 2594 qui
906 2515 1026 2576 nullam
1044 2535 1122 2598 pror·

200 2621 253 2663 sus
275 2602 497 2681 poenitentiam
520 2601 550 2659 in
574 2600 707 2660 ecclesia
728 2599 911 2678 relinquunt.

263 2686 312 2747 14.
340 2684 399 2759 Qui
433 2685 513 2744 enim
551 2684 652 2764 legem
687 2682 859 2743 docendam
893 2701 965 2742 esse
1000 2689 1122 2765 negant,

199 2766 378 2847 simpliciter
415 2774 446 2828 et
484 2787 592 2828 revera
633 2767 748 2827 nullam
788 2766 1016 2847 poenitentiam
1062 2786 1123 2827 esse

199 2849 316 2912 volunt.

263 2934 312 2996 15.
335 2932 569 3013 Argumentatio
586 2933 659 2993 ista:
683 2931 838 3014 Quidquid
860 2951 924 2992 non
949 2940 999 2993 est
1023 2953 1122 2995 neces·

199 3015 311 3074 sarium
336 3016 374 3075 ad
392 3015 652 3099 iustificationem,
674 3035 775 3095 neque
790 3017 820 3074 in
835 3015 1002 3095 principio,
1028 3037 1123 3097 neque

198 3099 367 3240 inhupedio,
389 3118 490 3179 neque
510 3101 541 3160 in
563 3099 634 3178 fine,
655 3099 687 3164 id
709 3119 772 3160 non
796 3106 843 3160 est
865 3091 1049 3162 docendum
1072 3112 1124 3162 etc.

199 3182 261 3240 nii
297 3189 352 3242 est.

167 3277 170 3289 '
263 3269 310 3329 16.
333 3265 476 3342 Primum,
499 3267 524 3325 si
547 3266 737 3346 interroges,
762 3264 836 3348 quid
857 3266 938 3326 istae
962 3265 1126 3329 verborum

199 3348 368 3429 ampullae,
395 3349 596 3427 principium,
620 3347 772 3428 medium,
801 3347 891 3426 finis,
925 3349 986 3410 sibi
1024 3352 1127 3427 velint,

198 3430 338 3492 invenias
361 3449 419 3490 neo
439 3432 525 3511 ipsos
547 3432 731 3513 intelligere.

263 3519 311 3580 17.
341 3514 380 3575 Ut
402 3515 426 3573 si
455 3534 584 3595 arguas,
616 3515 774 3576 hominem
807 3534 876 3575 esse
910 3523 1076 3579 mortuum
1101 3518 1130 3577 in

198 3605 346 3676 peccato,
375 3615 437 3657 non
472 3604 520 3658 est
551 3600 759 3659 necessarium
792 3596 831 3658 ad
864 3598 1132 3679 iustificationem,

198 3699 300 3760 neque
321 3681 353 3740 in
374 3680 537 3760 principio,
560 3700 660 3763 neque
682 3683 713 3742 in
736 3681 852 3761 medio,
873 3700 981 3762 neque
1005 3686 1040 3749 in
1063 3685 1133 3753 line,

196 3782 274 3852 ergo
295 3763 444 3829 huonon
464 3770 513 3825 est
532 3764 717 3828 docendum.
