2346 4208
386 256 422 310 so
441 255 607 311 sonariam
627 256 808 313 inhibitionis.
985 242 1048 323 145

125 442 246 516 studiis,
261 444 370 523 quibus
386 444 483 505 bonas
499 445 621 507 indoles
634 447 731 527 magis
743 448 942 569 exstinguunt
956 465 1047 526 quam

124 527 223 588 alunt.

210 608 271 671 Sed
294 610 333 670 ad
354 611 398 670 alt
386 618 483 672 terum
506 631 601 672 cornu
623 613 795 693 syllogismi
811 612 983 674 redeamus.
1015 611 1048 675 si

125 694 277 770 scribere,
299 693 400 773 loqui,
425 702 532 774 optare
554 715 608 772 ea,
631 715 710 775 quae
731 696 861 756 futurum
885 696 1049 757 concilium

124 783 232 857 potest
253 783 402 855 statuere,
432 797 493 838 non
524 786 573 839 est
593 779 820 841 schismaticum
843 798 901 840 nec
922 779 1050 840 scauda-

126 860 243 935 losum,
276 859 326 920 ubi
343 861 478 940 parebis,
510 863 620 922 misera
642 862 810 923 schedula?
843 863 894 923 ubi
923 861 965 922 tui
993 862 1049 922 far·

124 943 232 1004 tores?
274 943 334 1003 Ubi
356 945 402 1003 ius
424 944 603 1005 inhibendi?
647 945 707 1006 Ubi
729 947 897 1007 satisfactio
920 946 1048 1006 iniuriae

127 1025 261 1086 liuthero
284 1027 406 1088 factae?
440 1027 498 1089 Ubi
521 1028 583 1105 vis,
605 1028 703 1105 fraus,
740 1029 845 1109 dolus,
880 1030 996 1092 malitia
1017 1030 1048 1087 in

125 1114 266 1171 sanctam
288 1110 378 1170 etiam
403 1110 456 1171 tibi
479 1111 681 1172 conciliorum
704 1113 901 1172 autoritatem
925 1117 956 1172 et
978 1111 1048 1173 obe·

124 1191 272 1252 dientiam
296 1194 447 1254 ecclesiae
470 1195 655 1255 commissa?
676 1194 736 1255 Ubi
758 1197 836 1255 ratio
850 1195 969 1256 reddita
990 1214 1046 1274 pro

123 1281 175 1336 tot
196 1275 354 1336 animabus
382 1277 440 1336 hac
470 1279 564 1357 impia
591 1277 785 1340 detractione
807 1278 949 1339 infectis?
991 1276 1049 1339 Ubi

125 1358 281 1419 restitutio
312 1361 427 1440 impiae
445 1361 658 1436 obedientiae,
690 1380 769 1440 quae
799 1369 920 1421 extorta
951 1366 998 1422 est
1031 1381 1049 1420 a

124 1440 256 1502 subditis
279 1442 431 1503 ecclesiae
447 1444 632 1504 Misnensis?
657 1443 750 1504 Vides
765 1444 939 1504 mercedem
957 1452 1050 1520 tuam,

124 1525 249 1585 inscitia
274 1528 446 1605 temeraria,
469 1546 559 1605 quam
574 1535 605 1586 te
620 1528 757 1606 oportuit
771 1528 918 1606 recipere,
940 1546 1051 1607 nempe

126 1626 254 1668 sensum
296 1610 479 1689 reprobum,
524 1617 556 1669 ιιι
595 1610 729 1686 faceres,
763 1629 843 1689 quae
881 1628 943 1669 non
976 1629 1051 1669 con-

125 1691 263 1751 veniunt.
1063 1697 1066 1704 '

211 1775 252 1834 At
274 1773 372 1835 dices:
408 1775 563 1835 Bohemos
592 1775 727 1856 gaudere
755 1774 794 1836 de
823 1782 876 1835 tuo
905 1793 1049 1834 sermone

124 1857 292 1918 timuimus.
334 1858 538 1938 Respondes:
572 1858 613 1919 Et
640 1859 803 1938 impiorum
846 1865 894 1918 est
931 1859 1049 1936 timere,

125 1939 178 2001 ubi
201 1959 264 2001 nou
287 1949 335 2000 est
365 1942 464 2001 timor.
509 1942 601 2016 Esto,
630 1941 784 2002 Bohamos
812 1941 940 2003 volebas
968 1954 1049 2000 com-

123 2042 269 2104 pescere
290 2033 323 2083 at
344 2042 406 2083 non
428 2024 499 2084 ideo
523 2024 698 2084 damnanda
720 2025 775 2085 luit
797 2031 868 2085 nost
870 2044 904 2085 ra
856 2023 1050 2084 tlieentia

124 2106 273 2202 loquendi
296 2106 334 2171 de
356 2115 459 2188 potest
460 2117 510 2168 ιιι
534 2115 564 2168 et
552 2108 734 2169 tdesiderio
749 2108 958 2168 conciliorum.
982 2106 1049 2166 Hoc

123 2191 211 2250 enim
233 2198 297 2268 est,
330 2192 484 2252 timeres
466 2192 606 2270 pruinam
635 2200 666 2253 et
694 2191 782 2252 obrui
806 2192 885 2252 nive
930 2191 1049 2250 Damna

124 2273 318 2334 Bohemcs
311 2294 341 2333 ιιι
365 2293 420 2334 suo
445 2275 591 2334 schismat
579 2282 623 2351 te,
657 2282 688 2335 et
718 2275 853 2355 placebis
878 2274 949 2334 mihi
974 2293 1050 2354 quo-

124 2375 204 2435 que,
234 2357 287 2417 sed
310 2357 372 2431 fac,
401 2365 434 2417 ut
456 2360 522 2418 sine
544 2360 678 2418 caritatis
701 2366 732 2418 et
755 2359 890 2418 veritatis
913 2358 1051 2417 laesione

110 2439 156 2500 ‚id
177 2447 332 2519 praestes,
368 2461 408 2501 ne
431 2441 559 2501 Bohemi
588 2449 617 2500 ιι
639 2441 806 2519 irrideant,
843 2444 993 2501 iactantes
1019 2447 1050 2500 te

122 2541 187 2583 uon
210 2543 304 2603 posse
327 2526 425 2583 minus
449 2525 561 2584 malum
584 2524 726 2604 aggredi,
766 2526 822 2584 nisi
847 2526 963 2584 maiore
997 2522 1047 2583 ad-

121 2607 219 2666 misso
249 2607 346 2681 malo,
385 2626 443 2667 uec
465 2609 622 2667 Romanos
657 2608 806 2684 evadere,
841 2608 900 2666 nisi
922 2605 1046 2667 occidas

122 2689 277 2751 Christum
307 2691 450 2770 exemplo
475 2692 568 2770 patris
596 2691 639 2749 tui
662 2690 807 2770 Caiphae.
850 2691 962 2750 Nonne
989 2690 1051 2749 hcc

128 2780 178 2833 est
195 2773 264 2852 plus
286 2793 376 2852 quam
399 2774 471 2833 foris
495 2792 614 2853 sapere,
637 2781 668 2834 et
689 2783 722 2832 ιιι
742 2773 842 2834 aliena
862 2773 976 2852 pulses,
1000 2778 1051 2831 tua

122 2855 324 2938 pessundare,
348 2876 406 2916 nec
427 2867 530 2918 tamen
553 2858 684 2917 vincere.

206 2938 298 3019 Ecce,
322 2939 433 3000 Graeci
456 2939 633 3000 sacerdotes
656 2939 769 3000 habent
800 2957 927 3017 uxores,
962 2957 1050 2997 uuin-

121 3021 197 3102 quid
219 3023 290 3084 ideo
314 3042 375 3083 uon
399 3023 471 3084 licet
493 3023 595 3084 dicere
618 3030 648 3083 et
671 3030 794 3103 optare,
827 3029 860 3081 ut
882 3022 1048 3081 autoritate

121 3106 246 3166 concilii
268 3108 379 3167 uostris
411 3105 767 3186 quoque-sacerdotibus
790 3105 899 3164 dentur
921 3123 1048 3181 uxores,

121 3188 207 3268 quod
239 3191 285 3250 sie
313 3188 450 3250 dicentes
474 3189 661 3249 Graecorum
696 3189 834 3268 opinioni
865 3187 1050 3267 placemus?

121 3273 186 3332 Aut
207 3275 273 3368 quis
286 3292 418 3352 uuquam
436 3272 649 3332 schismaticus
664 3280 694 3332 et
704 3270 904 3331 scandalosus
920 3269 1051 3329 habitus

121 3362 186 3430 est,
217 3358 240 3415 si
271 3355 534 3416 cumGraecis
526 3377 557 3415 m
580 3356 639 3415 hac
669 3375 702 3415 re
731 3354 859 3414 sentiret
889 3358 920 3412 et
941 3352 1052 3412 similia

122 3439 236 3499 nostris
260 3459 300 3518 op
304 3446 397 3517 taret,
369 3440 492 3499 lticet
512 3439 613 3498 facere
637 3458 699 3499 non
722 3444 843 3517 posset,
879 3434 1051 3578 prohibitus

121 3523 244 3582 iuterim
267 3529 381 3581 statuto
406 3523 560 3581 contrario
583 3522 789 3582 ecclesiae
757 3527 789 3580 ι
812 3539 868 3578 usu
879 3517 991 3593 Qurs
1004 3527 1053 3579 est

122 3606 206 3664 enim
231 3607 362 3665 virorum
386 3606 571 3683 optimorum
579 3606 661 3684 ,qui
683 3604 763 3663 hanc
785 3602 972 3663 Graecorum
998 3622 1051 3662 sa-

122 3687 282 3748 ‘cerdotum
314 3689 468 3747 licentiam
513 3690 655 3748 misertus
689 3694 864 3746 nostrorum
905 3685 1051 3766 periculis

123 3772 268 3831 maximis
290 3779 321 3831 et
347 3770 501 3831 scandalis
535 3791 597 3831 non
632 3778 718 3850 optet
739 3768 853 3830 hodie?
885 3776 916 3830 et
937 3769 994 3829 hos
1020 3775 1052 3828 ιιι

150 3873 243 3913 Luthsri
257 3883 308 3921 opp.
323 3872 349 3913 V.
365 3871 391 3911 A.
407 3871 435 3911 ud
449 3870 490 3913 ret.
504 3870 554 3910 hiat.
569 3872 584 3911 i.
598 3883 620 3920 p.
635 3871 684 3912 Vol.
699 3871 738 3911 1v.
846 3866 888 3932 10
