2346 4208
184 265 249 332 θα)
414 266 548 320 Defensio
565 266 633 319 Phil.
649 265 873 354 xtteltsnebtironie

183 462 219 516 ut
243 474 306 516 nou
336 455 399 516 boe
425 454 523 517 iibere
549 457 647 516 susim
669 455 788 531 disere,
814 456 1032 516 imo-fortasse
1052 473 1107 516 no

185 540 280 600 tiores
301 539 459 617 eliquanto
481 543 553 599 sunt
574 539 658 617 mihi,
674 558 772 618 quam
786 537 881 598 Eeoio
901 558 976 598 suus
990 538 1108 599 Aristo·
1142 554 1150 573 ³

185 621 273 683 teies.
315 619 445 696 Quoties
476 623 536 700 ipsi
567 623 648 682 inter
680 642 715 682 se
747 621 952 682 dissentiunt?
985 623 1108 701 quoties

185 723 259 766 suos
286 724 407 765 errores
435 705 623 765 retractant?
656 705 697 766 Et
717 704 790 784 quid
811 705 937 766 multis?
968 723 1031 764 una
1059 711 1110 765 eat

185 787 343 867 Seriptura
372 788 516 848 eoelestis
551 790 692 867 spiritns,
723 808 815 868 pure,
855 795 888 849 et
918 807 974 869 per
1005 789 1109 848 omnia

184 888 297 947 resex,
317 889 410 950 quam
432 872 614 932 oenonioem
635 879 759 932 vooent

267 954 410 1030 Proinde,
431 953 504 1033 quid
526 955 638 1034 piamli
660 963 718 1032 est,
738 954 928 1014 eibiertinus
941 953 970 1032 ¹)
994 953 1107 1014 alieubi

185 1036 409 1116 equibnsdam
431 1037 584 1117 ambiguis
608 1046 747 1098 veterum
777 1036 1026 1116 expositionibus
1047 1036 1107 1096 die

184 1120 299 1181 sentit?
326 1127 358 1180 et
384 1138 440 1182 our
468 1138 532 1180 non
552 1120 734 1182 dissentiat?
764 1120 880 1180 Locum
906 1119 1028 1182 Moab:
1060 1119 1108 1180 Tu

82 1200 85 1209 '
184 1222 220 1264 as
239 1203 358 1280 Petrus,
379 1211 412 1263 et
431 1222 525 1283 super
544 1203 626 1264 beno
647 1215 776 1284 petram,
802 1204 950 1263 Uestinus
966 1202 995 1281 ¹)
1020 1221 1108 1263 enar·

183 1304 257 1347 raus
283 1287 421 1365 sequitur
441 1285 623 1366 origenem,
653 1289 704 1367 qui
731 1306 810 1346 unns
840 1305 895 1365 pro
925 1286 1029 1346 multia
1049 1294 1109 1364 est,

184 1367 279 1448 itique
304 1388 342 1431 eo
372 1369 460 1445 looo,
488 1370 540 1429 ubi
567 1369 632 1430 boo
653 1372 754 1450 ipsum
782 1371 848 1450 egit
876 1369 1045 1448 Origenes,
1074 1378 1110 1429 ut

184 1461 323 1529 enarret,
344 1453 550 1532 Augustinum
571 1455 604 1512 in
627 1453 755 1515 homilis
775 1452 929 1529 videlieet,
950 1452 1108 1532 evangeiii

185 1536 328 1616 exegesi,
353 1535 549 1596 Ambrosium
576 1537 608 1596 in
635 1537 688 1597 lib.
712 1541 731 1601 6
756 1537 788 1595 in
810 1535 938 1612 Iueem,
968 1535 1108 1613 reliquos

184 1626 356 1698 praetereo.
397 1618 493 1697 Esto,
527 1621 635 1679 muniit
661 1619 775 1679 Eoeine
806 1620 991 1679 sententiam
1018 1637 1108 1679 sesam

185 1700 305 1780 diquot
317 1702 441 1762 Panum
459 1702 682 1779 auetoritatibus,
703 1703 885 1781 Hieronymi
900 1710 933 1762 et
949 1701 1108 1780 cyprieni,

185 1784 296 1864 quibus
317 1785 452 1845 maxime
472 1786 588 1863 nititur,
608 1805 680 1846 nam
701 1785 861 1846 Bernurdo
881 1793 914 1847 et
933 1785 1032 1845 Leoni
1054 1804 1108 1864 pa-

184 1886 251 1929 rum
278 1868 352 1928 inn's
378 1868 411 1926 in
439 1867 501 1928 boe
532 1871 662 1949 negotio
688 1871 761 1946 erit,
787 1869 875 1928 vides
897 1876 930 1928 et
951 1867 1107 1928 diversans

184 1950 220 2014 ὃν
236 1950 360 2010 Petrum
382 1951 597 2011 autoritatibus
619 1954 777 2012 munitam.
807 1951 889 2026 Quid
909 1951 1025 2032 igitur?
1046 1952 1107 2031 ipai

184 2052 290 2095 seeum
316 2037 477 2113 pugnant?
506 2034 581 2113 qnid
601 2035 734 2095 mirum?
767 2034 845 2096 [nde
866 2041 1107 2096 ooneeetaneum

71 2172 76 2182 ,
185 2124 250 2193 eet,
271 2114 307 2200 S..
323 2116 431 2176 Patres
452 2135 515 2177 non
537 2117 670 2197 probare
691 2118 793 2179 loeurn
817 2118 923 2180 latth.
944 2117 984 2177 ad
1006 2117 1107 2178 Oenu-

57 3890 94 3960 Ι

185 2200 296 2260 meniei
316 2201 511 2259 autoritatem
534 2203 708 2280 pertinere?
737 2201 875 2262 Patribus
897 2202 979 2262 enim
999 2200 1107 2275 eredo,

184 2284 257 2362 quis
270 2281 446 2361 Soriptnrae
467 2283 571 2360 eredo,
593 2288 641 2344 oui
662 2288 724 2345 vim
746 2284 812 2345 fieri
834 2304 897 2345 non
920 2285 994 2344 lieet
1013 2303 1107 2364 prop

184 2365 353 2425 terrarius
374 2365 496 2426 illorum
519 2368 697 2428 sententias.
725 2368 832 2447 lteque
853 2387 894 2428 ex
914 2369 983 2446 ipso
1005 2367 1109 2447 Serip-

184 2455 270 2507 tarae
299 2447 406 2524 duetu,
440 2469 479 2509 ex
505 2453 677 2529 argumenti
706 2451 816 2512 ordine
844 2450 1021 2529 colligendo
1047 2451 1109 2512 fnit

184 2530 315 2592 lartino
327 2528 360 2614 ²)
383 2530 472 2593 firma
486 2540 518 2593 et
530 2534 648 2595 stabilis
664 2536 827 2610 sententie,
850 2553 941 2613 quem
957 2533 1109 2594 adiuvant

184 2614 293 2693 optimi
327 2615 457 2694 quique,
491 2617 543 2695 qui
574 2637 644 2677 eum
676 2619 776 2697 ipsum
815 2618 918 2678 loeum
950 2619 1106 2697 integrum

184 2704 336 2757 eaerrant.

265 2779 329 2840 lam
357 2800 433 2841 vero
460 2780 563 2861 vides,
590 2801 611 2840 s
637 2800 699 2860 que
723 2790 810 2860 perte
838 2789 922 2842 stent
942 2783 1054 2861 oopiee
1074 2782 1107 2843 8.

183 2861 306 2923 Petrum
317 2864 540 2940 instruetiores,
562 2884 582 2924 a
593 2864 766 2940 biertin02)
788 2873 872 2926 stent
886 2867 939 2945 qui
951 2868 1107 2945 integrum

183 2945 285 3007 losum
313 2954 471 3025 enarrent,
498 2947 537 3008 eb
558 2947 653 3007 Eeeio
682 2949 732 3025 qui
762 2957 915 3028 uteunque
941 2951 973 3008 in
1000 2947 1108 3009 alieno

182 3038 365 3110 argu-ento
394 3030 540 3090 lettbeei
570 3031 642 3090 loeo
670 3030 757 3092 abusi
785 3040 866 3092 sunt
907 3031 949 3092 Et
973 3031 1108 3099 bseesi

183 3111 258 3173 libet
277 3112 428 3173 oouietius
456 3113 576 3191 videre,
608 3132 716 3174 oernes
737 3117 768 3174 in
792 3115 916 3175 dubium
939 3116 1046 3176 voeari
1067 3114 1108 3176 eb

182 3196 257 3275 ipsis
288 3196 457 3257 autoribus.
499 3197 707 3276 Hieronymus
737 3200 943 3278 uestigatione
971 3197 1106 3277 quedam

183 3280 368 3339 sententiam
390 3299 476 3339 suam
498 3287 664 3359 temperet,
691 3281 736 3340 sio
753 3284 913 3361 inquiens:
947 3283 991 3341 At
1012 3281 1107 3342 dieis:

182 3360 282 3441 Super
302 3362 425 3423 Petrum
445 3362 590 3423 fundetur
612 3363 759 3440 eoolesie,
791 3365 864 3425 lieet
888 3364 920 3424 id
948 3365 1051 3444 ipsum
1074 3365 1105 3424 in

182 3443 244 3506 uio
256 3445 339 3506 iooo.
351 3464 446 3525 super
465 3465 574 3507 omnes
595 3447 757 3525 apostolos
779 3447 842 3525 fiat,
864 3456 897 3509 et
915 3449 1019 3508 eunoti
1040 3447 1107 3510 ois-

181 3547 236 3588 ves
263 3530 350 3608 regni
377 3529 535 3590 coelorum
562 3530 735 3609 eeoipient,
768 3539 800 3592 et
826 3551 865 3592 ex
887 3550 989 3610 eequo
1012 3550 1107 3612 super

254 3788 282 3851 1)
301 3785 332 3838 lu
350 3786 393 3839 ed.
412 3788 486 3840 Jen.:
506 3787 650 3841 lutherus.
686 3790 719 3855 2)
739 3788 821 3842 ibide
842 3788 976 3842 [anthero.
