2346 4208
365 264 766 339 monomenta
952 264 1015 333 363

92 473 184 535 quam
208 455 254 516 sic
276 454 430 532 volumus,
448 462 556 517 nustm
573 452 669 537 yerbo
687 453 770 516 credi
786 454 833 515 ias
848 460 906 535 est,
920 455 1013 517 etiam

93 538 163 619 plus
186 556 277 617 quarn
300 555 450 618 expresso
472 539 571 600 textui
594 537 758 599 verborum
778 536 847 601 Dei.

177 654 328 734 Primum,
352 652 403 715 hie
424 653 524 717 scriba
552 655 689 733 laborat,
718 654 770 717 ubi
792 673 856 717 non
936 660 1013 735 etur,

92 744 125 799 et
144 736 231 819 sugit,
253 738 377 799 nemine
398 745 614 819 persequente,
637 736 756 819 scilieet
778 740 860 799 mela
879 672 943 798 iffa
982 745 1015 813 et

90 822 284 883 conscientia
304 828 444 884 vexatus.
488 820 597 883 Petrus
619 818 710 902 dicit,
737 820 816 903 Regi
843 818 933 883 subdi
961 818 1014 883 da-

90 903 165 967 bere
185 911 332 984 tanquam
354 904 565 985 praecellenti,
587 902 618 965 id
639 910 696 981 eet,
718 904 770 984 qui
791 905 832 965 sit
852 904 1014 985 primarius

91 993 124 1048 et
144 986 214 1068 plus
236 1006 327 1067 quam
350 987 444 1049 duces
473 988 512 1049 ab
540 1005 579 1049 eo
608 986 702 1049 missi.
743 986 786 1047 At
818 985 1015 1049 decretalista

89 1068 256 1148 vocabulo,
278 1070 488 1153 praecellenti,
500 1070 583 1132 male
599 1076 711 1146 taetue,
733 1070 854 1149 timens,
876 1070 1014 1151 nepra'e·

89 1152 266 1215 cedendam
288 1161 380 1215 sonet
399 1155 593 1236 imperatoris
614 1170 707 1235 super
723 1151 898 1233 pontifices,
920 1154 1013 1215 anxie

90 1237 233 1316 occurrit,
256 1243 288 1297 ct
309 1234 348 1297 de
370 1236 590 1317 praecellentia
607 1238 689 1317 regit
704 1242 736 1297 et
750 1234 906 1317 pontilicis
917 1234 1015 1319 longe

90 1328 180 1381 extra
200 1321 385 1381 sententiam
401 1318 483 1381 Petri
505 1319 552 1381 dis
576 1324 652 1399 utet,
674 1336 737 1379 non
760 1318 924 1381 advertens
945 1336 1013 1381 var·

91 1402 163 1464 burn
188 1401 285 1483 Petri,
317 1403 369 1482 qui
399 1420 462 1464 non
491 1339 586 1465 modo
614 1403 680 1483 regi
701 1401 918 1483 praecellenti,
955 1398 1012 1463 sed

90 1486 185 1547 etiarn
207 1484 335 1549 ducibus
359 1485 397 1548 ab
427 1504 466 1547 eo
495 1485 595 1547 missis
617 1484 832 1566 obtemperare
852 1484 1014 1567 praecipit,

89 1571 153 1630 imo
181 1571 265 1631 omni
296 1574 454 1630 ereatrrrae
477 1568 647 1648 humanae,
670 1566 709 1628 de
730 1565 840 1647 quibus
866 1566 942 1628 nihil
965 1573 1020 1629 est

91 1652 241 1714 sollicitus
270 1651 481 1732 decretalieta,
536 1652 588 1713 uia
616 1651 741 1713 verbum
773 1650 1014 1731 praecellentiae

91 1736 124 1796 in
146 1734 275 1795 ducibus
303 1741 335 1796 et
365 1742 505 1796 creatura
549 1753 662 1795 amana
682 1752 744 1795 non
768 1734 872 1794 sonuit
894 1731 1015 1795 terribi-

51 1814 56 1823 '
90 1818 160 1879 liter
180 1819 211 1878 in
233 1818 357 1880 auribus
379 1819 452 1879 eine.
477 1818 632 1895 Breviter,
661 1836 702 1878 ne
722 1815 889 1877 dictionem
920 1834 1014 1878 unam

92 1899 217 1981 quidem
238 1901 270 1961 in
283 1898 365 1964 Petri
385 1900 446 1961 hac
466 1902 632 1963 autoritate
652 1899 798 1982 intelligit
817 1900 855 1978 ia,
877 1898 1015 1980 quiaquia

92 1989 148 2057 est,
168 1983 386 2064 scriptorculus
400 1984 569 2062 Romanus,
592 1991 623 2045 et
644 1982 805 2045 contendit
824 1988 928 2045 umen
949 1997 1015 2047 om-

93 2086 149 2128 nes
172 2086 250 2129 oves
272 2066 384 2129 Christi
405 2066 528 2129 ducere.
858 2080 862 2087 '

308 2284 367 2345 Sed
391 2303 555 2364 sequamur
577 2285 642 2345 eius
666 2284 791 2345 furnum.

179 2451 268 2528 Dico,
289 2450 508 2529 imperatorin
529 2449 750 2530 temporalibus
774 2450 914 2512 omnibus
928 2468 1016 2529 prae-

102 2532 195 2611 cellit,
217 2534 309 2594 etiarn
332 2534 436 2610 sacris,
459 2532 552 2612 idque
574 2534 639 2593 iure
656 2531 772 2607 divino,
794 2541 827 2592 nt
843 2531 1015 2594 haecPetn’

95 2615 189 2676 verba
212 2622 342 2696 cogunt,
371 2623 491 2693 tamen,
514 2616 586 2695 quia
606 2616 637 2675 in
662 2614 786 2676 arbitrio
810 2615 874 2675 eius
897 2621 961 2692 est,
984 2621 1016 2677 et

95 2705 167 2758 sunt
188 2706 346 2760 creaturae
360 2699 524 2775 humanae,
546 2704 651 2778 potest
666 2698 746 2758 hane
761 2697 1014 2794 praecellentiam

94 2783 162 2861 ipse
184 2789 297 2861 sponte
319 2781 369 2842 vel
391 2782 539 2861 retinere,
561 2781 611 2841 vel
632 2780 799 2860 dimittere,
828 2788 859 2841 et
879 2800 911 2840 m
933 2787 1016 2843 utru-
1044 2852 1046 2857 ,

94 2884 154 2945 que
176 2865 337 2925 hebetius
359 2864 506 2926 divinum.
540 2863 592 2927 sis
614 2884 632 2924 a
653 2864 847 2926 Constantini
863 2870 1016 2945 tempore,

94 2966 156 3009 non
179 2949 344 3008 autoritate
366 2947 563 3028 pontificum,
591 2946 645 3010 sed
667 2948 903 3027 imperatorum,
933 2964 1016 3008 erea-

95 3032 168 3091 turie
190 3030 331 3091 humanis
354 3031 427 3092 data
450 3038 497 3091 est
517 3030 658 3108 libertas,
690 3031 831 3111 personis
862 3036 893 3090 et
921 3029 1015 3092 rebus

95 3114 391 3193 ecclesiastieorum,
424 3133 483 3175 nec
509 3119 614 3194 potest
640 3113 680 3174 ad
708 3114 769 3174 hcc
789 3113 868 3173 ullus
889 3130 1016 3193 respon·

95 3198 170 3258 dere
192 3197 274 3257 aliud
304 3198 386 3278 quod
415 3198 527 3260 valeat.
570 3196 680 3275 Unde,
714 3197 739 3256 si
771 3196 938 3276 imperator
965 3195 1017 3256 vel

95 3281 189 3341 duces
212 3300 330 3341 rursum
353 3281 431 3341 haec
452 3288 614 3357 revocent,
654 3298 734 3359 quae
768 3299 824 3339 sua
852 3279 1017 3341 autoritate
1043 3302 1051 3317 ·

95 3363 264 3442 donarunt,
301 3383 364 3425 non
391 3370 497 3443 potest
526 3364 570 3423 eis
598 3363 696 3422 resisti
730 3363 796 3422 sine
823 3367 952 3441 peccato
985 3367 1017 3422 et

94 3448 262 3527 impietate,
307 3446 409 3521 Quare
431 3445 506 3506 nihil
529 3445 579 3505 hio
602 3445 674 3507 facit
693 3444 888 3524 depravator,
911 3443 1017 3505 dunta

95 3539 150 3591 xat
172 3547 228 3592 eos
250 3530 428 3608 imperatori
450 3529 626 3607 subiiciens,
651 3529 701 3609 qui
724 3527 907 3607 temporalia
926 3526 1017 3589 abeo

95 3614 280 3692 suscipiunt,
303 3618 409 3693 aperte
431 3617 463 3674 et
483 3618 599 3674 temere
627 3612 754 3674 verbum
777 3611 835 3671 Dei
857 3610 937 3671 Petri
960 3609 1019 3672 dis·

96 3714 149 3756 cer
171 3714 237 3756 ens.

150 3715 207 3839 pA
235 3796 306 3857 quc,
334 3796 422 3859 rogo,
443 3777 539 3841 habet
558 3779 627 3858 ipse
652 3775 858 3860 temporalia?
902 3774 933 3839 A
958 3773 1026 3838 dia·

123 3878 281 3926 Μετίου».
296 3877 321 3918 V.
335 3877 362 3918 rt
377 3878 458 3923 adrat
471 3878 553 3921 nutu
565 3889 589 3931 p.
604 3879 657 3923 Vol.
670 3879 714 3922 111.
819 3874 868 3948 23
