2346 4208
384 297 417 350 o.
435 294 471 352 u.
488 296 611 352 umen.
919 290 981 359 mo

430 481 611 545 Secundum.

144 594 236 672 Quod
258 606 360 660 sutem
383 600 466 661 Deus
492 597 548 683 (ad
571 599 841 681 gloriamsoilioet
862 601 981 681 gratiae

57 685 90 740 et
116 681 347 743 misericordiae
369 687 461 761 suae)
478 686 599 745 veniam
613 683 798 764 promiserit,
821 703 860 742 ex
882 683 981 763 florip-

55 764 132 824 turis
155 762 336 825 firmandum
361 772 415 832 est.

120 846 253 908 Primum
268 849 346 911 Psal.
365 853 403 914 31
419 849 461 924 ¹):
478 851 559 930 Dixi,
575 849 747 911 confitebor
761 850 923 910 adversum
932 868 982 910 me

56 929 237 991 iniustitiam
261 953 360 993 meam
373 934 519 1011 Domino,
543 941 574 995 et
595 940 627 993 tu
638 933 781 994 remisisti
792 934 980 1014 impietatem

81 1015 180 1073 eeoati
202 1016 271 1075 mei.

56 1033 78 1094 p
141 1095 276 1159 utillud
297 1101 326 1162 2.
349 1098 473 1182 Reg.²)
499 1102 555 1177 12,
578 1099 658 1160 unde
690 1099 741 1160 hio
761 1099 900 1160 Psalmus
931 1099 981 1162 de·

56 1186 197 1258 sumptus
225 1188 292 1257 est,
328 1202 419 1261 quam
447 1184 578 1263 primum
600 1183 700 1243 David
727 1182 818 1243 dixit:
851 1183 982 1244 Peeeavi

55 1261 209 1339 Domino,
246 1266 349 1325 statim
383 1266 461 1327 dixit
491 1267 629 1328 Nathan:
673 1267 823 1327 Dominus
858 1285 981 1346 quoquo

55 1345 212 1406 transtulit
233 1356 394 1426 peecatum
418 1356 512 1426 tuum,
536 1370 598 1412 non
621 1351 768 1410 morieris.
977 1396 980 1400 n

144 1429 183 1488 ut
205 1430 281 1493 lere.
306 1433 359 1494 18:
392 1432 423 1492 Si
457 1434 554 1513 egerit
585 1453 662 1513 gens
684 1433 738 1492 illa
759 1433 979 1511 poenitentiam

56 1530 76 1570 a
99 1513 192 1586 malo,
215 1521 350 1594 egomet
368 1535 427 1597 ego
440 1517 663 1596 poenitentiam
678 1534 769 1595 super
783 1515 875 1592 meio,
899 1514 981 1595 quod

57 1596 196 1674 cogitavi
225 1603 258 1656 ut
278 1598 422 1661 facerem.
464 1600 540 1660 item
567 1604 577 1660 1
606 1599 712 1660 lohan.
737 1601 769 1660 1:
803 1597 833 1657 Si
857 1598 981 1659 eonfite-

57 1696 147 1737 amur
167 1686 297 1758 peecata
319 1685 441 1761 nostra,
474 1681 572 1742 fidelis
596 1688 643 1742 est
664 1688 695 1743 et
716 1683 830 1757 iustus,
863 1683 913 1760 qui
936 1701 981 1742 re-

56 1761 160 1821 mittat
180 1762 270 1824 nobis
292 1771 434 1844 peecata,
458 1772 489 1826 et
510 1765 657 1826 emundet
677 1784 734 1825 uos
757 1762 796 1824 ab
819 1765 903 1824 omni
923 1764 979 1824 iui-

55 1845 182 1922 quitate.

141 1925 182 1988 ut
202 1927 256 1988 illa
278 1929 415 1991 delinitio
434 1951 508 1992 vera
528 1933 610 2008 iusti,
633 1928 777 1991 Proverb.
804 1929 856 1992 18:
880 1931 978 1989 iustus

56 2009 143 2089 prior
164 2016 212 2071 est
233 2020 395 2075 aecusator
417 2016 480 2093 sui,
512 2015 583 2075 ideo
605 2016 722 2092 iustus,
747 2013 817 2091 quia
839 2031 907 2074 sese
931 2030 978 2071 aa·

57 2100 161 2168 cusat,
196 2095 277 2155 unde
299 2103 330 2156 et
352 2099 500 2175 sequitur:
533 2099 626 2158 Venit
647 2099 764 2157 amicus
787 2096 852 2155 eius
878 2095 980 2174 (Chri-

56 2176 140 2255 stus)
166 2182 197 2236 et
219 2179 416 2259 investigabit
438 2201 527 2258 eum,
550 2181 581 2241 id
604 2186 663 2257 est,
692 2185 818 2260 quaeret
841 2199 927 2254 eum,
950 2185 981 2240 et

58 2278 123 2318 non
146 2260 227 2320 sinet
246 2263 364 2341 perire,
400 2265 491 2324 etiam
515 2265 553 2324 ab
577 2265 722 2324 extremis
744 2262 853 2323 inferni
875 2263 980 2321 inven—
1069 2345 1071 2349 .

59 2348 123 2402 tum
146 2342 280 2404 reducet.

141 2424 220 2485 Hine
238 2427 347 2488 Iosuae
368 2433 394 2492 7.
419 2430 646 2490 confessionem
661 2429 779 2507 pseusti
803 2434 895 2487 vocat
916 2427 979 2507 gio-

57 2508 134 2567 riam
157 2507 233 2587 Dei,
258 2510 363 2571 diosus
387 2511 426 2572 ad
450 2513 574 2572 than:
615 2512 671 2570 Fili
694 2513 749 2588 mi,
787 2511 826 2569 da
848 2510 978 2589 gloriam

57 2590 139 2667 Dee,
163 2598 193 2650 et
215 2592 373 2665 confitere,
397 2602 489 2674 atque
511 2596 612 2655 indica
636 2595 707 2653 mihi
730 2593 801 2673 quid
824 2594 942 2654 feceris.

140 2673 180 2733 Et
203 2675 239 2735 D.
262 2676 467 2757 Hieronymus
490 2678 528 2738 ad
550 2678 649 2737 idem:
673 2676 835 2737 Confessio
858 2676 977 2755 peceati

56 2760 106 2815 est
127 2756 193 2815 laus
216 2759 281 2819 Dei.
324 2759 390 2820 Neo
412 2763 530 2839 mirum,
562 2760 674 2840 quiam
700 2760 750 2838 qui
773 2766 901 2838 peecata
923 2777 978 2818 sua

54 2836 234 2914 confitetur,
262 2844 420 2903 veritatem
450 2845 554 2922 utique
585 2843 673 2920 dioit,
701 2843 784 2901 Deus
807 2847 907 2901 autem
931 2849 979 2902 est

54 2922 178 2982 veritas.
221 2923 294 2984 ideo
317 2927 407 2985 simul
428 2927 526 2987 Deum
550 2925 718 2988 confltetur,

140 3003 191 3064 Sic
213 3013 244 3065 et
266 3010 294 3069 2.
318 3008 416 3070 Paral.
440 3011 492 3075 ult.
516 3011 659 3069 Manasse
679 3029 735 3069 rex
758 3007 833 3066 Iuda
854 3008 885 3065 in
911 3026 976 3066 ora-

56 3087 143 3146 tione
166 3107 221 3147 suo
243 3090 462 3170 pulcherrima,
497 3095 580 3153 omui
605 3093 783 3153 confessuro
807 3091 976 3169 aptissima,

55 3169 145 3229 dicit:
167 3169 338 3248 Tuautem
361 3175 502 3252 Domine,
526 3175 692 3237 seeundum
714 3174 883 3233 bonitatem
895 3178 979 3232 tuam

56 3254 224 3330 promisisti
248 3258 470 3335 poenitentiam
492 3260 681 3319 remissionis
699 3263 895 3338 peecatorum
920 3262 978 3315 etc.

139 3336 219 3397 Vere
258 3340 426 3401 seeundum
463 3342 632 3402 bonitatem
674 3349 757 3401 tuam
801 3338 986 3418 promisisti,'

54 3419 127 3496 quia
153 3420 227 3479 nihil
257 3430 339 3482 esset
366 3425 519 3484 confessio
555 3432 675 3502 nostra,
711 3424 768 3482 uisi
791 3427 885 3481 staret
906 3439 977 3490 oro-

55 3502 161 3561 missio
184 3503 252 3581 Dei,
277 3505 356 3566 adeo
380 3514 476 3567 toturn
502 3516 549 3567 est
570 3506 869 3580 bonitatis-divinae,
894 3503 977 3582 quod

92 3780 96 3790 Ι
126 3704 587 3791 1)⁶1neu.Jen.:32.2)1uid.:
613 3711 683 3763 Sum.
721 3711 752 3774 3)
774 3709 805 3762 In
825 3709 867 3763 ed.
888 3710 977 3778 orig:

51 3793 99 3847 qur
125 3793 183 3847 qur.
582 3814 585 3821 .
