2346 4208
340 284 374 341 de
394 283 575 341 Sacramenta
593 285 733 356 baptismi.
946 275 1010 346 Μ

175 469 305 531 Decimo
328 489 429 551 nono,
458 473 529 550 quia
551 476 652 531 autern
675 470 844 550 baptismus
868 486 924 529 ceu
946 466 1010 529 the-

91 572 200 613 saurus
222 553 344 632 quidam
366 555 484 635 gratiae
516 554 639 615 divinae
660 559 692 614 et
713 552 934 614 consolationis
954 557 1011 630 est,

91 635 164 697 ideo
186 655 315 717 magnas
343 638 410 699 Deo
432 639 561 718 gratias,
594 636 714 697 laudem
744 655 780 696 ac
802 636 932 717 gloriam
953 653 1010 715 pro

91 738 131 780 eo
164 736 222 779 nos
252 719 365 782 debere
399 723 575 781 sentiamus.
619 721 696 780 Puto
720 721 799 779 enim
822 724 947 779 nostrae
967 719 1011 781 in·

92 802 285 882 gratitudinis
306 804 386 864 hanc
407 805 655 884 fuissepoenam,
678 803 760 882 quod
781 803 836 862 illo
853 802 1013 881 superiora

91 885 197 946 seculo
231 889 389 947 excaecati
421 906 545 968 prorsus
577 889 821 968 ignoraverimus
851 890 952 945 tantas
979 884 1011 944 in

92 969 244 1048 baptismo
273 970 410 1050 sepultas
440 989 527 1051 opes.
571 969 646 1030 Cum
677 971 757 1029 enirn
790 969 944 1050 baptismo
975 984 1013 1028 aa

90 1052 191 1132 gratia
207 1068 269 1112 ‘sua
289 1053 372 1113 Deus
395 1053 540 1114 mundum
564 1053 730 1130 obruisset,
760 1071 818 1113 nos
847 1058 951 1112 tamen
979 1050 1013 1111 in

92 1135 224 1195 molesta
246 1154 342 1216 opera
361 1137 513 1216 prolapsi,
547 1143 619 1215 post
639 1135 853 1216 indulgentiis,
882 1134 1013 1213 aliisque

91 1217 240 1279 similibus
269 1220 359 1299 nugis
382 1219 502 1299 decepti
537 1238 573 1278 ac
603 1219 721 1279 seducti
750 1237 863 1279 sumus.
905 1217 1014 1295 Neque

92 1302 175 1380 prius
198 1301 264 1361 Deo
294 1302 434 1362 volumus
457 1302 598 1378 credere,
641 1321 732 1381 quam
761 1301 1013 1362 satisfecissemus

92 1402 149 1463 pro
167 1386 315 1473 pecatis,
337 1384 464 1464 perinde
487 1393 579 1464 atque
602 1386 626 1445 si
648 1385 790 1445 venalem
813 1384 926 1445 nostris
941 1400 1013 1463 ope·

90 1465 182 1526 ribu's·
191 1468 326 1546 gratiam
343 1469 558 1548 proposuisset
579 1469 672 1529 Deus.
728 1486 731 1493 ·

174 1550 298 1623 Verum,
322 1553 372 1629 qui
395 1570 456 1611 non
482 1553 526 1611 sio
548 1553 648 1627 sentit,
673 1549 755 1630 quod
768 1550 852 1614 Deus
875 1567 930 1627 per
947 1544 1014 1628 gra·

92 1633 165 1692 tiam
187 1642 368 1712 pensatores
391 1635 554 1714 suscipiat,
586 1634 696 1695 toleret
718 1652 756 1696 ao
778 1632 892 1708 salvet,
914 1647 1016 1709 neque

92 1715 154 1774 alia
176 1717 297 1776 ratione
330 1715 473 1777 iudicium
503 1718 559 1776 Dei
587 1735 681 1796 posse
709 1716 851 1776 sustineri
874 1713 1015 1791 anobis,

92 1816 181 1876 quarn
212 1799 367 1877 praesidio
401 1801 535 1880 gratiae,
567 1801 593 1858 is
627 1817 727 1878 neque
755 1816 877 1873 amare,
911 1812 1013 1875 neque

90 1880 269 1959 praedicare
282 1882 378 1942 Deum
402 1902 534 1961 unquam
557 1884 681 1962 poterit,
703 1880 757 1941 sed
775 1887 924 1961 perpetuo
947 1885 1012 1939 tan-

92 1982 182 2041 quam
205 1964 390 2025 borrendum
414 1967 544 2025 iudicem
568 1967 758 2026 extimescet.
801 1964 835 2024 In
858 1963 1011 2041 baptismo
1037 2011 1040 2023 .

90 2054 194 2107 autern
219 2047 300 2107 Deus
324 2049 392 2108 talis
415 2048 624 2128 praedicatur,
647 2048 730 2127 quod
752 2066 809 2107 nos
831 2050 1012 2127 peccatores

91 2131 246 2208 suscipiat,
269 2131 358 2191 nobis
381 2138 496 2210 parcat,
519 2133 549 2190 in
574 2132 638 2191 dies
653 2133 749 2212 magis
772 2149 809 2190 ac
822 2130 918 2210 magis
942 2146 1011 2208 pec

92 2220 229 2271 catorum
251 2213 395 2291 reliquias
419 2221 576 2295 expurget.
621 2215 757 2273 Eanum
781 2214 866 2272 audit
888 2232 958 2284 cor,
981 2216 1013 2271 et

92 2301 268 2355 constanter
291 2297 401 2373 credit,
435 2318 496 2357 non
525 2304 629 2377 potest
656 2317 717 2356 non
743 2296 856 2377 gaudio
879 2295 1011 2373 exsilire,

91 2397 194 2438 amare
217 2386 247 2438 et
267 2381 445 2458 praedicare
467 2382 575 2440 Deum.

173 2462 278 2521 Talem
303 2482 425 2542 quoque
448 2464 537 2523 nobis
561 2463 711 2542 propheta
730 2463 827 2521 Deum
852 2461 1011 2522 describit:

92 2543 176 2603 Sicut
197 2552 286 2623 pater
308 2548 406 2626 parcit
427 2546 511 2624 filiis,
540 2547 583 2604 ita
611 2565 669 2625 ego
693 2545 751 2603 illis
775 2563 909 2624 parcam.
953 2545 1011 2605 Re·

91 2628 218 2704 quiritur
244 2630 335 2708 igitur
366 2647 384 2687 a
411 2629 516 2706 nobis,
552 2635 584 2686 ut
613 2628 821 2706 amplissimae
849 2628 1012 2706 maiestati,

91 2729 170 2788 quae
199 2731 256 2770 nos
278 2714 409 2772 miseros
443 2731 479 2772 ac
512 2709 674 2771 damnatos
696 2730 815 2769 vermes
839 2717 924 2769 tanta
945 2729 1012 2790 gra·

91 2794 132 2852 tia
154 2812 192 2853 ac
214 2795 422 2855 misericordia
444 2796 648 2875 prosequitur,
670 2813 796 2873 agamus
820 2794 951 2873 gratias,
975 2810 1012 2851 aa

91 2876 332 2938 misericordiam
354 2879 455 2958 illam,
479 2880 557 2938 siout
579 2885 725 2954 meretur,
753 2895 958 2957 agnoscamus
982 2881 1013 2934 et

90 2959 312 3038 praedicemus.

177 3045 342 3122 Vigesimo,
366 3065 470 3104 verum
494 3043 664 3104 cavendum
688 3050 735 3103 cst
755 3043 819 3117 hic,
842 3062 881 3101 ne
905 3059 1012 3100 secure

90 3126 215 3184 nimium
239 3146 380 3207 agamus,
421 3135 451 3187 et
481 3129 525 3187 sic
547 3128 731 3186 sentiamus:
769 3126 800 3186 Si
824 3130 925 3184 tantus
948 3123 1011 3183 the-

91 3227 197 3267 saurus
220 3211 337 3289 gratiae
371 3212 400 3270 in
424 3210 577 3291 baptismo
607 3217 654 3269 est
675 3211 842 3288 repositus,
875 3214 907 3266 ut
928 3207 1011 3267 Deus

90 3299 219 3371 peccata
241 3294 391 3372 imputare
418 3294 512 3369 nolit,
549 3302 579 3352 et
608 3295 633 3352 si
661 3294 763 3352 statim
792 3292 920 3351 remissa
942 3294 1013 3349 sunt

91 3381 219 3453 peccata
242 3376 270 3434 vi
293 3375 454 3455 baptismi,
485 3396 553 3435 oum
578 3396 634 3436 nos
658 3376 696 3434 ab
720 3376 762 3434 eis
784 3374 1012 3451 recesserimus,

33 3461 42 3468 ’
91 3464 153 3516 turn
178 3477 302 3517 securus
326 3462 444 3533 omnia,
467 3466 500 3519 ut
523 3458 594 3517 mihi
618 3459 783 3537 placuerit,
808 3476 889 3516 nunc
911 3476 1011 3536 agam.

90 3540 219 3600 Possum
244 3542 411 3619 aliquando
433 3549 514 3621 post,
539 3561 607 3600 curn
640 3541 836 3601 commodum
851 3539 1011 3616 videbitur,

91 3625 139 3682 vel
171 3625 263 3682 etiam
291 3626 322 3683 in
354 3629 460 3685 mortis
488 3625 624 3704 periculo
655 3625 798 3703 baptismi
826 3623 1012 3701 meminisse,

91 3713 121 3766 et
153 3707 251 3788 Deum
286 3710 331 3768 sui
361 3727 560 3768 commonere
581 3707 731 3786 foederis,
766 3725 803 3766 ac
835 3707 1012 3767 satisfacere

90 3789 255 3869 baptisma.
