2346 4208
192 269 213 336 6
439 272 593 340 Disputatio
613 275 641 323 at
660 270 812 323 Excusatio
831 269 905 323 Eceii

192 458 454 538 indulgentiarum
477 460 564 538 attigi
578 458 836 536 conclusionibus,
861 457 943 539 quod
959 458 1117 538 negotium

195 562 232 602 aa
256 540 488 621 contemptibile
511 541 616 602 Lnlter
645 560 743 622 nugas
778 561 849 601 suas
882 541 969 618 dicit,
997 543 1033 600 -in
1056 559 1118 619 quo

196 633 242 685 tot
263 624 373 683 herces
398 624 594 684 desudarunt.
636 624 708 707 §cio
733 625 816 703 quod
839 624 1044 704 Hieronymus
1066 625 1119 701 ait,

196 727 294 787 nugas
315 708 345 766 in
372 726 424 767 ure
448 708 618 768 sacerdotis
639 727 708 768 esse
724 707 962 787 blasphemiam:
988 726 1050 766 non
1067 727 1119 766 au-

105 817 108 822 ·
196 801 256 852 tem
282 792 455 850 existimavi
479 791 536 851 hos
559 789 768 871 disputatione
792 791 993 870 separandos,
1014 790 1066 868 qui
1087 791 1119 848 in

196 872 326 934 eandem
350 875 535 933 sententiam
558 874 699 935 manibus
735 882 766 934 et
794 874 924 954 pedibus
947 873 1119 952 conspiras-

196 965 274 1018 sent.
319 954 366 1016 Ob
397 956 424 1016 id
459 956 529 1016 dum
552 957 774 1017 illustrissimus
798 957 944 1036 Princeps
967 955 1120 1034 Georgius

163 1044 168 1061 '
196 1039 351 1100 Saxoniae
372 1039 460 1112 Dux,
486 1041 636 1100 Dominus
665 1040 933 1114 clementissimus,
964 1058 1001 1098 ac
1022 1038 1119 1098 felicis

195 1123 287 1183 studii
321 1122 474 1200 Liptzens
498 1123 679 1183 Commune
699 1131 729 1183 et
756 1122 922 1182 Facultatis
955 1121 1120 1200 Theologi-

196 1225 252 1265 cue
284 1205 447 1265 currsilium
477 1205 717 1300 disputationem
753 1213 888 1266 nosram
924 1204 1122 1264 admisissent

199 1289 324 1369 (spiritu
292 1284 411 1348 tillo
434 1288 492 1348 Lut
481 1290 548 1348 tteri
572 1289 776 1349 desinente
769 1309 800 1348 ru
830 1299 884 1348 adr
905 1306 1010 1348 eorum
1036 1287 1120 1363 dare,

197 1372 323 1431 isthoc
354 1356 512 1450 uegolium
533 1376 747 1449 recusarent),
782 1379 812 1432 et
833 1370 988 1431 Lutterum
1011 1370 1120 1431 litteris

197 1455 273 1515 meis
296 1455 426 1514 evocavi
448 1454 532 1514 velut
521 1454 809 1533 tprincipaleum,t
776 1454 878 1515 utvel
902 1473 958 1513 sua
976 1461 1120 1528 tueretur,

196 1537 246 1597 vel
269 1545 375 1597 nostra
396 1537 611 1616 improbaren-
630 1537 695 1596 Id
687 1557 787 1617 rpsnm
811 1544 842 1597 et
831 1537 1000 1597 tiacultati
1021 1536 1147 1601 Theo.

196 1618 318 1699 logicae
340 1618 495 1697 Liptzeusi
519 1619 705 1699 significavi,
739 1626 770 1680 et
791 1620 875 1699 quod
896 1619 1036 1681 Lutterus
1059 1618 1120 1678 Au·

197 1700 302 1762 dream
326 1700 516 1763 Bodenstein
540 1703 646 1765 nititur
669 1704 847 1764 subvertere
869 1723 910 1763 eu
930 1722 1034 1779 arena,
1057 1720 1119 1761 non

196 1785 312 1864 patiar,
336 1803 404 1844 cum
428 1794 489 1845 tam
512 1787 670 1847 animosus
693 1788 732 1845 sit
753 1786 905 1847 scribendi
928 1785 1069 1845 convicia
1090 1791 1122 1842 et

196 1867 369 1927 encomium
396 1879 468 1928 ante
490 1870 649 1930 victoriam
677 1869 727 1928 diu
757 1869 915 1942 cecinerit..
953 1867 1122 1927 Recusavit

194 1950 279 2010 adire
302 1950 444 2031 Romam,
468 1951 657 2030 Parrhysios,
681 1951 855 2027 Coloniam,
877 1956 1030 2029 expensas
1051 1969 1108 2009 cau

194 2039 279 2092 satus
303 2043 334 2092 et
355 2034 420 2092 iter.
464 2033 504 2093 Ει
526 2033 649 2111 quando
680 2051 739 2114 ego
763 2053 832 2093 enm
856 2050 1001 2111 sequerer
1024 2052 1135 2116 usquex

196 2116 235 2175 ad
269 2117 390 2177 ianuam
415 2117 533 2195 patriae
554 2135 643 2191 suae,
676 2116 770 2177 vellet
792 2116 963 2176 detrectare
984 2134 1120 2195 pugnam

199 2207 230 2257 et
259 2218 293 2257 se
316 2199 395 2257 intra
417 2200 604 2258 munitiones
628 2200 801 2275 continere,
833 2199 894 2260 hoc
923 2205 1006 2258 esset
1028 2199 1120 2278 dege·

199 2283 279 2340 neris
305 2288 335 2340 et
357 2281 453 2341 timidi
476 2281 589 2342 militis.
615 2280 762 2356 Quamvis
787 2283 812 2341 si
834 2283 895 2341 iam
912 2282 1039 2342 doctior
1060 2283 1120 2341 iac-

199 2370 246 2424 tus
270 2371 353 2423 esset
382 2383 419 2423 ae
441 2363 628 2444 palinodiam
659 2367 808 2425 recineret
830 2372 982 2425 erratuum
1005 2364 1115 2425 Roma·

198 2465 269 2506 uam
293 2447 451 2526 sequendo
476 2446 657 2522 ecclesiam,
690 2448 888 2508 exoscularer
909 2449 1064 2517 homirnam
1088 2453 1121 2507 ut

199 2528 329 2588 amicum
357 2539 390 2589 et
418 2528 482 2589 fere
504 2530 642 2589 alterum.
685 2531 822 2591 Securim
854 2539 956 2590 autem
979 2529 1018 2590 ad
1041 2529 1120 2590 radi·

175 2631 265 2678 ,cem
287 2613 394 2691 posui,
429 2613 658 2691 propositiones
688 2613 899 2674 contrahendo
929 2634 984 2674 sex
1013 2622 1120 2673 contra

199 2693 235 2754 D.
259 2694 461 2753 Bodenstein:
495 2697 655 2774 septimam
688 2697 716 2754 in
741 2697 861 2777 scriptis
884 2697 1055 2774 transmisi,
1088 2697 1120 2755 in

199 2777 309 2856 quibus
347 2785 443 2838 totam
478 2787 604 2838 nostrae
637 2781 811 2859 scriptionis
841 2799 990 2840 summam
1013 2778 1121 2838 videor

130 2902 135 2912 .
200 2859 271 2918 mihi
295 2861 486 2940 complexus.
526 2860 596 2921 Non
620 2853 805 2942 ergotvelut
824 2882 956 2942 parerga
977 2862 1055 2922 haec
1077 2870 1120 2921 at·

200 2942 254 3023 ligi
276 2961 377 3021 neque
400 2942 539 3018 subdole,
562 2943 617 3004 ssd
640 2944 835 3024 simplicitate
850 2943 1042 3024 Theolcgica
1064 2944 1120 3004 has

199 3026 427 3104 propositiones
451 3026 638 3089 Bodenstein
663 3027 772 3088 obieci.
806 3025 893 3102 Quae
916 3045 989 3087 vero
1013 3035 1120 3087 eontra

199 3114 229 3166 te
251 3109 354 3186 posita
375 3117 459 3184 sunt,
482 3106 603 3186 Lutter,
626 3130 686 3170 non
711 3111 841 3187 obtrusi,
859 3114 933 3170 'nec
965 3110 1043 3170 falso
1065 3111 1120 3170 im-

197 3191 298 3269 posui,
321 3191 393 3269 quin
414 3191 509 3270 digito
533 3201 704 3253 monstrare
714 3212 849 3273 possem
873 3192 923 3254 nbi
935 3193 1014 3254 haec
1034 3211 1136 3258 mon-¹

199 3285 261 3333 stra
216 3274 405 3333 talueris.
448 3274 634 3336 Utinamt
603 3285 634 3336 et
662 3276 715 3336 illa
729 3276 824 3372 apud
853 3282 884 3337 te
906 3295 968 3336 nou
991 3278 1120 3356 reperis·

199 3374 274 3415 sem
322 3356 364 3416 At
353 3357 485 3435 tquod
521 3357 633 3418 deinde
664 3360 850 3419 vanissimae
882 3358 1035 3439 gloriolae
1071 3378 1120 3420 me

200 3437 334 3526 damnat,
356 3440 438 3517 quod
460 3440 604 3500 schedam
628 3440 861 3538 disputatoriam
885 3441 1042 3519 ediderim,
1067 3462 1119 3502 an·

200 3528 321 3598 tequam
351 3531 450 3582 certus
479 3543 578 3582 essem
609 3523 650 3583 de
677 3523 882 3604 Liptzensium
916 3525 1118 3585 Dominarum

199 3623 344 3675 assensu,
375 3605 483 3665 fateor.
526 3605 567 3665 Et
555 3606 669 3684 tquid
703 3607 763 3667 hoc
798 3592 928 3687 culpae?
971 3607 1036 3667 lmo
1066 3608 1119 3687 ait,

199 3699 399 3766 posteaquam
423 3708 462 3748 ex
485 3708 534 3749 rue
555 3696 721 3768 acceperat
742 3709 796 3750 eos
821 3690 947 3750 omnino
964 3709 1119 3768 recusare,

197 3768 258 3829 hoc
295 3769 417 3863 quidem
450 3777 604 3831 tornatum
642 3772 845 3834 mendacium.
889 3770 1011 3835 Scheda
1047 3792 1118 3836 mea
