<?xml version="1.0" encoding="UTF-8"?>
<!DOCTYPE html PUBLIC "-//W3C//DTD XHTML 1.0 Transitional//EN"
    "http://www.w3.org/TR/xhtml1/DTD/xhtml1-transitional.dtd">
<html xmlns="http://www.w3.org/1999/xhtml" xml:lang="en" lang="en">
 <head>
  <title>
</title>
<meta http-equiv="Content-Type" content="text/html;charset=utf-8" />
  <meta name='ocr-system' content='tesseract 3.04.00' />
  <meta name='ocr-capabilities' content='ocr_page ocr_carea ocr_par ocr_line ocrx_word'/>
</head>
<body>
  <div class='ocr_page' id='page_1' title='image "./dmartinilutheri04luthgoog_0801.png"; bbox 0 0 2346 4208; ppageno 0'>
   <div class='ocr_carea' id='block_1_1' title="bbox 197 262 785 344">
    <p class='ocr_par' dir='ltr' id='par_1_1' title="bbox 197 262 863 344">
     <span class='ocr_line' id='line_1_1' title="bbox 197 262 785 344; baseline -0.002 -16"><span class='ocrx_word' id='word_1_1' title='bbox 197 262 263 344; x_wconf 72' lang='lat'><strong>276</strong></span> <span class='ocrx_word' id='word_1_2' title='bbox 539 263 618 330; x_wconf 76' lang='lat' dir='ltr'><strong>buu·</strong></span> <span class='ocrx_word' id='word_1_3' title='bbox 636 264 734 331; x_wconf 66' lang='lat' dir='ltr'><strong>bom</strong></span> <span class='ocrx_word' id='word_1_4' title='bbox 753 266 785 329; x_wconf 80' lang='lat' dir='ltr'><strong>r.</strong></span> 
     </span>
    </p>
   </div>
   <div class='ocr_carea' id='block_1_2' title="bbox 188 461 1123 3536">
    <p class='ocr_par' dir='ltr' id='par_1_2' title="bbox 241 461 1118 1110">
     <span class='ocr_line' id='line_1_2' title="bbox 242 461 1115 546; baseline -0.002 -19"><span class='ocrx_word' id='word_1_5' title='bbox 242 466 409 546; x_wconf 75' lang='lat' dir='ltr'>Origenes,</span> <span class='ocrx_word' id='word_1_6' title='bbox 431 464 527 539; x_wconf 84' lang='lat' dir='ltr'><strong>Bede,</strong></span> <span class='ocrx_word' id='word_1_7' title='bbox 549 470 581 526; x_wconf 90' lang='lat' dir='ltr'><strong>et</strong></span> <span class='ocrx_word' id='word_1_8' title='bbox 602 463 776 545; x_wconf 86' lang='lat' dir='ltr'><strong>eomplures</strong></span> <span class='ocrx_word' id='word_1_9' title='bbox 798 461 867 539; x_wconf 74' lang='lat' dir='ltr'><strong>sui,</strong></span> <span class='ocrx_word' id='word_1_10' title='bbox 901 467 936 523; x_wconf 94' lang='lat' dir='ltr'><strong>ut</strong></span> <span class='ocrx_word' id='word_1_11' title='bbox 957 462 1115 525; x_wconf 77' lang='lat' dir='ltr'><strong>hoiueinnti</strong></span> 
     </span>
     <span class='ocr_line' id='line_1_3' title="bbox 241 543 1116 629; baseline -0.002 -19"><span class='ocrx_word' id='word_1_12' title='bbox 241 555 315 610; x_wconf 89' lang='lat' dir='ltr'><strong>sunt</strong></span> <span class='ocrx_word' id='word_1_13' title='bbox 335 546 407 607; x_wconf 84' lang='lat' dir='ltr'><strong>bie?</strong></span> <span class='ocrx_word' id='word_1_14' title='bbox 443 547 577 609; x_wconf 80' lang='lat' dir='ltr'><strong>Proinde</strong></span> <span class='ocrx_word' id='word_1_15' title='bbox 613 547 723 608; x_wconf 87' lang='lat' dir='ltr'><strong>summi</strong></span> <span class='ocrx_word' id='word_1_16' title='bbox 744 543 905 608; x_wconf 85' lang='lat' dir='ltr'><strong>Pontifleis</strong></span> <span class='ocrx_word' id='word_1_17' title='bbox 930 553 1044 629; x_wconf 85' lang='lat' dir='ltr'><strong>(super</strong></span> <span class='ocrx_word' id='word_1_18' title='bbox 1062 565 1116 626; x_wconf 89' lang='lat' dir='ltr'><strong>quo</strong></span> 
     </span>
     <span class='ocr_line' id='line_1_4' title="bbox 241 629 1117 711; baseline -0.001 -19"><span class='ocrx_word' id='word_1_19' title='bbox 241 631 386 693; x_wconf 81' lang='lat' dir='ltr'><strong>fundetur</strong></span> <span class='ocrx_word' id='word_1_20' title='bbox 424 631 576 711; x_wconf 74' lang='lat' dir='ltr'><strong>sceleris)</strong></span> <span class='ocrx_word' id='word_1_21' title='bbox 607 638 672 707; x_wconf 86' lang='lat' dir='ltr'><strong>est,</strong></span> <span class='ocrx_word' id='word_1_22' title='bbox 706 648 825 690; x_wconf 69' lang='lat' dir='ltr'><strong>nerum</strong></span> <span class='ocrx_word' id='word_1_23' title='bbox 862 629 1046 709; x_wconf 71' lang='lat' dir='ltr'><strong>scripturam</strong></span> <span class='ocrx_word' id='word_1_24' title='bbox 1083 630 1117 691; x_wconf 82' lang='lat' dir='ltr'><strong>ed</strong></span> 
     </span>
     <span class='ocr_line' id='line_1_5' title="bbox 241 712 1117 794; baseline -0.002 -19"><span class='ocrx_word' id='word_1_25' title='bbox 241 735 329 775; x_wconf 91' lang='lat' dir='ltr'><strong>suum</strong></span> <span class='ocrx_word' id='word_1_26' title='bbox 351 712 468 774; x_wconf 88' lang='lat' dir='ltr'><strong>libitum</strong></span> <span class='ocrx_word' id='word_1_27' title='bbox 490 732 640 794; x_wconf 73' lang='lat' dir='ltr'><strong>suumque</strong></span> <span class='ocrx_word' id='word_1_28' title='bbox 662 712 818 774; x_wconf 78' lang='lat' dir='ltr'><strong>libidinem</strong></span> <span class='ocrx_word' id='word_1_29' title='bbox 835 713 1044 792; x_wconf 70' lang='lat' dir='ltr'><strong>interpretari.</strong></span> <span class='ocrx_word' id='word_1_30' title='bbox 1065 712 1117 789; x_wconf 78' lang='lat' dir='ltr'><strong>Qui</strong></span> 
     </span>
     <span class='ocr_line' id='line_1_6' title="bbox 241 794 1117 875; baseline -0.003 -16"><span class='ocrx_word' id='word_1_31' title='bbox 241 796 480 875; x_wconf 76' lang='lat' dir='ltr'>contradixerit,</span> <span class='ocrx_word' id='word_1_32' title='bbox 501 798 675 858; x_wconf 74' lang='lat' dir='ltr'><strong>hoeretieus</strong></span> <span class='ocrx_word' id='word_1_33' title='bbox 697 803 786 868; x_wconf 80' lang='lat' dir='ltr'><strong>ento,</strong></span> <span class='ocrx_word' id='word_1_34' title='bbox 822 801 855 856; x_wconf 93' lang='lat' dir='ltr'><strong>et</strong></span> <span class='ocrx_word' id='word_1_35' title='bbox 874 794 958 856; x_wconf 87' lang='lat' dir='ltr'><strong>fliius</strong></span> <span class='ocrx_word' id='word_1_36' title='bbox 980 795 1117 875; x_wconf 64' lang='lat' dir='ltr'><strong>fletum</strong></span> 
     </span>
     <span class='ocr_line' id='line_1_7' title="bbox 241 877 1117 960; baseline -0.001 -19"><span class='ocrx_word' id='word_1_37' title='bbox 241 883 406 960; x_wconf 76' lang='lat' dir='ltr'><strong>statimque</strong></span> <span class='ocrx_word' id='word_1_38' title='bbox 428 880 624 942; x_wconf 79' lang='lat' dir='ltr'><strong>comburitor.</strong></span> <span class='ocrx_word' id='word_1_39' title='bbox 665 878 745 940; x_wconf 85' lang='lat' dir='ltr'><strong>Nem</strong></span> <span class='ocrx_word' id='word_1_40' title='bbox 766 878 828 939; x_wconf 89' lang='lat' dir='ltr'><strong>hie·</strong></span> <span class='ocrx_word' id='word_1_41' title='bbox 844 885 952 940; x_wconf 83' lang='lat' dir='ltr'><strong>noster</strong></span> <span class='ocrx_word' id='word_1_42' title='bbox 973 877 1040 940; x_wconf 81' lang='lat' dir='ltr'><strong>Leo</strong></span> <span class='ocrx_word' id='word_1_43' title='bbox 1054 879 1117 940; x_wconf 76' lang='lat' dir='ltr'><strong>-ine</strong></span> 
     </span>
     <span class='ocr_line' id='line_1_8' title="bbox 245 960 1118 1043; baseline 0 -19"><span class='ocrx_word' id='word_1_44' title='bbox 245 971 294 1024; x_wconf 89' lang='lat' dir='ltr'><strong>tus</strong></span> <span class='ocrx_word' id='word_1_45' title='bbox 316 971 378 1041; x_wconf 82' lang='lat' dir='ltr'><strong>est,</strong></span> <span class='ocrx_word' id='word_1_46' title='bbox 411 969 442 1024; x_wconf 83' lang='lat' dir='ltr'><strong>et</strong></span> <span class='ocrx_word' id='word_1_47' title='bbox 464 962 571 1024; x_wconf 88' lang='lat' dir='ltr'><strong>didieit</strong></span> <span class='ocrx_word' id='word_1_48' title='bbox 591 981 703 1043; x_wconf 81' lang='lat' dir='ltr'><strong>oepere</strong></span> <span class='ocrx_word' id='word_1_49' title='bbox 723 961 881 1043; x_wconf 75' lang='lat' dir='ltr'><strong>praedem,</strong></span> <span class='ocrx_word' id='word_1_50' title='bbox 904 960 1118 1043; x_wconf 72' lang='lat' dir='ltr'><strong>hominemque</strong></span> 
     </span>
     <span class='ocr_line' id='line_1_9' title="bbox 241 1045 414 1110; baseline 0.012 -3"><span class='ocrx_word' id='word_1_51' title='bbox 241 1045 414 1110; x_wconf 78' lang='lat' dir='ltr'><strong>comedere.</strong></span> 
     </span>
    </p>

    <p class='ocr_par' dir='ltr' id='par_1_3' title="bbox 200 1127 1120 1377">
     <span class='ocr_line' id='line_1_10' title="bbox 220 1127 1120 1210; baseline -0.001 -18"><span class='ocrx_word' id='word_1_52' title='bbox 220 1127 278 1210; x_wconf 81' lang='lat'><strong>27)</strong></span> <span class='ocrx_word' id='word_1_53' title='bbox 296 1128 419 1190; x_wconf 77' lang='lat' dir='ltr'><strong>Certum</strong></span> <span class='ocrx_word' id='word_1_54' title='bbox 442 1137 500 1208; x_wconf 87' lang='lat' dir='ltr'><strong>est,</strong></span> <span class='ocrx_word' id='word_1_55' title='bbox 521 1130 554 1189; x_wconf 93' lang='lat' dir='ltr'><strong>in</strong></span> <span class='ocrx_word' id='word_1_56' title='bbox 575 1148 668 1190; x_wconf 84' lang='lat' dir='ltr'><strong>menn</strong></span> <span class='ocrx_word' id='word_1_57' title='bbox 680 1127 832 1190; x_wconf 81' lang='lat' dir='ltr'><strong>eoelerise</strong></span> <span class='ocrx_word' id='word_1_58' title='bbox 846 1134 901 1189; x_wconf 82' lang='lat' dir='ltr'><strong>snt</strong></span> <span class='ocrx_word' id='word_1_59' title='bbox 916 1128 1023 1209; x_wconf 79' lang='lat' dir='ltr'><strong>Pspse</strong></span> <span class='ocrx_word' id='word_1_60' title='bbox 1045 1148 1120 1210; x_wconf 84' lang='lat' dir='ltr'><strong>pror·</strong></span> 
     </span>
     <span class='ocr_line' id='line_1_11' title="bbox 200 1209 1120 1295; baseline 0.001 -23"><span class='ocrx_word' id='word_1_61' title='bbox 200 1232 252 1272; x_wconf 84' lang='lat' dir='ltr'><strong>sne</strong></span> <span class='ocrx_word' id='word_1_62' title='bbox 275 1231 337 1272; x_wconf 92' lang='lat' dir='ltr'><strong>non</strong></span> <span class='ocrx_word' id='word_1_63' title='bbox 360 1232 429 1272; x_wconf 84' lang='lat' dir='ltr'><strong>esse</strong></span> <span class='ocrx_word' id='word_1_64' title='bbox 441 1219 586 1274; x_wconf 74' lang='lat' dir='ltr'><strong>statuere</strong></span> <span class='ocrx_word' id='word_1_65' title='bbox 599 1210 747 1274; x_wconf 75' lang='lat' dir='ltr'><strong>ertieulos</strong></span> <span class='ocrx_word' id='word_1_66' title='bbox 767 1209 849 1288; x_wconf 76' lang='lat' dir='ltr'><strong>fluet,</strong></span> <span class='ocrx_word' id='word_1_67' title='bbox 871 1212 942 1272; x_wconf 83' lang='lat' dir='ltr'><strong>imo²</strong></span> <span class='ocrx_word' id='word_1_68' title='bbox 959 1218 1021 1272; x_wconf 80' lang='lat' dir='ltr'><strong>nee</strong></span> <span class='ocrx_word' id='word_1_69' title='bbox 1038 1212 1120 1295; x_wconf 70' lang='lat' dir='ltr'><strong>teges</strong></span> 
     </span>
     <span class='ocr_line' id='line_1_12' title="bbox 200 1295 849 1377; baseline 0 -22"><span class='ocrx_word' id='word_1_70' title='bbox 200 1313 318 1355; x_wconf 84' lang='lat' dir='ltr'><strong>morum</strong></span> <span class='ocrx_word' id='word_1_71' title='bbox 341 1314 396 1356; x_wconf 90' lang='lat' dir='ltr'><strong>seu</strong></span> <span class='ocrx_word' id='word_1_72' title='bbox 417 1295 568 1357; x_wconf 85' lang='lat' dir='ltr'><strong>benorum</strong></span> <span class='ocrx_word' id='word_1_73' title='bbox 591 1314 730 1377; x_wconf 86' lang='lat' dir='ltr'><strong>opernm.</strong></span> <span class='ocrx_word' id='word_1_74' title='bbox 844 1336 849 1343; x_wconf 91' lang='lat'>-</span> 
     </span>
    </p>

    <p class='ocr_par' dir='ltr' id='par_1_4' title="bbox 198 1376 1122 1853">
     <span class='ocr_line' id='line_1_13' title="bbox 219 1376 1122 1460; baseline -0.003 -19"><span class='ocrx_word' id='word_1_75' title='bbox 219 1377 278 1458; x_wconf 81' lang='grc'>28)</span> <span class='ocrx_word' id='word_1_76' title='bbox 293 1376 325 1439; x_wconf 81' lang='lat' dir='ltr'><strong>Si</strong></span> <span class='ocrx_word' id='word_1_77' title='bbox 339 1378 422 1458; x_wconf 81' lang='lat' dir='ltr'><strong>Peps</strong></span> <span class='ocrx_word' id='word_1_78' title='bbox 444 1398 512 1439; x_wconf 88' lang='lat' dir='ltr'><strong>eum</strong></span> <span class='ocrx_word' id='word_1_79' title='bbox 534 1398 648 1460; x_wconf 74' lang='lat' dir='ltr'><strong>megne</strong></span> <span class='ocrx_word' id='word_1_80' title='bbox 660 1385 749 1460; x_wconf 78' lang='lat' dir='ltr'><strong>perte</strong></span> <span class='ocrx_word' id='word_1_81' title='bbox 767 1377 922 1438; x_wconf 74' lang='lat' dir='ltr'><strong>eeclesiae</strong></span> <span class='ocrx_word' id='word_1_82' title='bbox 940 1378 990 1438; x_wconf 86' lang='lat' dir='ltr'><strong>sie</strong></span> <span class='ocrx_word' id='word_1_83' title='bbox 1010 1378 1062 1438; x_wconf 79' lang='lat' dir='ltr'><strong>vel</strong></span> <span class='ocrx_word' id='word_1_84' title='bbox 1081 1379 1122 1438; x_wconf 83' lang='lat' dir='ltr'><strong>sie</strong></span> 
     </span>
     <span class='ocr_line' id='line_1_14' title="bbox 199 1460 1121 1541; baseline 0 -21"><span class='ocrx_word' id='word_1_85' title='bbox 199 1461 336 1539; x_wconf 85' lang='lat' dir='ltr'><strong>sentiret,</strong></span> <span class='ocrx_word' id='word_1_86' title='bbox 359 1481 417 1522; x_wconf 85' lang='lat' dir='ltr'><strong>nee</strong></span> <span class='ocrx_word' id='word_1_87' title='bbox 439 1463 532 1522; x_wconf 85' lang='lat' dir='ltr'><strong>etiem</strong></span> <span class='ocrx_word' id='word_1_88' title='bbox 545 1469 670 1536; x_wconf 70' lang='lat' dir='ltr'><strong>erraret,</strong></span> <span class='ocrx_word' id='word_1_89' title='bbox 691 1460 792 1521; x_wconf 80' lang='lat' dir='ltr'><strong>edisne</strong></span> <span class='ocrx_word' id='word_1_90' title='bbox 806 1477 876 1529; x_wconf 82' lang='lat' dir='ltr'><strong>nen</strong></span> <span class='ocrx_word' id='word_1_91' title='bbox 893 1468 944 1520; x_wconf 90' lang='lat' dir='ltr'><strong>est</strong></span> <span class='ocrx_word' id='word_1_92' title='bbox 965 1467 1121 1541; x_wconf 83' lang='lat' dir='ltr'><strong>penestnm</strong></span> 
     </span>
     <span class='ocr_line' id='line_1_15' title="bbox 199 1543 1122 1624; baseline 0 -20"><span class='ocrx_word' id='word_1_93' title='bbox 199 1543 410 1605; x_wconf 83' lang='lat' dir='ltr'><strong>nuthsereeis</strong></span> <span class='ocrx_word' id='word_1_94' title='bbox 447 1546 632 1606; x_wconf 78' lang='lat' dir='ltr'><strong>eontrarium</strong></span> <span class='ocrx_word' id='word_1_95' title='bbox 667 1545 800 1621; x_wconf 81' lang='lat' dir='ltr'><strong>sentire,</strong></span> <span class='ocrx_word' id='word_1_96' title='bbox 837 1544 1023 1624; x_wconf 73' lang='lat' dir='ltr'><strong>praesertim</strong></span> <span class='ocrx_word' id='word_1_97' title='bbox 1043 1545 1074 1604; x_wconf 85' lang='lat' dir='ltr'><strong>in</strong></span> <span class='ocrx_word' id='word_1_98' title='bbox 1094 1563 1122 1604; x_wconf 88' lang='lat' dir='ltr'><strong>re</strong></span> 
     </span>
     <span class='ocr_line' id='line_1_16' title="bbox 199 1626 1122 1707; baseline 0.002 -20"><span class='ocrx_word' id='word_1_99' title='bbox 199 1645 262 1688; x_wconf 84' lang='lat' dir='ltr'><strong>nou</strong></span> <span class='ocrx_word' id='word_1_100' title='bbox 284 1629 459 1688; x_wconf 76' lang='lat' dir='ltr'><strong>necessarie</strong></span> <span class='ocrx_word' id='word_1_101' title='bbox 480 1627 519 1689; x_wconf 88' lang='lat' dir='ltr'><strong>ed</strong></span> <span class='ocrx_word' id='word_1_102' title='bbox 542 1627 689 1707; x_wconf 79' lang='lat' dir='ltr'><strong>sulutem,</strong></span> <span class='ocrx_word' id='word_1_103' title='bbox 720 1626 821 1689; x_wconf 85' lang='lat' dir='ltr'><strong>donee</strong></span> <span class='ocrx_word' id='word_1_104' title='bbox 842 1626 933 1688; x_wconf 82' lang='lat' dir='ltr'><strong>inerit</strong></span> <span class='ocrx_word' id='word_1_105' title='bbox 954 1642 1013 1706; x_wconf 86' lang='lat' dir='ltr'><strong>per</strong></span> <span class='ocrx_word' id='word_1_106' title='bbox 1027 1628 1122 1689; x_wconf 81' lang='lat' dir='ltr'><strong>ennoi-</strong></span> 
     </span>
     <span class='ocr_line' id='line_1_17' title="bbox 198 1708 1122 1853; baseline -0.001 -83"><span class='ocrx_word' id='word_1_107' title='bbox 198 1709 270 1853; x_wconf 72' lang='lat' dir='ltr'><strong>ibium</strong></span> <span class='ocrx_word' id='word_1_108' title='bbox 293 1711 467 1773; x_wconf 65' lang='lat' dir='ltr'><strong>universale</strong></span> <span class='ocrx_word' id='word_1_109' title='bbox 488 1710 618 1772; x_wconf 76' lang='lat' dir='ltr'><strong>alterum</strong></span> <span class='ocrx_word' id='word_1_110' title='bbox 639 1709 847 1792; x_wconf 70' lang='lat' dir='ltr'><strong>reprobatum,</strong></span> <span class='ocrx_word' id='word_1_111' title='bbox 868 1708 1002 1770; x_wconf 78' lang='lat' dir='ltr'><strong>alterum</strong></span> <span class='ocrx_word' id='word_1_112' title='bbox 1017 1728 1122 1792; x_wconf 75' lang='lat' dir='ltr'><strong>appro-</strong></span> 
     </span>
    </p>

    <p class='ocr_par' dir='ltr' id='par_1_5' title="bbox 218 1798 852 1856">
     <span class='ocr_line' id='line_1_18' title="bbox 218 1798 852 1856; baseline -0.003 -2"><span class='ocrx_word' id='word_1_113' title='bbox 218 1801 312 1856; x_wconf 81' lang='lat' dir='ltr'><strong>ntum.</strong></span> <span class='ocrx_word' id='word_1_114' title='bbox 849 1798 852 1803; x_wconf 87' lang='lat'>&#39;</span> 
     </span>
    </p>

    <p class='ocr_par' dir='ltr' id='par_1_6' title="bbox 198 1874 1123 2289">
     <span class='ocr_line' id='line_1_19' title="bbox 217 1874 1123 1957; baseline -0.001 -19"><span class='ocrx_word' id='word_1_115' title='bbox 217 1876 272 1957; x_wconf 79' lang='lat'><strong>29)</strong></span> <span class='ocrx_word' id='word_1_116' title='bbox 295 1877 396 1952; x_wconf 73' lang='lat' dir='ltr'><strong>Viae)</strong></span> <span class='ocrx_word' id='word_1_117' title='bbox 428 1878 518 1939; x_wconf 85' lang='lat' dir='ltr'><strong>nobie</strong></span> <span class='ocrx_word' id='word_1_118' title='bbox 548 1876 631 1938; x_wconf 73' lang='lat' dir='ltr'><strong>seete</strong></span> <span class='ocrx_word' id='word_1_119' title='bbox 650 1883 700 1938; x_wconf 86' lang='lat' dir='ltr'><strong>est</strong></span> <span class='ocrx_word' id='word_1_120' title='bbox 735 1874 898 1936; x_wconf 76' lang='lat' dir='ltr'><strong>ennrmndi</strong></span> <span class='ocrx_word' id='word_1_121' title='bbox 928 1877 1123 1937; x_wconf 65' lang='lat' dir='ltr'><strong>autoritatem</strong></span> 
     </span>
     <span class='ocr_line' id='line_1_20' title="bbox 199 1957 1123 2041; baseline 0.001 -22"><span class='ocrx_word' id='word_1_122' title='bbox 199 1960 419 2038; x_wconf 88' lang='lat' dir='ltr'><strong>eoneiliorum,</strong></span> <span class='ocrx_word' id='word_1_123' title='bbox 457 1967 490 2021; x_wconf 85' lang='lat' dir='ltr'><strong>et</strong></span> <span class='ocrx_word' id='word_1_124' title='bbox 511 1959 621 2021; x_wconf 87' lang='lat' dir='ltr'><strong>iibere·</strong></span> <span class='ocrx_word' id='word_1_125' title='bbox 636 1957 866 2021; x_wconf 83' lang='lat' dir='ltr'><strong>eontmdieendi</strong></span> <span class='ocrx_word' id='word_1_126' title='bbox 888 1974 999 2020; x_wconf 81' lang='lat' dir='ltr'><strong>eornm</strong></span> <span class='ocrx_word' id='word_1_127' title='bbox 1021 1960 1123 2041; x_wconf 65' lang='lat' dir='ltr'><strong>g&#39;ss&#39;tiq</strong></span> 
     </span>
     <span class='ocr_line' id='line_1_21' title="bbox 198 2039 1123 2122; baseline 0.003 -22"><span class='ocrx_word' id='word_1_128' title='bbox 198 2050 230 2102; x_wconf 87' lang='lat' dir='ltr'><strong>et</strong></span> <span class='ocrx_word' id='word_1_129' title='bbox 251 2041 407 2104; x_wconf 82' lang='lat' dir='ltr'><strong>iudicandi</strong></span> <span class='ocrx_word' id='word_1_130' title='bbox 444 2062 550 2105; x_wconf 85' lang='lat' dir='ltr'><strong>eorum</strong></span> <span class='ocrx_word' id='word_1_131' title='bbox 572 2042 713 2122; x_wconf 80' lang='lat' dir='ltr'><strong>deeretn,</strong></span> <span class='ocrx_word' id='word_1_132' title='bbox 746 2048 777 2102; x_wconf 90' lang='lat' dir='ltr'><strong>et</strong></span> <span class='ocrx_word' id='word_1_133' title='bbox 809 2039 1007 2103; x_wconf 83' lang='lat' dir='ltr'><strong>eenfldenter</strong></span> <span class='ocrx_word' id='word_1_134' title='bbox 1034 2040 1123 2109; x_wconf 67' lang='lat' dir='ltr'><strong>eenn-</strong></span> 
     </span>
     <span class='ocr_line' id='line_1_22' title="bbox 198 2124 1123 2206; baseline 0.002 -22"><span class='ocrx_word' id='word_1_135' title='bbox 198 2125 292 2202; x_wconf 73' lang='lat' dir='ltr'><strong>teum,</strong></span> <span class='ocrx_word' id='word_1_136' title='bbox 315 2125 461 2206; x_wconf 91' lang='lat' dir='ltr'><strong>quidquid</strong></span> <span class='ocrx_word' id='word_1_137' title='bbox 486 2145 589 2187; x_wconf 84' lang='lat' dir='ltr'><strong>rernm</strong></span> <span class='ocrx_word' id='word_1_138' title='bbox 607 2125 735 2203; x_wconf 82' lang='lat' dir='ltr'><strong>videtur,</strong></span> <span class='ocrx_word' id='word_1_139' title='bbox 757 2126 823 2186; x_wconf 85' lang='lat' dir='ltr'><strong>sive</strong></span> <span class='ocrx_word' id='word_1_140' title='bbox 843 2124 1123 2206; x_wconf 75' lang='lat' dir='ltr'><strong>probetumiuerit,</strong></span> 
     </span>
     <span class='ocr_line' id='line_1_23' title="bbox 200 2207 1050 2289; baseline 0.001 -23"><span class='ocrx_word' id='word_1_141' title='bbox 200 2209 266 2268; x_wconf 83' lang='lat' dir='ltr'><strong>sive</strong></span> <span class='ocrx_word' id='word_1_142' title='bbox 287 2209 483 2288; x_wconf 69' lang='lat' dir='ltr'><strong>reprobatum</strong></span> <span class='ocrx_word' id='word_1_143' title='bbox 506 2229 524 2270; x_wconf 87' lang='lat' dir='ltr'><strong>e</strong></span> <span class='ocrx_word' id='word_1_144' title='bbox 547 2228 731 2289; x_wconf 89' lang='lat' dir='ltr'><strong>quoeunque</strong></span> <span class='ocrx_word' id='word_1_145' title='bbox 753 2207 897 2269; x_wconf 76' lang='lat' dir='ltr'><strong>coneilio.</strong></span> <span class='ocrx_word' id='word_1_146' title='bbox 1047 2230 1050 2235; x_wconf 93' lang='lat'>·</span> 
     </span>
    </p>

    <p class='ocr_par' dir='ltr' id='par_1_7' title="bbox 241 2289 1123 2454">
     <span class='ocr_line' id='line_1_24' title="bbox 241 2289 1123 2372; baseline 0.001 -22"><span class='ocrx_word' id='word_1_147' title='bbox 241 2294 280 2371; x_wconf 79' lang='lat' dir='ltr'><strong>g)</strong></span> <span class='ocrx_word' id='word_1_148' title='bbox 304 2290 416 2352; x_wconf 84' lang='lat' dir='ltr'><strong>Lector</strong></span> <span class='ocrx_word' id='word_1_149' title='bbox 438 2293 536 2372; x_wconf 85' lang='lat' dir='ltr'><strong>ipsum</strong></span> <span class='ocrx_word' id='word_1_150' title='bbox 560 2292 610 2352; x_wconf 86' lang='lat' dir='ltr'><strong>hie</strong></span> <span class='ocrx_word' id='word_1_151' title='bbox 631 2292 795 2352; x_wconf 86' lang='lat' dir='ltr'><strong>Lutherum</strong></span> <span class='ocrx_word' id='word_1_152' title='bbox 817 2289 937 2369; x_wconf 77' lang='lat' dir='ltr'><strong>audiet,</strong></span> <span class='ocrx_word' id='word_1_153' title='bbox 961 2310 1028 2352; x_wconf 81' lang='lat' dir='ltr'><strong>rem</strong></span> <span class='ocrx_word' id='word_1_154' title='bbox 1052 2292 1123 2353; x_wconf 76' lang='lat' dir='ltr'><strong>bene</strong></span> 
     </span>
     <span class='ocr_line' id='line_1_25' title="bbox 241 2372 935 2454; baseline 0.006 -22"><span class='ocrx_word' id='word_1_155' title='bbox 241 2373 462 2454; x_wconf 78' lang='lat' dir='ltr'><strong>disserentem,</strong></span> <span class='ocrx_word' id='word_1_156' title='bbox 485 2394 547 2435; x_wconf 89' lang='lat' dir='ltr'><strong>non</strong></span> <span class='ocrx_word' id='word_1_157' title='bbox 571 2384 656 2436; x_wconf 84' lang='lat' dir='ltr'><strong>euret</strong></span> <span class='ocrx_word' id='word_1_158' title='bbox 671 2374 875 2454; x_wconf 80' lang='lat' dir='ltr'><strong>&#39;deoerptoree</strong></span> <span class='ocrx_word' id='word_1_159' title='bbox 890 2372 935 2452; x_wconf 85' lang='lat'><strong>¹).</strong></span> 
     </span>
    </p>

    <p class='ocr_par' dir='ltr' id='par_1_8' title="bbox 194 2455 1122 2768">
     <span class='ocr_line' id='line_1_26' title="bbox 218 2455 1122 2538; baseline -0.001 -18"><span class='ocrx_word' id='word_1_160' title='bbox 218 2456 279 2538; x_wconf 84' lang='lat'><strong>30)</strong></span> <span class='ocrx_word' id='word_1_161' title='bbox 294 2457 399 2536; x_wconf 85' lang='lat' dir='ltr'><strong>Aliqui</strong></span> <span class='ocrx_word' id='word_1_162' title='bbox 420 2458 539 2519; x_wconf 86' lang='lat' dir='ltr'><strong>ertieuii</strong></span> <span class='ocrx_word' id='word_1_163' title='bbox 552 2455 588 2533; x_wconf 83' lang='lat' dir='ltr'><strong>h)</strong></span> <span class='ocrx_word' id='word_1_164' title='bbox 613 2458 759 2519; x_wconf 75' lang='lat' dir='ltr'><strong>lobannis</strong></span> <span class='ocrx_word' id='word_1_165' title='bbox 772 2456 853 2517; x_wconf 84' lang='lat' dir='ltr'><strong>Huss</strong></span> <span class='ocrx_word' id='word_1_166' title='bbox 875 2455 1080 2519; x_wconf 76' lang='lat' dir='ltr'><strong>condemnati</strong></span> <span class='ocrx_word' id='word_1_167' title='bbox 1098 2459 1122 2518; x_wconf 89' lang='lat' dir='ltr'><strong>in</strong></span> 
     </span>
     <span class='ocr_line' id='line_1_27' title="bbox 197 2539 1122 2618; baseline 0.008 -19"><span class='ocrx_word' id='word_1_168' title='bbox 197 2539 331 2601; x_wconf 79' lang='lat' dir='ltr'><strong>coneilio</strong></span> <span class='ocrx_word' id='word_1_169' title='bbox 349 2540 580 2602; x_wconf 78' lang='lat' dir='ltr'><strong>Constantiensi</strong></span> <span class='ocrx_word' id='word_1_170' title='bbox 593 2547 665 2603; x_wconf 82' lang='lat' dir='ltr'><strong>sunt</strong></span> <span class='ocrx_word' id='word_1_171' title='bbox 680 2540 941 2618; x_wconf 74' lang='lat' dir='ltr'><strong>christianissimi,</strong></span> <span class='ocrx_word' id='word_1_172' title='bbox 967 2541 1122 2607; x_wconf 75' lang='lat' dir='ltr'><strong>verissim.</strong></span> 
     </span>
     <span class='ocr_line' id='line_1_28' title="bbox 194 2622 1121 2764; baseline -0.002 -80"><span class='ocrx_word' id='word_1_173' title='bbox 194 2629 229 2764; x_wconf 59' lang='lat' dir='ltr'><strong>(qt</strong></span> <span class='ocrx_word' id='word_1_174' title='bbox 251 2624 442 2705; x_wconf 84' lang='lat' dir='ltr'><strong>evangeiiei,</strong></span> <span class='ocrx_word' id='word_1_175' title='bbox 473 2642 551 2703; x_wconf 88' lang='lat' dir='ltr'><strong>quos</strong></span> <span class='ocrx_word' id='word_1_176' title='bbox 580 2643 638 2684; x_wconf 88' lang='lat' dir='ltr'><strong>nee</strong></span> <span class='ocrx_word' id='word_1_177' title='bbox 658 2623 840 2685; x_wconf 83' lang='lat' dir='ltr'><strong>universalis</strong></span> <span class='ocrx_word' id='word_1_178' title='bbox 862 2622 1000 2684; x_wconf 83' lang='lat' dir='ltr'><strong>eeeiesie</strong></span> <span class='ocrx_word' id='word_1_179' title='bbox 1021 2631 1121 2706; x_wconf 77' lang='lat' dir='ltr'><strong>posset</strong></span> 
     </span>
     <span class='ocr_line' id='line_1_29' title="bbox 217 2725 353 2768; baseline 0.015 -2"><span class='ocrx_word' id='word_1_180' title='bbox 217 2725 353 2768; x_wconf 84' lang='lat' dir='ltr'><strong>emnere.</strong></span> 
     </span>
    </p>

    <p class='ocr_par' dir='ltr' id='par_1_9' title="bbox 206 2788 1121 2868">
     <span class='ocr_line' id='line_1_30' title="bbox 206 2788 1121 2868; baseline 0.003 -19"><span class='ocrx_word' id='word_1_181' title='bbox 206 2818 209 2825; x_wconf 39' lang='lat' dir='ltr'><em>v</em></span> <span class='ocrx_word' id='word_1_182' title='bbox 235 2788 275 2863; x_wconf 91' lang='lat' dir='ltr'><strong>h)</strong></span> <span class='ocrx_word' id='word_1_183' title='bbox 293 2789 401 2868; x_wconf 82' lang='lat' dir='ltr'><strong>Neque</strong></span> <span class='ocrx_word' id='word_1_184' title='bbox 433 2809 495 2851; x_wconf 90' lang='lat' dir='ltr'><strong>non</strong></span> <span class='ocrx_word' id='word_1_185' title='bbox 529 2797 577 2852; x_wconf 85' lang='lat' dir='ltr'><strong>est</strong></span> <span class='ocrx_word' id='word_1_186' title='bbox 607 2789 669 2851; x_wconf 88' lang='lat' dir='ltr'><strong>hoo</strong></span> <span class='ocrx_word' id='word_1_187' title='bbox 699 2809 821 2866; x_wconf 84' lang='lat' dir='ltr'><strong>verum,</strong></span> <span class='ocrx_word' id='word_1_188' title='bbox 858 2795 913 2849; x_wconf 84' lang='lat' dir='ltr'><strong>eut</strong></span> <span class='ocrx_word' id='word_1_189' title='bbox 948 2789 1039 2852; x_wconf 85' lang='lat' dir='ltr'><strong>solus</strong></span> <span class='ocrx_word' id='word_1_190' title='bbox 1071 2789 1121 2852; x_wconf 82' lang='lat' dir='ltr'><strong>boo</strong></span> 
     </span>
    </p>

    <p class='ocr_par' dir='ltr' id='par_1_10' title="bbox 234 2870 1119 2955">
     <span class='ocr_line' id='line_1_31' title="bbox 234 2870 1119 2955; baseline 0.002 -24"><span class='ocrx_word' id='word_1_191' title='bbox 234 2870 382 2933; x_wconf 90' lang='lat' dir='ltr'><strong>Lutherus</strong></span> <span class='ocrx_word' id='word_1_192' title='bbox 405 2873 512 2946; x_wconf 82' lang='lat' dir='ltr'><strong>sentit,</strong></span> <span class='ocrx_word' id='word_1_193' title='bbox 541 2872 597 2933; x_wconf 88' lang='lat' dir='ltr'><strong>sed</strong></span> <span class='ocrx_word' id='word_1_194' title='bbox 620 2874 755 2954; x_wconf 88' lang='lat' dir='ltr'><strong>optimus</strong></span> <span class='ocrx_word' id='word_1_195' title='bbox 778 2873 909 2952; x_wconf 86' lang='lat' dir='ltr'><strong>quisque</strong></span> <span class='ocrx_word' id='word_1_196' title='bbox 931 2872 985 2934; x_wconf 85' lang='lat' dir='ltr'><strong>bie</strong></span> <span class='ocrx_word' id='word_1_197' title='bbox 1008 2873 1119 2955; x_wconf 73' lang='lat' dir='ltr'><strong>probet</strong></span> 
     </span>
    </p>

    <p class='ocr_par' dir='ltr' id='par_1_11' title="bbox 218 2953 1118 3114">
     <span class='ocr_line' id='line_1_32' title="bbox 234 2953 1118 3036; baseline 0.006 -23"><span class='ocrx_word' id='word_1_198' title='bbox 234 2953 335 3014; x_wconf 72' lang='lat' dir='ltr'><strong>Etiam</strong></span> <span class='ocrx_word' id='word_1_199' title='bbox 358 2964 406 3034; x_wconf 89' lang='lat' dir='ltr'><strong>tu,</strong></span> <span class='ocrx_word' id='word_1_200' title='bbox 430 2955 512 3034; x_wconf 90' lang='lat' dir='ltr'><strong>quod</strong></span> <span class='ocrx_word' id='word_1_201' title='bbox 534 2957 600 3017; x_wconf 85' lang='lat' dir='ltr'><strong>seio</strong></span> <span class='ocrx_word' id='word_1_202' title='bbox 614 2955 658 3033; x_wconf 85' lang='lat'><strong>²),</strong></span> <span class='ocrx_word' id='word_1_203' title='bbox 680 2955 827 3036; x_wconf 82' lang='lat' dir='ltr'><strong>probsree</strong></span> <span class='ocrx_word' id='word_1_204' title='bbox 848 2955 947 3015; x_wconf 76' lang='lat' dir='ltr'><strong>muita</strong></span> <span class='ocrx_word' id='word_1_205' title='bbox 970 2958 1041 3017; x_wconf 87' lang='lat' dir='ltr'><strong>eius</strong></span> <span class='ocrx_word' id='word_1_206' title='bbox 1062 2957 1118 3028; x_wconf 79' lang='lat' dir='ltr'><strong>viri,</strong></span> 
     </span>
     <span class='ocr_line' id='line_1_33' title="bbox 218 3037 1116 3114; baseline 0.006 -18"><span class='ocrx_word' id='word_1_207' title='bbox 218 3054 270 3097; x_wconf 82' lang='lat' dir='ltr'><strong>-ee</strong></span> <span class='ocrx_word' id='word_1_208' title='bbox 293 3037 363 3099; x_wconf 83' lang='lat' dir='ltr'><strong>ilios</strong></span> <span class='ocrx_word' id='word_1_209' title='bbox 382 3038 473 3100; x_wconf 76' lang='lat' dir='ltr'><strong>valde</strong></span> <span class='ocrx_word' id='word_1_210' title='bbox 494 3038 692 3101; x_wconf 78' lang='lat' dir='ltr'><strong>detestareris</strong></span> <span class='ocrx_word' id='word_1_211' title='bbox 715 3039 796 3099; x_wconf 81' lang='lat' dir='ltr'><strong>mele</strong></span> <span class='ocrx_word' id='word_1_212' title='bbox 815 3046 945 3099; x_wconf 86' lang='lat' dir='ltr'><strong>eoeetos</strong></span> <span class='ocrx_word' id='word_1_213' title='bbox 966 3040 1116 3114; x_wconf 74' lang='lat' dir='ltr'><strong>sitientes,</strong></span> 
     </span>
    </p>

    <p class='ocr_par' dir='ltr' id='par_1_12' title="bbox 233 3120 1117 3205">
     <span class='ocr_line' id='line_1_34' title="bbox 233 3120 1117 3205; baseline 0.003 -27"><span class='ocrx_word' id='word_1_214' title='bbox 233 3120 260 3178; x_wconf 90' lang='lat' dir='ltr'><strong>si</strong></span> <span class='ocrx_word' id='word_1_215' title='bbox 290 3123 340 3199; x_wconf 95' lang='lat' dir='ltr'><strong>qui</strong></span> <span class='ocrx_word' id='word_1_216' title='bbox 370 3129 400 3182; x_wconf 92' lang='lat' dir='ltr'><strong>te</strong></span> <span class='ocrx_word' id='word_1_217' title='bbox 427 3140 510 3182; x_wconf 90' lang='lat' dir='ltr'><strong>nune</strong></span> <span class='ocrx_word' id='word_1_218' title='bbox 533 3122 690 3183; x_wconf 75' lang='lat' dir='ltr'><strong>dementat</strong></span> <span class='ocrx_word' id='word_1_219' title='bbox 713 3120 836 3183; x_wconf 89' lang='lat' dir='ltr'><strong>morbus</strong></span> <span class='ocrx_word' id='word_1_220' title='bbox 860 3121 908 3182; x_wconf 87' lang='lat' dir='ltr'><strong>vei</strong></span> <span class='ocrx_word' id='word_1_221' title='bbox 941 3122 983 3183; x_wconf 84' lang='lat' dir='ltr'><strong>ed</strong></span> <span class='ocrx_word' id='word_1_222' title='bbox 1008 3129 1117 3205; x_wconf 74' lang='lat' dir='ltr'><strong>temore</strong></span> 
     </span>
    </p>

    <p class='ocr_par' dir='ltr' id='par_1_13' title="bbox 237 3200 450 3277">
     <span class='ocr_line' id='line_1_35' title="bbox 237 3200 450 3277; baseline 0.014 -16"><span class='ocrx_word' id='word_1_223' title='bbox 237 3200 450 3277; x_wconf 62' lang='lat' dir='ltr'><strong>desererem).</strong></span> 
     </span>
    </p>

    <p class='ocr_par' dir='ltr' id='par_1_14' title="bbox 208 3285 1030 3367">
     <span class='ocr_line' id='line_1_36' title="bbox 208 3285 1030 3367; baseline 0 -19"><span class='ocrx_word' id='word_1_224' title='bbox 208 3286 266 3359; x_wconf 83' lang='grc'>31)</span> <span class='ocrx_word' id='word_1_225' title='bbox 291 3285 323 3346; x_wconf 87' lang='lat' dir='ltr'><strong>ln</strong></span> <span class='ocrx_word' id='word_1_226' title='bbox 347 3288 431 3348; x_wconf 89' lang='lat' dir='ltr'><strong>omni</strong></span> <span class='ocrx_word' id='word_1_227' title='bbox 454 3305 548 3366; x_wconf 91' lang='lat' dir='ltr'><strong>opere</strong></span> <span class='ocrx_word' id='word_1_228' title='bbox 570 3286 655 3348; x_wconf 91' lang='lat' dir='ltr'><strong>bono</strong></span> <span class='ocrx_word' id='word_1_229' title='bbox 671 3288 768 3348; x_wconf 89' lang='lat' dir='ltr'><strong>iustus</strong></span> <span class='ocrx_word' id='word_1_230' title='bbox 791 3294 911 3367; x_wconf 84' lang='lat' dir='ltr'><strong>peeeet.</strong></span> <span class='ocrx_word' id='word_1_231' title='bbox 1027 3324 1030 3329; x_wconf 92' lang='lat'><em>-</em></span> 
     </span>
    </p>

    <p class='ocr_par' dir='ltr' id='par_1_15' title="bbox 188 3367 1115 3536">
     <span class='ocr_line' id='line_1_37' title="bbox 212 3367 1115 3452; baseline -0.002 -22"><span class='ocrx_word' id='word_1_232' title='bbox 212 3369 251 3430; x_wconf 85' lang='lat'><strong>32</strong></span> <span class='ocrx_word' id='word_1_233' title='bbox 261 3375 272 3437; x_wconf 88' lang='grc'>)</span> <span class='ocrx_word' id='word_1_234' title='bbox 282 3367 367 3449; x_wconf 82' lang='lat' dir='ltr'><strong>Opus</strong></span> <span class='ocrx_word' id='word_1_235' title='bbox 380 3369 495 3431; x_wconf 89' lang='lat' dir='ltr'><strong>bonum</strong></span> <span class='ocrx_word' id='word_1_236' title='bbox 505 3371 623 3450; x_wconf 85' lang='lat' dir='ltr'><strong>optime</strong></span> <span class='ocrx_word' id='word_1_237' title='bbox 634 3371 749 3431; x_wconf 71' lang='lat' dir='ltr'><strong>fretum</strong></span> <span class='ocrx_word' id='word_1_238' title='bbox 760 3378 808 3432; x_wconf 86' lang='lat' dir='ltr'><strong>est</strong></span> <span class='ocrx_word' id='word_1_239' title='bbox 820 3369 944 3432; x_wconf 78' lang='lat' dir='ltr'><strong>veniale</strong></span> <span class='ocrx_word' id='word_1_240' title='bbox 954 3381 1115 3452; x_wconf 73' lang='lat' dir='ltr'><strong>peeeetum</strong></span> 
     </span>
     <span class='ocr_line' id='line_1_38' title="bbox 188 3450 1115 3536; baseline -0.003 -23"><span class='ocrx_word' id='word_1_241' title='bbox 188 3451 228 3513; x_wconf 84' lang='lat'><strong>32</strong></span> <span class='ocrx_word' id='word_1_242' title='bbox 236 3450 431 3527; x_wconf 69' lang='lat' dir='ltr'><strong>&gt;Haeretieos</strong></span> <span class='ocrx_word' id='word_1_243' title='bbox 439 3453 577 3514; x_wconf 81' lang='lat' dir='ltr'><strong>comburi</strong></span> <span class='ocrx_word' id='word_1_244' title='bbox 586 3452 608 3530; x_wconf 85' lang='lat' dir='ltr'><strong>i)</strong></span> <span class='ocrx_word' id='word_1_245' title='bbox 622 3453 986 3517; x_wconf 77' lang='lat' dir='ltr'><strong>esteontrsvoluntstem</strong></span> <span class='ocrx_word' id='word_1_246' title='bbox 993 3456 1115 3536; x_wconf 76' lang='lat' dir='ltr'><strong>spiritus.</strong></span> 
     </span>
    </p>
   </div>
   <div class='ocr_carea' id='block_1_3' title="bbox 262 3639 1113 3706">
    <p class='ocr_par' dir='ltr' id='par_1_16' title="bbox 262 3639 1113 3706">
     <span class='ocr_line' id='line_1_39' title="bbox 262 3639 1113 3706; baseline 0.006 -14"><span class='ocrx_word' id='word_1_247' title='bbox 262 3639 289 3706; x_wconf 83' lang='lat'><strong>1)</strong></span> <span class='ocrx_word' id='word_1_248' title='bbox 308 3640 384 3694; x_wconf 84' lang='lat' dir='ltr'><strong>Heee</strong></span> <span class='ocrx_word' id='word_1_249' title='bbox 395 3650 458 3697; x_wconf 83' lang='lat' dir='ltr'><strong>nota</strong></span> <span class='ocrx_word' id='word_1_250' title='bbox 471 3646 498 3696; x_wconf 93' lang='lat' dir='ltr'><strong>in</strong></span> <span class='ocrx_word' id='word_1_251' title='bbox 513 3643 546 3696; x_wconf 89' lang='lat' dir='ltr'><strong>ed</strong></span> <span class='ocrx_word' id='word_1_252' title='bbox 578 3641 747 3695; x_wconf 77' lang='lat' dir='ltr'><strong>Munehiene</strong></span> <span class='ocrx_word' id='word_1_253' title='bbox 766 3639 861 3695; x_wconf 77' lang='lat' dir='ltr'><strong>addite</strong></span> <span class='ocrx_word' id='word_1_254' title='bbox 880 3644 922 3692; x_wconf 87' lang='lat' dir='ltr'><strong>est</strong></span> <span class='ocrx_word' id='word_1_255' title='bbox 934 3639 1113 3698; x_wconf 70' lang='lat' dir='ltr'><strong>Positinniib</strong></span> 
     </span>
    </p>
   </div>
   <div class='ocr_carea' id='block_1_4' title="bbox 184 3700 1114 3838">
    <p class='ocr_par' dir='ltr' id='par_1_17' title="bbox 184 3700 1114 3838">
     <span class='ocr_line' id='line_1_40' title="bbox 184 3700 1114 3838; baseline 0.004 -73"><span class='ocrx_word' id='word_1_256' title='bbox 184 3700 324 3838; x_wconf 55' lang='lat' dir='ltr'><strong>t2)0&#39;¹¹llibi²d9.:</strong></span> <span class='ocrx_word' id='word_1_257' title='bbox 357 3717 410 3766; x_wconf 87' lang='lat' dir='ltr'><strong>scis</strong></span> <span class='ocrx_word' id='word_1_258' title='bbox 477 3717 509 3781; x_wconf 87' lang='grc'>3)</span> <span class='ocrx_word' id='word_1_259' title='bbox 529 3713 636 3769; x_wconf 89' lang='lat' dir='ltr'><strong>Ibidem</strong></span> <span class='ocrx_word' id='word_1_260' title='bbox 669 3713 742 3767; x_wconf 83' lang='lat' dir='ltr'><strong>hese</strong></span> <span class='ocrx_word' id='word_1_261' title='bbox 769 3719 837 3788; x_wconf 81' lang='lat' dir='ltr'><strong>note</strong></span> <span class='ocrx_word' id='word_1_262' title='bbox 863 3710 960 3767; x_wconf 84' lang='lat' dir='ltr'><strong>sdditn</strong></span> <span class='ocrx_word' id='word_1_263' title='bbox 981 3722 1029 3771; x_wconf 86' lang='lat' dir='ltr'><strong>est</strong></span> <span class='ocrx_word' id='word_1_264' title='bbox 1054 3714 1114 3769; x_wconf 75' lang='lat' dir='ltr'><strong>Posi·</strong></span> 
     </span>
     <span class='ocr_line' id='line_1_41' title="bbox 196 3798 315 3832; baseline 0 0"><span class='ocrx_word' id='word_1_265' title='bbox 196 3798 204 3832; x_wconf 90' lang='lat'>1</span> <span class='ocrx_word' id='word_1_266' title='bbox 313 3827 315 3832; x_wconf 92' lang='lat'><em>.</em></span> 
     </span>
    </p>
   </div>
   <div class='ocr_carea' id='block_1_5' title="bbox 0 0 1185 4208">
    <p class='ocr_par' dir='ltr' id='par_1_18' title="bbox 0 0 1185 4208">
     <span class='ocr_line' id='line_1_42' title="bbox 0 0 1185 4208; baseline 0 0"><span class='ocrx_word' id='word_1_267' title='bbox 0 0 1185 4208; x_wconf 95' lang='lat' dir='ltr'><strong> </strong></span> 
     </span>
    </p>
   </div>
  </div>
 </body>
</html>
