2346 4208
408 259 505 315 contra
523 278 632 316 errores
653 255 686 317 ll.
705 254 787 320 Luco.
997 242 1060 328 289

131 451 283 525 paternae
306 447 443 509 caritatis
466 449 642 527 omisimus,
675 454 708 509 ut
730 468 799 510 eum
822 448 861 509 ab
884 449 1059 519 huiusmodi

133 528 290 589 erroribus
312 531 548 592 revocaremus?
566 532 733 611 Postquam
758 532 838 592 enim
861 532 960 612 ipsum
985 536 1057 595 cita-

131 611 243 691 vimus,
267 613 368 673 mitius
379 614 411 694 b)
427 633 495 674 cum
511 632 549 675 eo
558 614 728 695 procedere
744 614 894 692 volentes,
916 614 1001 675 illum
1014 618 1057 676 in-

131 694 297 754 vitavimus
320 704 412 776 atque
441 706 502 758 tam
537 717 593 778 per
625 697 764 759 diversos
793 703 955 776 tractatus,
987 719 1057 760 cum

129 775 291 920 tegscocp
315 787 421 840 nostro
444 780 587 858 habitos,
620 799 711 860 quam
734 800 789 861 per
810 780 914 841 literas
937 792 1057 843 nostras

130 859 247 920 hortati
280 863 396 941 aimus,
419 869 451 922 ut
472 883 492 923 a
512 862 677 944 praedictis
700 862 854 925 erroribus
876 863 1056 943 discederet,

129 949 187 1003 aut
208 941 248 1002 ad
270 943 379 1028 noel),
412 943 561 1030 oblatod)
586 948 676 1007 etiam
707 946 794 1008 salvo
819 945 991 1025 conductu,
1026 959 1057 1008 et

129 1027 305 1106 pecuniae)
329 1026 368 1088 ad
390 1030 448 1089 iter
469 1030 660 1107 necessaria,
684 1031 750 1091 sine
773 1027 909 1112 metus),
932 1030 998 1091 sine
1021 1033 1055 1091 ti-

129 1126 219 1169 more
240 1109 354 1190 aliquo,
378 1130 467 1190 quem
501 1109 678 1194 perfectae)
699 1113 809 1172 caritas
829 1112 911 1173 foras
935 1114 1058 1174 mittere

130 1190 254 1272 debuit,
289 1196 422 1272 veniret,
456 1214 494 1254 ac
522 1194 691 1257 salvatoris
725 1197 823 1256 nostri
862 1196 1057 1276 apostolique

129 1273 217 1334 Pauli
239 1274 426 1357 exemploh)
452 1297 515 1339 non
536 1278 568 1338 in
591 1277 771 1355 occultoi),
794 1277 847 1338 sed
870 1277 992 1358 palam,
1025 1288 1055 1339 et

128 1358 161 1416 in
183 1357 263 1418 lacie
286 1359 471 1439 loqueretur.
515 1360 605 1436 Quod
628 1364 653 1420 si
675 1361 814 1439 fecisset,
844 1379 900 1440 pro
923 1358 1051 1438 certok)

129 1446 163 1500 ut
184 1438 375 1521 arbitremur,
397 1440 435 1502 ad
461 1461 515 1503 cor
535 1463 676 1504 reversus
700 1462 820 1504 errores
845 1461 918 1503 suos
941 1463 1054 1525 cogno-

128 1522 237 1602 visset,
260 1522 352 1598 nael)
377 1527 407 1585 in
429 1526 570 1586 Romana
593 1525 694 1605 Curia,
717 1545 807 1605 quam
831 1533 992 1606 tantopere
1004 1546 1053 1587 va-

127 1606 178 1667 ais
202 1606 424 1668 malevolorum
447 1607 620 1669 rumoribus
644 1609 826 1689 plusquam
850 1611 986 1689 oportuit
1006 1611 1054 1669 tri-

126 1687 253 1750 buendo
276 1691 437 1770 vituperat,
459 1697 506 1752 tot
516 1693 682 1773 reperisset
698 1698 807 1770 errata,
830 1690 1053 1752 docuissemus-

125 1790 188 1850 que
210 1791 280 1833 eum
302 1772 372 1833 luce
394 1773 521 1852 alariae,
555 1781 679 1836 sanctos
698 1774 856 1835 Romanos
877 1773 1053 1851 Pontifices,

125 1853 387 1917 Praedeceseores
410 1863 544 1936 nostros,
567 1875 646 1936 quos
667 1864 790 1938 praeter
803 1875 925 1918 omnem
948 1858 1051 1918 mode-

123 1938 217 1998 stiam
240 1938 387 2000 iniuricse
408 1938 533 2019 lecerat,
556 1941 587 2000 in
610 1940 672 2000 suis
695 1939 873 2001 Canonibus
896 1959 950 2001 seu
973 1941 1052 2002 Con-

123 2021 353 2101 stitutionibus,
375 2040 451 2102 quas
474 2022 615 2084 mordere
636 2025 750 2104 nititur,
772 2037 980 2102 nunquamm)
1008 2044 1052 2084 er·

121 2122 230 2182 rasse,
255 2105 327 2184 quia
348 2107 434 2165 iuxta
455 2104 640 2186 Prophetam
662 2107 773 2168 necin
796 2105 916 2167 Galaad
938 2108 1051 2181 resina,

121 2203 186 2249 nec
209 2189 345 2249 medicus
369 2187 465 2249 deest.

165 2275 203 2346 a)
228 2270 307 2332 Vide
329 2271 604 2333 mansuetudinem.
646 2272 753 2351 ltaque
787 2273 934 2352 agninum
964 2271 1048 2333 illum

166 2354 302 2415 balatum
325 2355 457 2431 simulat,
480 2356 531 2435 qui
553 2357 599 2414 sic
619 2355 763 2416 ferociter
783 2354 924 2435 rugiebat
947 2355 1050 2434 modo,

166 2446 200 2498 ut
222 2440 336 2499 tonitru
359 2439 445 2498 vocis
467 2458 542 2497 suae
565 2457 673 2498 omnes
696 2438 899 2502 conterrebat.

165 2521 203 2597 b)
230 2520 279 2580 Ah
303 2522 413 2599 mitius,
437 2521 524 2600 quasi
547 2520 657 2599 aliquis
679 2521 818 2600 ignoret,
841 2540 902 2600 quo
925 2540 1047 2602 proces-

166 2622 255 2664 surus
277 2603 380 2666 fueris·

165 2690 202 2764 c)
227 2686 327 2747 Etiam
350 2686 502 2767 posthac,
523 2685 677 2763 Luthere,
700 2705 739 2745 ne
762 2685 868 2745 credas
892 2686 956 2765 eis,
978 2705 1047 2747 cum

165 2770 262 2831 locuti
284 2770 396 2830 fuerint
432 2769 484 2829 tibi
506 2767 598 2834 bona.
641 2768 798 2829 Habitatio
829 2769 909 2829 enim
941 2789 1048 2831 eorum

165 2855 197 2914 in
222 2852 323 2913 medio
346 2852 419 2929 doli,
442 2860 473 2913 et
494 2853 659 2931 loquuntur
671 2850 793 2932 quidem
816 2870 885 2911 cum
905 2854 1047 2932 proximo

166 2955 224 2996 suo
247 2955 366 3016 pacem,
388 2935 470 2995 mala
491 2942 594 2995 autem
614 2937 645 2995 in
669 2934 810 2995 cordibus
833 2954 948 2995 eorum.

166 3019 205 3097 d)
230 3019 353 3079 Fatetur
374 3017 543 3103 periculum
566 3036 635 3078 esse
656 3020 688 3078 in
711 3036 847 3077 accessu.

166 3105 202 3180 e)
228 3101 362 3179 Scimus,
394 3099 519 3162 emebas
541 3101 673 3162 hominis
701 3102 902 3182 sanguinem,
936 3109 970 3162 ut
990 3121 1046 3182 pro

165 3185 254 3247 libitu
276 3192 329 3246 tuo
352 3183 535 3246 effunderes.

164 3267 191 3350 s)
213 3268 260 3328 Tu
283 3268 404 3347 quidem
428 3267 503 3327 nihil
525 3266 694 3343 metuebas,
715 3267 774 3326 nisi
796 3266 856 3327 hoc
871 3267 953 3345 quod
976 3286 1047 3328 eva

168 3353 223 3431 nit,
245 3371 308 3413 non
330 3370 525 3412 accessurum
548 3370 626 3410 eum.

164 3438 205 3514 g]
227 3435 323 3512 Nota,
357 3434 522 3515 perfectam
546 3435 703 3501 caritatem
740 3430 834 3494 habet
855 3430 927 3491 Leo.
971 3430 1045 3506 Quia

165 3518 260 3599 paulo
283 3525 355 3578 ante
376 3516 521 3578 credebat
543 3515 624 3578 hoc?

166 3602 205 3680 h)
230 3599 280 3663 Ab
304 3601 458 3679 exemplo.

196 3791 229 3856 1)
251 3790 281 3841 ln
299 3789 364 3842 edit.
382 3787 491 3841 lifinch.
510 3787 600 3841 deest:
620 3786 655 3840 ad
674 3801 735 3839 nos.

149 3895 242 3937 cumen
257 3905 308 3943 opp.
323 3894 350 3934 v.
361 3894 387 3933 Α.
402 3894 431 3933 ια
444 3893 485 3933 rer.
499 3892 549 3932 ma
563 3893 578 3932 1.
592 3904 611 3943 μ
628 3893 677 3933 vor,
688 3892 726 3932 rv.
834 3860 874 3921 19
