2346 4208
174 275 240 342 454
428 277 494 332 »vit
514 277 619 335 nonno
634 275 790 345 Quando
807 278 853 333 stt·

182 471 297 548 quanto
325 471 427 526 nterim
457 471 611 525 metemus
646 467 806 546 angustior
835 471 882 527 est
910 485 949 527 eo
977 464 1103 545 mundo,

178 553 209 612 iu
232 568 292 630 quo
315 550 375 608 iam
400 567 513 608 sumus.
1094 556 1096 560 ·

262 633 358 694 Recte
379 632 471 713 igitur
493 631 650 706 dixerunt,
687 632 737 712 qui
759 632 879 711 piorum
904 638 1033 692 mortem
1057 652 1101 692 re·

180 717 413 804 generationem
435 714 588 796 quandam
612 733 680 774 esso
695 713 810 788 dicunt,
835 721 865 783 et
885 715 965 776 insta
979 733 1103 796 quoque

180 802 210 861 in
233 801 354 880 piorum
380 799 558 858 memoriam
589 798 729 858 instituta
748 801 832 858 recte
855 799 973 858 natales
998 799 1102 878 appel·

180 885 289 944 lentur.
329 882 458 956 Verum,
493 882 564 961 quia
591 882 701 940 semita
730 882 836 940 mortis
865 883 1024 962 angustior
1047 888 1102 960 est,

179 966 250 1028 ideo
284 971 314 1026 et
347 965 428 1025 hano
457 965 550 1024 vitam
580 964 778 1042 ampliorem,
813 970 844 1024 et
863 965 948 1024 illam
969 963 1100 1025 futuram

178 1049 385 1130 angustiorem
408 1067 478 1107 esse
499 1047 646 1107 ducimus.

260 1130 336 1192 Fide
356 1131 447 1211 igitur
470 1127 731 1211 apprehendenda
752 1129 812 1188 ista
834 1136 926 1206 sunt,
948 1136 980 1190 et
1000 1138 1104 1210 potest

178 1215 268 1277 nobis
290 1213 434 1294 exemplo
459 1233 543 1291 esse,
578 1232 641 1293 qno
673 1209 870 1271 confirmetur
896 1213 950 1272 iilo
976 1213 1102 1275 infantis

178 1298 330 1361 nativitus.
365 1297 529 1377 Proposuit
551 1297 632 1356 enim
655 1303 775 1355 etcum
797 1295 1025 1357 similitudinem
1048 1312 1101 1358 no

106 1411 111 1420 ·
178 1381 227 1442 bis
248 1381 394 1442 Christus.
433 1380 552 1457 Mulier,
573 1379 673 1458 inquit
687 1375 736 1459 ³¹³),
759 1396 827 1438 cum
849 1379 939 1458 parit
961 1378 1101 1440 dolorem

178 1463 287 1542 habet,
315 1464 388 1543 quia
408 1464 493 1523 venit
513 1463 590 1522 hora
612 1463 695 1538 eius,
731 1479 800 1520 cum
822 1468 925 1522 autem
948 1465 1104 1542 pepererit

179 1567 323 1627 puerum,
358 1547 418 1606 iam
451 1565 513 1607 non
549 1545 688 1606 meminit
723 1545 902 1623 auxietatis,
937 1553 1103 1626 propterea

179 1630 260 1712 quod
285 1629 419 1711 gaudeat
439 1630 596 1689 hominem
619 1635 724 1687 notum
747 1645 816 1687 esse
837 1628 869 1686 in
892 1627 1019 1692 mundo
1051 1629 1105 1690 Sic

178 1714 209 1775 in
238 1720 337 1773 morte
359 1732 480 1794 quoque
515 1718 562 1771 est
586 1712 647 1771 hoc
674 1709 841 1790 periculum
866 1714 1019 1773 constanti
1041 1712 1103 1773 tide

179 1795 379 1871 subeundum,
404 1802 435 1856 et
455 1799 526 1855 sunt
548 1791 716 1854 devorandi
738 1791 782 1851 illi
802 1812 947 1874 angores,
968 1792 1100 1856 futurum

179 1881 259 1940 enim
284 1859 340 1953 est,
362 1880 446 1942 utin
469 1878 563 1959 longe
586 1876 839 1957 praestantiorem
862 1877 968 1954 vitam,'
987 1879 1018 1937 in
1042 1899 1102 1958 qua

175 1968 359 2054 perpetuum
383 1968 413 2021 et
435 1959 567 2020 solidum
590 1961 629 2019 sit
651 1956 806 2040 gaudium,
828 1961 912 2019 immi
935 1980 1047 2031 remus.

262 2045 397 2120 Quarto,
431 2063 523 2123 porro
553 2043 598 2102 sic
627 2048 658 2101 te
687 2042 858 2102 rectissime
888 1980 934 2103 ati
953 2043 1015 2104 hoc
1046 2045 1103 2105 iter

180 2127 407 2207 comparaveris
430 2126 581 2206 principio
604 2125 756 2201 omnium,
787 2126 811 2184 si
834 2123 1009 2187 confitearis
1032 2145 1101 2207 peo-

180 2217 248 2271 catu
272 2217 339 2283 tua,
362 2210 541 2290 praesertim
565 2228 616 2285 ea,
639 2226 716 2286 quae
738 2215 770 2268 te
792 2209 889 2289 magis
913 2211 1102 2289 excruciant,

179 2301 211 2354 et
232 2312 310 2371 quae
333 2298 394 2352 tum
411 2294 545 2352 maxime
566 2299 600 2351 se‘
622 2290 717 2349 menti
740 2288 888 2351 offerunt:
912 2292 986 2352 item
1008 2294 1033 2352 si
1056 2313 1102 2354 sa·

179 2383 367 2435 crementum
390 2377 528 2456 corporis
551 2380 581 2436 et
604 2373 762 2453 sanguinis
781 2373 905 2451 Christi,
927 2393 996 2434 cum
1019 2394 1098 2438 oom-

128 2469 132 2487 '
179 2457 270 2518 mode
299 2457 405 2519 haberi
426 2460 543 2539 possit,
576 2457 736 2536 suscipias.
779 2455 870 2531 Quod
898 2458 923 2517 si
946 2477 1008 2518 non
1031 2479 1100 2540 poa-

178 2543 218 2601 sit
238 2540 365 2620 haberi,
399 2540 510 2601 solatio
544 2547 647 2600 tamen
679 2539 740 2599 hoc
769 2559 837 2600 esse
859 2541 989 2620 poterit,
1018 2541 1100 2620 quod

178 2623 291 2684 habere
321 2626 421 2705 ipsum
451 2625 556 2704 cupias
586 2628 618 2683 et
647 2629 786 2703 exoptes.
829 2622 938 2702 Neque
959 2624 1039 2685 adeo
1064 2645 1102 2686 ea

177 2726 226 2767 res
257 2713 288 2767 te
321 2707 523 2768 conturbabit.
568 2705 619 2766 Sic
649 2707 730 2766 enim
753 2706 891 2766 Christus
918 2705 1006 2766 dicit:
1030 2707 1101 2768 Om-

178 2791 229 2850 nia
250 2789 387 2871 credenti
410 2796 481 2849 sunt
502 2788 670 2869 possibilis.
713 2789 822 2868 Neque
851 2790 932 2849 enim
961 2795 1033 2850 sunt
1055 2809 1100 2850 sa·

178 2880 335 2934 crementa
359 2873 451 2950 alind,
474 2891 563 2951 quam
578 2873 675 2952 signa,
698 2891 778 2951 quae
799 2871 891 2932 iidem
906 2872 1101 2953 confirmant,

178 2963 209 3016 et
230 2975 309 3036 quae
330 2975 388 3015 nos
410 2955 448 3016 ad
472 2954 656 3015 credendum
680 2956 826 3033 invitant,
864 2975 1005 3035 quaeque
1033 2959 1101 3016 sine

177 3039 237 3100 tide
259 3057 383 3118 prorsus
405 3039 480 3098 nihil
501 3044 640 3118 prosunt.
932 3034 939 3046 ’

125 3116 135 3133 ’
260 3120 391 3200 Quinto,
428 3122 489 3182 hoc
518 3127 619 3182 autem
651 3121 777 3182 omnino
800 3121 1018 3201 praestandum
1042 3130 1100 3199 est,

178 3225 218 3265 ns
240 3211 473 3265 contemnamus
490 3212 697 3279 sacramenta,
720 3204 775 3265 sed
798 3212 831 3264 ut
853 3224 891 3265 ea
905 3205 1099 3286 magnifacia-

177 3308 244 3348 mus
267 3295 306 3364 et
318 3307 531 3363 revereamur,
564 3295 595 3347 et
624 3293 689 3347 tuto
719 3289 756 3348 iis
783 3288 957 3349 innitamur.
1001 3288 1100 3352 Debe-

178 3372 347 3430 musenim
375 3372 420 3431 sic
442 3372 572 3448 sentire,
603 3371 699 3431 maius
735 3371 766 3432 in
799 3371 836 3430 iis
869 3390 938 3431 esse
967 3371 1100 3450 pondus,

177 3472 268 3533 quam
290 3454 340 3513 vel
361 3454 392 3513 in
406 3455 541 3532 peccatis
564 3454 687 3533 nostris,
710 3453 758 3516 vet
780 3460 880 3516 morte
901 3454 952 3514 vel
968 3454 1100 3535 interno,

177 3541 269 3615 atque
296 3536 343 3596 his
375 3556 449 3597 sane
479 3537 595 3616 opponi
617 3544 812 3598 sacramenta
831 3536 960 3615 debent,
997 3557 1099 3618 neque
1134 3601 1137 3606 ,

249 3802 282 3875 ·)¹
297 3801 397 3861 lotan
416 3801 460 3861 1⁶.
