2346 4208
119 260 184 327 140
392 259 549 329 Responsio
570 261 599 311 l).
618 260 654 315 li.
673 258 785 312 lutheri

121 450 212 511 etiam
236 449 359 527 hrturis,
386 449 590 527 undecunque
617 446 800 509 instantibus
829 453 863 506 et
882 447 1042 509 imminen-

120 532 201 594 tibus
223 533 390 592 animarum
405 532 548 612 periculis
566 530 721 591 custodire
743 537 775 590 et
794 532 883 606 tueri,
907 549 947 591 ac
968 538 1042 593 tran

123 616 279 696 quillitatis
303 623 442 695 tempore
464 614 598 675 salubria
612 633 798 694 praeparare
819 614 971 690 remedia,
992 634 1045 695 per

121 719 201 780 quae
221 699 458 779 irrumpentibus
481 698 595 758 morbis
618 697 730 758 dictum
745 716 872 777 gregem
898 718 919 757 a
941 705 1043 760 conta

119 784 214 865 gione
237 800 479 863 praeservemus.

182 865 280 928 'Cum
302 867 406 945 itaque
434 865 613 926 tractatulus
639 862 761 944 quidam
792 864 859 924 sive
885 882 993 925 sermo
1015 865 1045 925 in

121 950 240 1029 vulgari
273 948 420 1009 idiomate
453 948 492 1009 de
520 949 727 1008 sacratissimo
761 949 905 1027 corporis
935 947 1046 1009 Christi

122 1037 333 1107 sacramento,
360 1030 415 1092 sub
446 1032 571 1092 nomine
605 1039 636 1091 et
664 1031 866 1110 inscriptione
896 1031 1047 1092 Doctoris

119 1116 240 1178 Martini
283 1113 395 1175 Lnther
438 1115 684 1196 Augustiniensis
738 1119 846 1174 contra
884 1114 1048 1176 novissimi

121 1199 199 1260 sacri
220 1197 435 1258 Lateranensis
458 1197 611 1278 generalis
640 1196 762 1257 concilii
790 1203 909 1260 statuta
931 1198 1048 1279 passim

122 1301 178 1364 per
199 1282 353 1342 civitatem
382 1288 413 1341 et
442 1280 601 1341 diocoesin
627 1286 748 1341 nostras
775 1283 899 1360 publice
927 1281 1048 1346 venalis

123 1371 305 1445 exponatur,
327 1365 358 1424 in
381 1383 441 1443 quo
464 1364 544 1425 inter
557 1369 660 1425 cetera
683 1370 926 1444 comperiuntur,
948 1365 1048 1428 autori

122 1447 202 1510 illius
224 1447 383 1528 pulchrum
407 1446 637 1527 expediensque
665 1446 778 1523 videri,
806 1452 889 1531 quod
915 1449 1048 1514 ecclesis

122 1552 177 1613 per
197 1530 342 1612 generale
365 1531 528 1591 concilium
552 1537 716 1609 statueret,
750 1548 858 1596 omnes
887 1537 1048 1618 utriusque

121 1621 219 1676 status
248 1613 359 1675 Christi
387 1612 494 1674 fideles
523 1614 579 1673 snb
608 1622 735 1694 utraque
763 1620 869 1697 specie
899 1621 994 1700 panis
1021 1623 1048 1676 et

123 1699 188 1759 vini
211 1698 440 1780 communicari,
462 1703 496 1757 ut
517 1703 739 1758 sacramentum
764 1700 825 1760 hoc
847 1721 914 1763 non
937 1703 1046 1783 partia·

123 1782 192 1843 liter
219 1800 272 1841 seu
300 1800 356 1860 per
383 1786 504 1862 partes,
532 1780 586 1841 sed
615 1781 735 1861 integre
763 1783 874 1844 Christi
888 1784 1047 1847 'fidelibus

123 1866 361 1925 ministraretur:
385 1870 416 1924 et
437 1882 528 1943 quam
542 1864 672 1944 plurima
690 1863 759 1945 alia,
782 1886 861 1947 quae
877 1869 1047 1950 simplicio·

120 1947 204 2009 ribus
218 1945 248 2024 ¹)
283 1966 317 2007 se
345 1947 453 2006 unitati
482 1954 609 2007 sanctae
637 1945 810 2011 catholicae
838 1951 999 2014 ecelesiae
1019 1953 1047 2013 in

120 2030 377 2093 communicando
407 2029 462 2091 sub
500 2050 561 2090 una
588 2034 800 2094 tantummodo
830 2036 939 2115 specie
964 2036 1048 2116 panis

122 2114 384 2176 conformantibus
399 2112 555 2173 dubitandi
570 2114 725 2193 materiam
738 2119 820 2177 circa
841 2119 1048 2180 eucharistiae

123 2203 346 2259 sacramentum
370 2195 512 2276 illiusque
534 2198 741 2277 sumptionem
764 2201 937 2280 praebere,
967 2203 1048 2264 varis

123 2282 254 2360 denique
277 2279 424 2339 scandala
445 2289 477 2339 et
498 2280 664 2340 schismata
685 2281 715 2343 in
739 2284 794 2343 Dei
818 2285 975 2363 ecclesia,
999 2305 1048 2366 po-

123 2365 271 2425 tissimum
295 2362 432 2422 diocoesi
454 2371 577 2442 nostra,
614 2382 692 2442 quae
722 2368 808 2428 terris
840 2367 926 2428 illius
958 2369 1047 2430 soliis

121 2448 211 2508 matis
239 2452 270 2507 et
299 2444 435 2505 damnati
462 2448 574 2509 erroris
608 2448 710 2510 vicina
737 2450 873 2527 exsistit,
911 2455 1048 2514 excitare

144 2537 257 2593 ossent.

121 2551 142 2612 p
205 2612 270 2673 Nos
292 2610 407 2672 eisdem
439 2612 592 2672 scandalis
627 2620 658 2673 et
693 2615 835 2695 periculis
864 2620 1048 2695 praevenire

123 2698 279 2771 volentes,
307 2700 340 2755 ut
371 2702 527 2775 tenemur,
566 2698 750 2760 venerabilis
780 2698 917 2778 Capituli
955 2703 1048 2764 nostri

123 2778 303 2860 praehabito
334 2778 462 2838 consilio
486 2786 517 2840 et
538 2798 676 2856 assensu,
700 2782 841 2843 omnibus
864 2791 898 2843 et
921 2785 1048 2867 singulis

124 2863 255 2923 dominis
287 2860 476 2941 Abbatibus,
510 2862 714 2943 Praepositis,
751 2865 906 2943 Decanis,
946 2869 1048 2930 Archi·

124 2945 272 3022 diaconis,
294 2942 457 3022 Prioribus,
482 2944 676 3027 Guardianis,
692 2949 867 3026 Canonicis,
893 2950 1049 3031 Plebanis‚

124 3028 209 3089 verbi
231 3029 288 3089 Dei
310 3026 585 3110 Praedicatoribus,
608 3031 774 3110 Altaristis,
796 3031 1001 3110 Lecturistis,
1020 3054 1050 3098 cc

125 3111 357 3192 quibuscunque
368 3109 569 3192 Presbyteris,
591 3115 727 3194 Clericis,
750 3123 781 3175 et
795 3114 971 3196 Religionis
995 3139 1049 3182 non

125 3194 287 3274 exemptis,
311 3195 526 3275 neutriusque
548 3216 640 3258 sexus
664 3207 694 3260 et
719 3206 814 3259 status
839 3197 961 3263 Christi
985 3203 1049 3264 flde-

124 3277 218 3348 libns,
242 3280 272 3336 in
295 3277 406 3336 virtute
429 3286 555 3340 sanctae
586 3282 781 3343 obedientiae
804 3288 835 3341 et
857 3283 917 3344 sub
942 3287 1049 3366 poenis

125 3381 144 3421 a
172 3363 236 3421 iure
271 3360 391 3420 statutis
432 3360 565 3423 districte
598 3365 816 3446 praecipiendo
848 3367 1049 3433 mandamus:

126 3463 181 3507 vos
216 3462 289 3504 vero
319 3451 481 3524 exemptos
508 3447 537 3505 in
572 3447 643 3509 fidei
674 3449 847 3511 catholicae
879 3455 1050 3517 unitateet

127 3529 301 3590 sinceritate
323 3527 462 3587 viventes
486 3548 540 3608 per
562 3533 679 3593 viscera
701 3533 826 3594 Domini
860 3541 967 3600 nostri
992 3539 1050 3601 lesu

121 3653 333 3671 μ-κ-...ι--ι
342 3651 549 3663 -α--ι--η

197 3714 223 3780 1)
241 3711 272 3765 In
293 3710 335 3764 ed.
354 3709 412 3764 Jen.
439 3711 554 3782 legitur:
582 3722 607 3767 et
634 3731 704 3784 qliae
725 3731 808 3784 quam
837 3714 977 3782 plurimis
996 3723 1049 3776 sim·

126 3787 295 3859 plicioribns.
