2346 4208
389 287 482 342 super.
491 274 698 343 expurgatione
714 272 842 337 &dana
1005 269 1047 336 58

121 457 281 521 laboriose
301 457 488 538 disputasti?
522 458 591 540 Ego
624 477 699 520 vero
734 465 766 520 te
798 457 891 520 laudo
919 459 1050 541 pruden-

122 543 275 603 tissimum
299 541 539 622 disputatorem,
574 542 624 621 qui
654 543 837 603 tutissimam
865 541 918 605 tibi
948 543 1049 624 dispo

122 624 210 690 tandi
231 625 383 687 rationem
411 626 580 702 inveneris,
615 631 646 685 et
663 625 697 685 iu
720 624 841 687 Christo
871 625 1048 705 quaerendo

123 706 336 769 Elenchistam
365 708 580 784 Aristotelem,
625 709 762 770 sincerus
795 709 948 770 sincerum
983 710 1048 779 imi-¹

123 792 214 868 laris,
248 798 434 871 apertusque
457 797 615 872 apertum,
650 797 683 851 ut
703 791 844 852 alienatis
876 812 896 853 a
922 793 1050 873 propria

108 873 353 955 significatione
374 874 475 935 verbis
500 875 598 954 (quae
620 881 668 935 est
691 893 811 936 summa
831 874 913 936 illius
936 882 967 936 et
988 894 1050 937 una

122 958 238 1032 virtus)
264 964 372 1018 contra
394 956 572 1018 Chimaeras
594 977 724 1038 pugnes,
747 977 827 1038 quae
847 960 972 1020 referire
994 978 1047 1021 ne·

123 1046 255 1122 queant,
292 1041 414 1101 interim
436 1047 543 1120 aperte
571 1042 769 1101 consentiens
791 1041 913 1102 illorum
936 1040 1048 1119 verbis,

123 1143 195 1195 cum
226 1122 337 1204 quibus
367 1123 513 1203 disputas.
559 1122 639 1198 Quid
667 1124 774 1202 refert,
809 1124 893 1187 dorni
926 1124 1047 1203 sedeas,

123 1206 285 1287 triumphis
319 1213 350 1268 et
393 1207 517 1268 coronis
547 1210 577 1267 te
607 1206 735 1286 obruas,
774 1207 812 1278 de
842 1207 935 1268 larvis
963 1227 983 1268 a
1016 1211 1047 1270 ts

122 1289 204 1351 iistis
227 1295 258 1350 et
280 1290 376 1351 victis.
606 1342 609 1346 .

207 1372 276 1433 Hoc
298 1373 400 1453 potius
423 1371 652 1452 disputabatur,
676 1392 715 1433 an
738 1372 866 1435 liberum
888 1372 1047 1445 arbitrium¹

123 1461 199 1516 ante
220 1456 349 1537 gratiam
372 1475 434 1516 non
460 1455 560 1515 solum
583 1474 645 1516 non
676 1462 852 1530 mereretur,
875 1455 1046 1517 sedetiam

123 1545 271 1618 peccaret
291 1543 323 1602 et
344 1539 497 1617 iniquitati
519 1539 748 1618 propinquaret,
771 1538 842 1598 dnm
866 1539 981 1600 actioni
1001 1539 1047 1600 in,-

123 1620 233 1697 tendit,
255 1627 289 1681 ut
310 1627 382 1682 sunt
403 1621 487 1681 clara
508 1621 603 1682 verba
617 1621 788 1684 Carlstadii.
831 1620 920 1696 Quae
942 1623 968 1683 si
991 1640 1047 1684 no·

122 1703 207 1766 luisti
228 1705 419 1785 impugnare,
444 1722 497 1764 cur
518 1703 677 1766 obtulisti?
710 1723 763 1764 cur
791 1705 817 1764 si
845 1704 924 1765 falsa
951 1713 1047 1783 erant,

124 1787 329 1848 concessisti?
350 1807 404 1847 cur
425 1807 488 1847 uon
512 1787 620 1847 saltem
643 1806 746 1848 coram
770 1788 932 1866 mutivisti,
961 1806 1047 1866 prae·

122 1876 212 1931 sente
234 1872 342 1949 puerili
367 1870 420 1932 illo
436 1869 619 1945 Caristadio,
643 1877 726 1930 tuum
749 1889 812 1930 non
824 1871 972 1931 meritorii
994 1888 1046 1940 vo·

122 1952 280 2030 cabulum,
314 1972 406 2034 quem
434 1952 592 2014 absentem
628 1973 668 2014 ex
685 1953 880 2033 ingolstadio
904 1952 1047 2015 heroicus

122 2042 154 2096 et
183 2043 307 2116 apertus
342 2038 387 2097 vir
414 2035 493 2096 adeo
525 2036 757 2115 contempsisti
800 2035 890 2096 Nunc
924 2035 1047 2096 demum
1105 2093 1106 2096 ,

124 2125 199 2179 nata
221 2125 268 2180 est
289 2120 395 2199 glossa
418 2125 478 2196 tua,
502 2137 563 2198 qua
584 2119 727 2195 elaberis,
749 2138 839 2199 quam
853 2116 984 2198 Lipsiae,
1007 2137 1048 2178 ns

123 2203 297 2280 capereris,
320 2204 457 2262 sincerus
487 2210 518 2261 et
539 2209 663 2282 apertus
685 2201 795 2280 homo,
819 2203 909 2264 toties
931 2201 1047 2282 petitus

124 2284 259 2346 celabas.

208 2367 287 2428 Uror
308 2386 367 2447 ego
391 2368 541 2446 utrimque
572 2367 677 2443 nimis,
710 2374 740 2427 et
768 2369 916 2428 miserens
944 2367 986 2427 tui
1017 2372 1049 2441 et

124 2449 290 2532 indignans
323 2458 395 2509 tuae
425 2448 609 2510 maledictae
642 2451 845 2528 simulationi,
879 2450 986 2510 desine
1015 2454 1047 2509 tu

123 2533 284 2594 veritatem
308 2532 485 2613 theologiae
508 2551 663 2611 quaerere,
686 2531 802 2592 abolita
824 2540 871 2593 est
890 2532 966 2592 tides
989 2532 1043 2610 tui,

125 2616 166 2677 ad
209 2615 431 2697 sycophantam
466 2624 550 2676 tuum
585 2615 800 2691 Aristotelem,
835 2616 1048 2695 impiissimum

124 2701 205 2760 inter
226 2698 429 2778 philosophos
453 2699 673 2773 simulatorem,
701 2697 781 2773 redi,
811 2699 862 2776 qui
891 2715 1047 2776 uunquam

124 2783 155 2842 id
179 2783 278 2843 voluit
299 2782 402 2842 dicere
425 2782 531 2859 videri,
554 2800 632 2859 quae
656 2780 801 2840 dixisset:
831 2781 977 2860 Magister
998 2781 1049 2840 hic

124 2874 195 2926 tuus
218 2873 264 2924 est
287 2865 493 2946 dignissimus,
517 2884 535 2925 ο
560 2884 609 2924 me
631 2866 785 2938 miserum,
808 2862 891 2941 quod
913 2882 1047 2943 unquam

125 2948 200 3008 mihi
223 2950 353 3028 contigit
374 2955 473 3007 tecum
508 2967 577 3008 esse
601 2949 756 3027 quippiam
786 2947 912 3027 negotii.
956 2945 1047 3026 Spiri-

124 3039 175 3092 tus
197 3030 378 3111 disciplinae
401 3030 506 3110 effugit
517 3029 684 3108 fictionem,
708 3036 739 3089 ut
758 3029 829 3108 Sap.
848 3032 873 3091 1.
898 3028 1047 3102 scribitur,

127 3115 211 3175 etin
234 3114 438 3193 simplicitate,
460 3114 567 3192 inquit,
590 3112 691 3173 cordis
713 3113 851 3191 quaerite
872 3112 968 3172 illum.
1018 3190 1021 3194 Α

211 3195 290 3271 Quid
314 3203 344 3256 tu
369 3197 500 3271 miraris,
534 3197 699 3275 epistolas,
732 3214 871 3256 rumores
893 3203 925 3255 et
946 3194 1050 3255 omnia

127 3287 266 3340 monstra
300 3286 405 3340 secuta
439 3278 477 3338 ad
505 3279 585 3338 hanc
618 3279 770 3338 infelicem
801 3279 1049 3358 disputationem,

125 3363 298 3444 quaemihi
322 3361 465 3442 affingis?
486 3361 605 3435 Mirum,
629 3363 654 3420 si
669 3361 833 3440 quidquam
849 3360 920 3421 boni
944 3377 1049 3439 seque·

126 3453 214 3506 retur
236 3444 274 3504 ad
297 3445 377 3504 hauc
399 3445 574 3504 illusionem
589 3444 717 3524 Spiritus
740 3444 854 3519 Sancti,
876 3444 1048 3503 irrisionem

126 3529 275 3606 veritatis,
299 3534 508 3607 contemptum
532 3527 653 3588 Christi.
703 3527 802 3588 Unum
840 3535 869 3586 te
902 3545 974 3605 oro,
1010 3545 1050 3585 ne

128 3612 275 3690 deinceps
311 3612 353 3687 (si
388 3610 453 3670 lieri
476 3617 598 3689 potest)
631 3630 698 3670 cum
721 3611 851 3670 Martinc
885 3609 1049 3688 quidquam

126 3694 324 3771 reizhabeas,
354 3695 493 3775 poenitet
508 3713 571 3754 *me
600 3688 774 3754 libellorum
805 3699 914 3754 contra
935 3699 966 3753 ts
988 3691 1050 3752 edi-

128 3785 231 3840 tor-um
257 3777 327 3860 plus
350 3796 441 3859 quam
464 3776 582 3856 credas,
605 3795 664 3858 ego
689 3783 775 3838 tauto
796 3777 920 3858 grarim
943 3774 1052 3836 illusas
