2346 4208
120 260 186 328 230
457 261 601 314 nasutas
620 259 731 314 Lnthert

123 461 186 530 est,
220 469 303 530 quae
325 469 381 531 per
403 469 498 531 ope-ra
520 449 639 530 impleri
662 455 828 528 praecepta
851 447 963 523 docet,
986 466 1049 506 cum

124 541 196 596 ante
220 535 325 594 omnia
347 552 443 614 opera
472 540 616 612 oporteat
636 540 802 612 praecepta
824 551 895 592 cese
917 530 1052 610 impleta,

125 626 157 680 et
177 617 399 700 plenitudinem
423 627 590 695 sequantur
613 634 717 695 opera,
739 615 820 674 sicut
840 613 1013 675 audiemus.

208 718 249 779 Ut
270 725 372 778 autern
395 717 475 776 hanc
489 717 628 798 gratiam,
651 734 742 794 quam
764 717 794 774 in
813 715 937 776 Christo
963 713 1054 776 habet

123 801 251 862 interior·
275 800 561 876 illehcmonoster,
586 797 858 873 latiusvidearnua
883 798 1053 872 sciendum,

126 882 209 965 quod
233 885 316 944 Deus
348 886 378 943 in
401 886 496 943 veteri
518 884 718 943 'laetamento
753 882 809 942 sibi
840 881 1056 943 sanctificabat

126 986 219 1028 omne
244 968 481 1048 primogenitum
506 966 725 1026 masculinum:
750 971 877 1044 eratque
901 966 1052 1045 primoge-

126 1053 225 1110 nitura
248 1051 350 1130 magni
372 1051 469 1129 pretii,
495 1049 607 1128 duplici
631 1049 749 1109 honore
765 1067 839 1128 prae
854 1049 969 1109 ceteris
993 1047 1053 1128 pol-

127 1135 202 1208 lens,
227 1133 401 1193 sacerdotio
425 1141 457 1192 et
472 1152 577 1212 regno.
620 1130 695 1191 Erat
717 1133 797 1192 enim
821 1131 917 1192 frater
938 1132 1052 1211 primo·

125 1217 245 1296 genitus
267 1215 412 1276 sacerdos
435 1223 466 1275 ct
488 1216 628 1275 dominus
653 1217 788 1274 omnium
812 1214 959 1274 aliorum.

167 1315 235 1391 Qua
247 1315 345 1395 ligura
359 1315 496 1376 Christus
511 1321 773 1395 praemonstratus
791 1321 846 1394 est,
861 1335 949 1390 vere,
967 1317 1053 1376 unice

126 1399 346 1478 primogenitus
358 1398 415 1459 Dei
426 1392 523 1460 Patris
538 1406 568 1459 et
576 1398 702 1479 virginis
712 1399 835 1478 Mariae,
849 1418 988 1479 vereque
1001 1419 1053 1460 rex

126 1489 157 1542 ct
179 1481 334 1558 sacerdos,
357 1501 420 1542 non
443 1482 609 1543 secundum
634 1500 756 1542 carnem
781 1490 811 1542 et
830 1488 954 1543 terram.
976 1483 1052 1563 Reg-

127 1584 199 1625 num
223 1566 302 1625 enirn
333 1567 398 1624 eius
421 1586 484 1627 non
508 1572 554 1625 est
583 1564 621 1624 de
644 1565 704 1625 hoc
727 1563 857 1625 mundo:
888 1567 920 1625 in
955 1567 1052 1627 coele·

128 1647 223 1708 stibus
247 1655 278 1709 et
299 1648 504 1728 spiritualibus
517 1651 584 1728 ipse
600 1656 709 1727 regnat
732 1663 761 1708 ct
780 1655 953 1722 consecrat,
978 1668 1053 1728 quac

129 1737 201 1791 sunt
222 1732 345 1808 iustitia,
367 1733 491 1808 veritas,
516 1732 676 1810 sapientia,
699 1751 771 1812 pax,
792 1732 874 1790 salus
901 1741 950 1791 etc
984 1730 1052 1801 Non

130 1813 215 1893 qnod
244 1834 307 1875 non
331 1816 434 1873 omnia
465 1816 555 1876 etiam
580 1821 701 1874 terrena
724 1821 754 1874 et
775 1814 894 1874 inferne
916 1815 1054 1875 subiecta

130 1898 192 1957 sint
214 1898 242 1957 ei
269 1896 400 1975 (alioqui
423 1897 580 1976 quomodo
610 1904 718 1977 posset
745 1916 801 1957 nos
831 1896 869 1957 ab
893 1897 955 1957 illis
981 1897 1052 1958 tueri

125 1986 157 2042 et
182 1981 333 2058 salvare),
357 1979 411 2039 sed
434 1981 516 2059 quod
531 2000 593 2040 non
609 1981 702 2057 inpiis,
723 1999 782 2040 nec
804 2000 842 2039 ex
864 1980 901 2039 iis
924 2000 1051 2062 reg-num

127 2065 192 2123 eius
216 2069 346 2124 constet.

209 2165 254 2224 lta
281 2181 339 2224 nec
372 2163 577 2223 sacerdotium
608 2164 670 2222 eius
704 2164 845 2223 consistit
865 2164 896 2223 in
923 2166 1051 2225 vestium

129 2255 332 2327 gestuumque
362 2265 477 2326 pompa
506 2252 649 2323 externa,
686 2246 776 2324 quale
804 2247 859 2305 fuit
886 2247 1052 2308 humanum

128 2329 204 2389 illud
228 2330 360 2389 Aaronis
384 2335 414 2389 et
437 2336 573 2389 nostrum
590 2328 683 2389 hodie
699 2329 943 2389 ecclesiasticum
957 2351 1053 2391 sacer·

128 2412 260 2489 dotium,
284 2411 337 2471 sed
360 2413 390 2472 in
412 2412 636 2491 spiritualibus,
659 2432 713 2492 per
736 2414 866 2491 quaein
892 2415 993 2473 coelis
1014 2415 1052 2473 in·

128 2496 238 2556 visibili
262 2494 364 2556 officio
387 2514 443 2576 pro
467 2495 555 2555 nobis
579 2495 855 2575 interpellat’apud
869 2497 983 2573 Deum,
1006 2496 1053 2559 ibi·

128 2599 187 2657 que
210 2600 243 2639 se
265 2581 364 2659 ipsum
389 2577 479 2639 offert
501 2585 531 2638 et
561 2579 664 2638 omnia
697 2579 785 2653 lacit,
809 2597 889 2657 quac
913 2580 1052 2640 sacerdo

130 2669 190 2722 tem
215 2663 317 2722 lacere
341 2667 478 2740 oportet3
502 2662 579 2720 sicat
612 2681 680 2721 eum
704 2661 847 2724 describit
869 2662 986 2723 Paulus
1019 2661 1053 2722 ad

129 2745 268 2806 Ebraeos
300 2766 338 2804 ex
370 2744 468 2824 ligura
501 2743 719 2808 Melchisedck.
763 2744 840 2805 Nec
862 2746 966 2806 solum
1002 2763 1053 2827 pro

128 2829 216 2888 nobis
241 2835 308 2888 orat
330 2836 362 2887 et
383 2827 568 2906 interpellat,
591 2828 645 2887 sed
669 2835 700 2888 et
719 2829 799 2888 intus
816 2829 846 2887 in
869 2829 981 2908 spiritu
1001 2847 1053 2890 nos

128 2910 235 2986 docet,
258 2912 335 2970 vivis
358 2910 504 2970 doctrinis
527 2912 649 2990 spiritus
673 2912 729 2970 sui.
774 2910 860 2985 Quae
892 2910 955 2971 duo
988 2916 1054 2972 aunt

127 2995 251 3073 proprie
274 2993 376 3054 officia
398 2993 577 3071 sacerdotis,
601 2993 681 3072 quod
704 2995 734 3053 in
757 2993 931 3054 carnalibus
956 3015 1054 3055 sacer·

130 3076 252 3137 dotibus
272 3077 427 3157 figuratur,
450 3078 590 3156 precibus
605 3086 636 3137 et
647 3077 846 3137 concionibus
872 3077 1052 3139 visibilibus.

212 3182 478 3257 Quemadmodum
508 3189 609 3243 autern
644 3183 781 3242 Christus
812 3184 1055 3262 primogenitura

127 3285 184 3324 sua
208 3265 262 3324 has
297 3265 372 3325 duas
397 3264 560 3344 dignitates
594 3267 739 3338 obtinuit,
775 3267 814 3323 ita
854 3267 995 3345 impartit
1027 3273 1054 3327 ct

127 3367 305 3408 communes
329 3349 452 3408 easdem
468 3349 540 3408 lacit
563 3349 687 3409 cuilibet
710 3367 765 3407 sno
791 3348 881 3425 fideli,
900 3352 1053 3410 matrimo-

127 3432 168 3490 nii
191 3430 339 3510 praedicti
362 3432 446 3508 iure,
483 3450 542 3509 quo
571 3451 706 3511 sponsae
729 3440 814 3507 sunt„
851 3450 1053 3514 quaecunque

127 3516 232 3593 sponsi
260 3522 337 3576 sunt,
382 3514 460 3574 Hinc
483 3535 589 3574 ‹rnrnes
616 3516 646 3573 in
673 3515 792 3576 Christo
827 3535 933 3574 sumus
957 3535 1054 3576 sacer·

99 3632 102 3645 ·
126 3595 214 3657 dotes
238 3604 269 3657 et
289 3617 388 3678 reges,
411 3599 583 3677 quicunque
596 3600 625 3657 in
638 3597 789 3658 Christum
814 3597 979 3679 credimus,
1002 3599 1052 3660 sic

125 3686 159 3739 nt
190 3685 215 3742 l.
237 3680 302 3742 Pet.
331 3684 358 3744 2.
391 3681 475 3744 dicit:
511 3681 575 3741 Vos
609 3700 706 3760 genus
737 3682 885 3754 electum,
922 3682 1052 3763 populns

125 3764 346 3843 acquisitionis,
369 3764 574 3826 sacerdotium
592 3764 698 3847 regale
710 3772 741 3824 et
762 3785 891 3864 regnum
913 3764 1054 3829 sacerdo
