2346 4208
370 224 408 319 tle
426 264 540 334 negotio
557 262 679 319 Lnthori.
945 258 987 325 81

65 456 186 531 posset,
209 451 301 510 etiam
315 450 449 513 electos:
472 457 504 519 et
516 448 592 512 illud
604 449 701 510 Petri:
725 450 821 511 Erunt
835 449 915 510 inter
932 468 988 510 vos

65 533 206 631 magistri
228 532 402 612 mendaces,
425 536 476 613 qui
498 533 694 594 introducent
723 539 823 594 sectas
845 532 988 612 perditio·

65 617 125 713 nis,
148 624 180 677 et
203 617 290 678 multi
311 625 479 696 sequuntur
500 634 605 677 eornm
628 615 789 690 luxuriam,
812 617 871 675 et'
864 635 895 676 m
918 635 988 676 ava-

64 699 137 760 ritia
168 697 247 760 lictis
275 698 376 760 verbis
412 699 450 760 de
472 699 560 762 vobis
595 699 842 781 negotiabuntur.
886 700 989 776 Atque

64 780 174 843 nescio
197 800 223 843 ιι
214 781 403 843 Bohemrse
425 788 487 843 tam
510 783 596 844 obvii
619 784 689 861 sint,
713 802 805 861 quam
818 780 901 863 apud
922 801 989 860 vos,

66 882 198 962 qnorum
221 866 386 928 maledicta
413 872 444 926 et
470 866 730 947 sycophantias
722 886 753 926 ιιι
783 874 866 926 tuum
897 871 990 944 caput

66 947 270 1029 iampridem
294 950 465 1011 concitasti.

46 1045 48 1049 '
152 1029 293 1130 anam
315 1052 396 1093 nunc
421 1032 532 1094 odiosa
552 1032 676 1109 veritas,
698 1051 717 1092 o
741 1051 833 1111 quam
853 1030 990 1091 Christus

67 1114 210 1194 ubique
202 1115 328 1177 invisus.
370 1115 417 1175 Τιι
439 1115 541 1211 frater,
564 1116 637 1193 quis.
651 1115 802 1176 Christum
816 1113 989 1210 praedicas,

66 1217 132 1259 non
153 1197 310 1276 homines,
349 1216 410 1261 non
432 1218 451 1259 a
474 1199 534 1258 tuis
558 1197 672 1275 modo,
705 1197 874 1258 sedetiam
897 1216 917 1256 a
937 1215 990 1258 no·

66 1280 214 1343 stratibus
226 1281 408 1360 quibusdam
429 1282 602 1342 haereticus
627 1280 747 1341 diceris.
773 1280 836 1342 Sed
849 1281 990 1356 obsecro,

67 1365 227 1425 hanccnm
237 1364 358 1426 Christo
374 1364 592 1426 contumeliam
600 1356 731 1425 libenter
738 1365 864 1440 sustine,
873 1382 992 1423 memor

67 1448 204 1526 interim,
225 1447 308 1527 quod
330 1446 611 1527 spudhlatthaeum
634 1447 782 1525 loquitur:
808 1447 840 1508 si
862 1453 992 1542 pstrem-

67 1529 203 1591 familias
224 1530 400 1593 Beelzebub
422 1538 627 1608 vocaverunt,
664 1537 779 1609 quanto
818 1531 915 1610 magis
938 1529 991 1589 do·

69 1614 217 1675 mastinos
247 1615 328 1674 eius.
367 1615 507 1674 similiter
528 1621 559 1673 et
582 1612 664 1690 quod
686 1612 784 1673 Lucas
806 1614 856 1676 23
879 1612 992 1687 retulit,

68 1698 223 1765 numiam
246 1698 457 1778 propinquans
493 1697 582 1757 morti
613 1694 744 1757 diceret:
788 1695 857 1756 Si
849 1715 880 1755 ιιι
905 1657 992 1754 viridl

68 1781 156 1862 ligno
178 1780 241 1843 hoc
261 1781 416 1858 faciunt,¹
408 1801 438 1840 m
461 1779 548 1840 arido
571 1779 645 1858 quid
666 1777 740 1840 fiet?
773 1778 842 1838 Non
873 1784 921 1837 est
949 1777 992 1837 di·

68 1863 206 1945 scipulos
222 1883 315 1944 supra
326 1864 505 1944 magistrum
528 1883 626 1939 suum,
649 1880 749 1958 neque
771 1881 878 1922 servus
900 1879 992 1939 supro

69 1946 239 2008 dominum
282 1946 371 2021 Quae
400 1947 481 2007 servi
509 1946 575 2006 laus
603 1947 715 2023 maior,
746 1963 836 2023 quam
867 1950 993 2024 propter

69 2029 229 2095 dominum
252 2028 417 2091 maledicta
438 2029 517 2090 ferre
538 2036 570 2090 et
584 2027 753 2093 stimulos?

154 2112 248 2194 Ergo,
271 2115 311 2173 mi
334 2114 427 2174 frater
446 2113 585 2190 Martius,
608 2111 833 2173 confortarem
848 2111 993 2186 Domino,

69 2206 102 2259 et
125 2201 192 2258 esto
197 2134 357 2257 grobustus
380 2204 509 2257 venator
530 2195 878 2291 Pseudoqpostolorum.
910 2192 993 2254 Chri·

71 2288 137 2342 stus
160 2282 296 2342 veritatis
326 2280 389 2339 dux
420 2287 450 2340 et
480 2281 627 2359 magister
661 2280 691 2338 in
724 2278 899 2357 exemplum
922 2297 993 2336 ven·

71 2365 181 2425 dentes
203 2371 235 2423 et
257 2370 394 2424 ementes
418 2363 456 2423 de
480 2363 595 2441 templo
619 2363 721 2438 elicit,
752 2367 864 2422 utnos
887 2379 994 2439 sequa·

71 2468 140 2508 ιιιιιι
160 2448 291 2527 vestigia
314 2448 389 2507 eius.
416 2446 488 2506 Non
511 2446 563 2508 tibi
578 2445 676 2505 deerit
687 2445 834 2504 auxilium
851 2443 992 2523 desuper.

70 2532 150 2592 Sunt
184 2533 213 2591 in
239 2530 389 2590 Bohemia
416 2529 537 2609 plurimi
559 2528 666 2588 fideles
688 2528 755 2587 Deo
779 2536 810 2587 et
832 2529 912 2603 cari,
943 2528 993 2604 qui

70 2623 102 2677 te
125 2622 234 2674 noctes
256 2613 383 2692 diesque
406 2611 597 2674 orationibus
620 2611 774 2670 adiuvant.
823 2610 869 2670 Tu
900 2609 994 2669 modo

71 2698 126 2759 tibi
154 2698 213 2779 ipsi
246 2715 307 2757 non
336 2696 450 2759 desis.
479 2694 563 2755 Istud
592 2695 680 2767 volo,
711 2701 816 2753 cautus
850 2695 908 2771 ιιι,
945 2711 995 2767 ne,

70 2800 142 2841 cum
167 2779 319 2840 Christum
343 2778 583 2840 abAntiohristo
552 2740 755 2854 tvindioes,
778 2777 849 2836 sb
841 2794 910 2855 ipso
932 2793 995 2834 non

71 2862 362 2942 comprehendaris:
399 2863 482 2923 mille
511 2862 644 2923 nocendi
681 2859 774 2921 habet
801 2857 854 2919 ille
894 2876 996 2918 mores

71 2946 309 3025 insidiatorque,
343 2953 375 3006 ut
402 2946 468 3026 sagi
470 2952 527 3006 ttte
554 2946 585 3005 in
615 2945 745 3007 obscuro
768 2949 870 3002 rectos
893 2941 995 3002 corde.

73 3031 211 3092 Christus
234 3037 265 3089 te
288 3038 451 3090 conservet
472 3030 674 3102 incolumem,
704 3029 743 3086 mi
766 3026 912 3102 Martios,
941 3043 996 3120 pro

72 3116 160 3176 cuius
183 3113 254 3193 lege
276 3132 337 3173 oon
361 3112 516 3174 erubescis
539 3113 696 3187 homines,
725 3128 898 3190 magnaque
920 3108 997 3188 peri-

71 3197 143 3258 cula
165 3195 257 3258 subis.
303 3195 363 3257 Sed
386 3194 519 3271 confide,
543 3197 607 3255 veri
611 3203 656 3255 tas
611 3192 812 3255 tliberabit
834 3199 873 3253 te
908 3189 997 3276 Vale,

72 3280 181 3342 ethos
205 3279 330 3356 cultros,
353 3278 565 3339 munusculum
588 3278 632 3338 ιι
600 3285 687 3338 ateor
709 3278 871 3371 exiguum,
909 3238 997 3354 gratd

71 3364 196 3460 suscipe
218 3364 341 3441 animo,
364 3380 441 3443 quos
462 3362 575 3423 amoris
607 3369 637 3422 et
659 3359 855 3421 benevolent'
837 3368 897 3418 trae
919 3358 999 3417 inter

72 3466 132 3508 nos
164 3447 303 3508 sincerae
339 3448 450 3527 pignus
474 3465 543 3506 esse
566 3445 666 3507 velim
709 3444 822 3504 lterum
855 3441 941 3515 vale,
970 3446 1001 3499 et

73 3531 175 3612 gratia
197 3529 309 3591 Christi
333 3532 372 3589 sit
393 3536 494 3590 tecum
518 3547 650 3607 semper.

73 3613 186 3674 Datum
194 3611 324 3693 Pragae,
339 3611 474 3674 sabbato
485 3618 557 3691 post
566 3612 755 3671 Divisionem
767 3607 1000 3688 Apostolorum.

379 3696 470 3757 Anno
494 3695 534 3757 M.
557 3695 594 3756 D.
616 3693 695 3758 XIX.

101 3797 195 3836 nothart
210 3807 261 3847 opp.
277 3796 304 3836 V.
318 3797 345 3835 A.
361 3796 390 3836 ad
403 3796 444 3838 rat.
458 3796 507 3835 hist.
524 3796 574 3846 tp.
589 3797 638 3838 Vol.
652 3795 690 3836 tv.
798 3790 819 3855 6
