2346 4208
426 288 445 328 a
462 275 584 329 historiis
603 281 728 344 excepta.
783 326 785 331 ,
986 275 1048 342 113

144 459 252 520 nutibus
273 460 412 536 habetur,
435 470 498 521 nbn
521 481 588 520 sum
610 467 784 538 contentus,
807 479 876 519 eam
891 460 1046 524 mihiesse

143 541 283 619 redditam,
311 545 492 623 praeserb'm
523 542 646 622 quaudo
676 543 868 622 apostolatus
904 563 984 620 non,
1013 555 1047 605 ut

141 625 190 704 ipse
209 644 275 684 oum
297 629 360 687 suis
382 628 492 701 sentit,
515 626 672 707 dignitatis
693 644 808 685 nornen
830 627 878 703 sit,
901 626 956 686 sed
979 627 1045 687 offi-

141 709 175 784 cii,
195 717 225 768 ut
246 708 347 769 clarus
370 717 418 770 est
431 709 601 789 Apostolus
624 707 662 768 ad
685 709 845 771 Romanos
859 708 907 785 *),
930 719 962 769 et
982 709 1045 771 ubi-

139 809 200 869 que,
221 791 271 852 ubi
293 812 327 852 se
349 791 424 852 dicit
445 793 606 871 accepisse
627 793 758 871 gratiam
781 801 812 852 et
832 792 1042 870 apostolatum

138 873 388 935 adobediendum
412 874 493 935 fidei.
537 875 595 934 Est
625 876 706 934 eninr
733 875 894 954 apostolus
917 877 1045 935 nuncius
1147 935 1150 941 ,

138 957 212 1033 verbi,
234 965 267 1017 et
287 957 483 1038 apostolatus
497 977 552 1018 seu
574 957 787 1037 apostolorum
802 956 936 1017 officium
949 958 1044 1034 verbi,

137 1047 158 1099 st
174 1042 215 1100 sic
234 1041 267 1100 in
288 1043 384 1101 saeris
406 1040 502 1101 literis
539 1039 732 1120 apostolatus
764 1041 829 1099 sive
852 1040 1043 1100 administra-

137 1123 166 1183 tio
184 1123 245 1184 lere
274 1123 356 1184 idem
379 1132 484 1200 erunt3
517 1124 576 1183 nisi
604 1122 901 1183 administrationem
934 1123 1045 1184 intelli·

135 1217 175 1284 gat
193 1209 409 1267 contentiones
441 1207 580 1268 forenses
612 1205 651 1265 de
684 1196 777 1265 rebus
812 1206 1044 1284 temporalibus,

135 1288 351 1366 aeclesiasticis,
386 1309 465 1369 quae
495 1308 557 1349 non
586 1295 635 1349 est
661 1290 785 1367 proprie
816 1288 1041 1349 administratio

135 1373 299 1451 apostolica.
322 1373 435 1434 Fateor
456 1372 588 1451 quidem,
612 1373 637 1431 si
658 1373 718 1431 ista
741 1373 933 1450 permittatur
955 1371 1043 1432 liber-

79 1494 82 1505 ·
135 1454 347 1535 mingendi,
375 1454 548 1536 fingens1)
576 1464 607 1514 et
638 1473 697 1533 ego
721 1453 751 1514 S.
775 1455 950 1514 Johaunem
973 1473 1042 1514 esse

79 1568 83 1605 ;
135 1539 334 1599 ancellarium
362 1545 394 1598 et
425 1539 518 1599 alium
547 1538 723 1617 apostolum
752 1536 834 1596 aliud
866 1556 944 1596 esse.
982 1536 1042 1596 Sed

78 1664 82 1683 .
136 1618 323 1682 haecomnia
362 1640 426 1681 non
459 1627 529 1680 sunt
550 1621 622 1679 iuris
646 1618 749 1679 divini.
779 1619 946 1679 Evanescit
967 1639 1041 1700 ergo

78 1698 83 1747 ἶ
136 1705 302 1784 principium
324 1703 408 1777 illud,
431 1704 515 1783 quod
538 1704 695 1762 minimum
719 1704 750 1761 in
763 1704 934 1780 quantitate
955 1704 1039 1762 iacti-

78 1782 80 1837 ἱ
135 1793 197 1846 tatur
216 1787 262 1863 ²).
290 1788 331 1848 Et
353 1788 427 1847 satis
450 1786 593 1863 admiror,
617 1785 700 1865 quod
723 1785 874 1845 Dominus
899 1791 1041 1865 egregius

133 1887 219 1930 acras
241 1871 347 1931 literas
376 1872 419 1930 ita
448 1870 610 1945 exhorret,
640 1876 671 1928 et
691 1869 801 1956 laniem
824 1886 930 1928 eorum
953 1868 1039 1947 fugit,

133 1951 272 2014 divertens
294 1956 326 2013 in
348 1955 426 2014 istos
444 1953 603 2012 cuniculos
626 1951 801 2011 humanitus
823 1952 976 2011 inventos.

198 2035 332 2098 Proinde
354 2035 455 2096 adhue
476 2043 537 2095 stat
558 2036 705 2095 autoritas
727 2034 767 2093 ad
787 2033 934 2106 Corinth,
959 2032 1041 2112 qnod

130 2139 174 2196 pro
195 2120 363 2179 schismate
385 2118 523 2179 tollendo
546 2118 657 2176 Paulus
683 2117 735 2193 **)
774 2117 854 2177 tollit
876 2136 1041 2197 personam

128 2202 212 2283 Petri,
244 2203 348 2278 Pauli,
378 2201 492 2282 Apollo
516 2208 574 2261 etc.
599 2207 630 2259 et
652 2201 752 2259 solum
775 2200 926 2259 Christum
950 2200 1039 2259 relin-

128 2288 189 2363 quit,
212 2287 269 2346 sibi
293 2287 400 2345 relicto
415 2286 582 2345 ministerio
606 2283 756 2343 duntaxat
772 2283 866 2361 verbi,
892 2282 974 2362 quod
997 2293 1043 2342 est

128 2388 188 2428 vere
223 2370 418 2448 apostolatus
452 2377 483 2426 et
515 2368 737 2426 administratio
769 2367 928 2428 ecclesiae.
978 2366 1043 2425 Nec

125 2453 219 2519 valet,
246 2452 329 2530 quod
352 2452 433 2510 hano
460 2451 705 2511 robustissimam
729 2453 924 2509 autoritatem
948 2450 1045 2508 voluit

124 2534 288 2596 dissolvere
321 2534 432 2614 frigida
453 2535 513 2593 ista
534 2533 746 2609 similitudine,
780 2533 861 2611 quod
884 2535 1043 2612 provincia

122 2620 181 2678 sine
214 2621 318 2697 capite
346 2618 488 2696 exposita
523 2617 563 2675 sil
590 2616 804 2675 schismatibus
838 2625 869 2675 et
899 2616 1042 2695 periculis

123 2702 227 2780 multis,
253 2721 325 2760 nam
348 2720 410 2760 non
430 2700 550 2760 dabitur
562 2700 694 2759 eeclesia
707 2701 772 2759 sina
786 2701 896 2778 capite,
918 2698 1041 2776 quando

121 2784 270 2845 dabuntur
292 2785 377 2843 multi
401 2785 538 2862 episcopi
561 2784 628 2841 sine
649 2802 740 2862 papa.

199 2867 471 2942 Quemadmodum
495 2866 633 2925 videmus
647 2865 711 2925 fieri
734 2867 764 2923 in
783 2865 968 2941 foederibus,
992 2865 1041 2924 ubi
1134 2875 1140 2888 ·

122 2970 153 3010 eo
177 2950 335 3031 pulchrius
358 2949 607 3009 administrantur
628 2949 760 3029 respub„
784 2969 844 3026 quo
869 2950 967 3007 minus
991 2950 1041 3008 ha-

123 3034 188 3094 bent
210 3054 376 3094 commune
399 3040 503 3112 caput,
526 3032 670 3090 namhoc
692 3033 787 3091 estad
803 3032 935 3109 oculum,
959 3031 1041 3110 quod

123 3135 242 3196 regnum
265 3117 429 3190 Franciae,
458 3115 604 3195 Angliae,
628 3115 822 3190 Britanniae,
845 3114 987 3191 Galliae,
1012 3127 1042 3175 et

125 3199 303 3261 infinitorum
325 3201 356 3258 in
381 3199 505 3275 mundo,
528 3207 598 3256 sunt
620 3200 686 3257 sine
704 3201 858 3258 communi
878 3200 988 3277 eapite,
1011 3212 1042 3258 et

128 3290 218 3343 tamen
237 3303 300 3342 nou
320 3281 515 3356 colliduntur,
538 3280 675 3358 quolibet
696 3302 792 3360 regno
806 3301 861 3340 sno
885 3301 957 3360 rege
970 3301 1041 3341 eon-

129 3371 212 3427 tento.
237 3365 330 3440 Quod
353 3366 430 3424 siin
453 3366 489 3425 iis
513 3365 732 3442 temporalibus
756 3364 971 3424 fluctuantibus
996 3375 1042 3426 tot

138 3505 216 3518 *ἢν
239 3512 244 3516 -
266 3511 303 3516 -—-
337 3511 545 3516 --—---·-...-v-.-.-

171 3615 192 3669 ll
213 3608 292 3677 Apud
327 3610 526 3662 Loeseherum:
567 3611 708 3677 fingerem.
738 3611 769 3675 2)
803 3613 830 3662 ln
858 3612 899 3662 ed.
926 3611 985 3664 lan.
1014 3626 1040 3664 et

137 3681 192 3742 apul
223 3682 332 3735 loesch.
364 3681 457 3733 addita
488 3680 616 3748 leguntur
642 3683 723 3734 haec:
766 3687 792 3733 in
827 3687 925 3734 virtute
954 3688 1040 3735 maxi-

139 3764 157 3796 u

160 3766 196 3887 ¹11ln
209 3760 286 3877 ἔξω
309 3829 332 3875 1’.
372 3822 401 3887 *l
425 3826 450 3877 1.
471 3822 595 3877 Corinth.
617 3828 640 3879 l.

157 3921 232 3962 naen
242 3938 290 3971 ops.
311 3927 331 3962 ν,
344 3926 371 3962 Α,
386 3926 416 3961 au
427 3926 467 3963 ret:
481 3926 532 3966 um.
546 3929 561 3967 r.
575 3941 599 3978 ρ,
618 3931 665 3972 Vol.
675 3933 718 3973 m.
899 3907 919 3973 8
