2346 4208
391 235 426 289 de
445 235 567 306 digamia
585 239 789 308 episcoporum.
993 238 1063 305 365.

152 424 204 487 20.
228 421 279 499 Sic
298 431 329 484 et
361 423 510 486 diaconos
542 426 691 505 praecipit
720 427 809 486 unius
838 429 942 488 uxoris
970 430 1054 489 viros
1103 462 1107 472 ·

131 523 213 603 essa,
235 505 296 568 boc
319 515 378 584 est,
400 509 568 589 quemlibet
589 529 657 569 cum
679 528 735 569 sua
748 529 809 570 una
824 529 920 571 uxore
937 519 1054 572 castum

131 607 247 651 vivere.

152 673 204 736 21.
225 671 352 752 Alioqui
386 680 501 752 quanta
530 676 569 734 sit
605 674 778 736 absurditas
825 676 907 756 quod
941 678 1055 738 multos

130 753 282 816 ffiaoonos
307 757 396 816 unius
419 758 533 832 uxoris,
555 757 638 816 velut
659 760 829 819 communis
844 762 948 838 scorti,
971 762 1053 822 viros

130 856 202 898 esse
224 837 377 899 videretur
396 845 538 901 statuere.

152 922 204 985 22.
227 920 336 1000 Neque
367 922 479 982 Paulus
513 923 595 982 aliud
631 923 697 983 istis
736 924 855 986 duobus
896 926 1054 986 vocabulis

131 1004 241 1081 [unius
264 1005 386 1085 uxoris)
411 1006 569 1084 intelligit,
598 1025 688 1084 quam
712 1007 794 1085 quod
823 1009 916 1069 latine
938 1009 1054 1088 simpli-

128 1087 206 1148 citer
227 1086 362 1149 Uxorem
385 1087 523 1152 dicimus.

149 1171 201 1234 23.
225 1168 344 1231 Graece
373 1172 453 1231 enim
475 1168 555 1254 γυνή
585 1189 647 1231 non
679 1170 788 1232 dicitur
818 1174 941 1254 proprie
964 1194 1052 1250 uxor,

128 1252 299 1316 sedetiam
328 1254 436 1314 mulier
458 1255 488 1314 in
521 1273 653 1334 genere,
689 1256 949 1334 quemadmodum
972 1257 1052 1320 tunt

128 1355 314 1416 germanice.

147 1417 200 1484 24.
225 1417 281 1481 Ubi
305 1421 330 1479 si
359 1420 501 1496 dixisset,
530 1426 652 1501 oportet
684 1420 819 1480 mulieris
848 1441 917 1483 esse
946 1425 1054 1500 virum,

128 1519 193 1563 uon
215 1504 367 1580 potuisset
388 1502 427 1563 de
450 1522 547 1563 uxore
568 1503 717 1584 intelligi,
750 1511 781 1564 et
801 1503 978 1566 adversario
1002 1506 1052 1567 de·

127 1583 226 1646 disset
248 1585 412 1645 cavillandi
435 1587 643 1649 occasionem.

147 1671 199 1732 25.
224 1667 314 1746 ldeo,
348 1676 381 1729 ut
409 1688 536 1729 uxorem
568 1670 693 1749 proprie
723 1659 926 1750 siguificaiet,
964 1673 1052 1732 ouius

126 1750 264 1896 plnulieris
294 1753 405 1831 virum,
440 1771 520 1832 pene
554 1752 724 1832 periphrasi
756 1752 904 1832 quadam,
938 1754 1054 1834 placuit

148 1852 241 1897 rcere.

146 1919 197 1983 26.
221 1916 298 1977 Nam
331 1924 361 1977 et
390 1936 461 1977 usus
486 1915 661 1996 Scripturas
692 1917 801 1997 habet,
832 1917 988 1980 adulteros
1022 1928 1053 1981 at

125 2005 315 2061 scortatores
339 1998 398 2059 dici
420 1999 579 2060 mulierum
600 2001 701 2080 viros,
730 2001 836 2066 lohau.
858 2005 897 2065 4:
941 2001 1050 2081 Quem,

125 2084 237 2162 iuquit,
259 2084 318 2141 iam
340 2082 447 2162 habes,
467 2101 530 2144 non
553 2091 600 2144 est
621 2090 690 2144 tuus
713 2086 766 2148 vir.

147 2168 198 2230 27.
221 2165 273 2226 Sic
295 2167 411 2226 unitate
437 2168 541 2226 uxoris
569 2166 659 2226 simul
682 2167 885 2228 Christianam
913 2169 1047 2229 nubendi

125 2249 301 2310 libertatem
317 2250 479 2329 ,episcopis
499 2250 671 2329 confirmat,
693 2252 791 2332 magis
813 2258 915 2312 tamen
938 2272 1047 2333 vagam

125 2331 261 2404 libidinis
283 2332 436 2392 licentiam
460 2351 498 2394 eo
521 2333 616 2393 verbo
639 2333 790 2413 prohibet.

146 2416 197 2479 28.
221 2415 327 2477 Studio
361 2417 443 2475 enim
485 2417 665 2495 praevenire
696 2417 795 2476 voluit
828 2417 1047 2479 daemoniacas

124 2497 283 2559 doctrinas
320 2517 443 2576 eorum,
475 2499 526 2577 qui
549 2506 636 2558 erant
657 2501 779 2579 nuptias
801 2502 956 2580 episcopis
980 2521 1047 2580 pro·

124 2581 258 2642 bibituri.

147 2667 198 2728 29.
219 2664 294 2725 ldeo
318 2665 416 2724 visum
440 2672 487 2724 est
508 2663 650 2744 Spiritui,
673 2665 717 2724 sic
740 2663 860 2726 dicere:
883 2665 937 2724 Vir
959 2665 1047 2724 unius

124 2750 231 2836 uxoris
253 2749 301 2824 sit,
322 2749 425 2826 potius
448 2767 537 2826 quarn
561 2748 621 2807 sie:
644 2747 692 2808 Ne
713 2749 753 2807 sit
774 2747 910 2825 adulter,
932 2756 1045 2808 scorta·

124 2839 175 2892 tor
195 2840 249 2891 aut
270 2831 453 2890 immundus.

146 2916 196 2981 30.
220 2913 286 2975 Nec
308 2913 454 2974 defuisset
474 2913 580 2991 Paulo,
603 2913 719 2993 alioqui
737 2912 972 2994 componendae
995 2933 1046 2976 vo-

123 2998 170 3058 cis
199 2996 354 3075 studioso,
394 2998 486 3057 etiam
515 2997 576 3057 hoc
601 2997 673 3058 loco
696 3016 758 3058 vox
788 2998 980 3077 monogami,
1020 2999 1046 3057 si

122 3079 266 3161 digamos
288 3080 438 3140 voluisset
459 3080 613 3141 damnare.

146 3167 197 3228 31.
219 3161 346 3225 Scilicet
367 3163 582 3243 philagathon,
617 3162 808 3243 philoxenon
838 3172 869 3223 et
896 3162 926 3223 id
948 3183 1045 3245 genus

122 3246 221 3307 multa
243 3255 382 3326 usurpat,
416 3264 634 3326 monogamum
658 3252 759 3307 tamen
781 3247 872 3324 vitat,
905 3249 1044 3307 etunius

121 3330 229 3392 uxoris
252 3331 349 3389 virum
372 3329 488 3390 mavult
509 3330 620 3391 dicere.

143 3415 194 3478 32.
218 3413 257 3472 Ut
278 3432 342 3473 non
366 3413 404 3473 de
420 3412 632 3493 singularitate
648 3413 783 3493 coniugii
795 3418 848 3472 aut
860 3413 1044 3492 nuptiarum,

121 3495 179 3557 sed
210 3495 248 3555 de
280 3495 490 3576 singularitate
502 3524 509 3533 ἰ
530 3497 663 3557 mulieris
695 3514 748 3555 seu
783 3496 886 3574 uxoris
919 3503 1046 3576 cogeret

122 3597 194 3640 sese
216 3577 353 3657 intelligi.

144 3663 194 3726 33.
218 3661 409 3722 Vocabulum
431 3663 512 3722 anim
527 3662 652 3743 (unius)
681 3681 744 3723 non
767 3667 829 3722 tam
852 3659 1044 3738 affirmative,

121 3764 213 3825 quam
237 3746 381 3824 negative
404 3747 580 3806 necessario
603 3746 760 3826 accipitur.
