2346 4208
360 288 413 346 pru
432 275 634 330 Laborantibus
652 279 686 329 at'
698 273 837 331 Onerutls.
1003 271 1047 340 99

118 459 199 540 ‚quia
218 459 248 521 si
269 460 305 521 in
321 459 405 543 'l'yro
433 467 466 523 et
486 459 603 524 eidone
631 461 732 523 luctse
753 461 883 523 fuissent
906 461 1045 536 virtutes,

124 562 207 624 quas
228 542 329 605 laetae
358 551 432 606 sunt
461 544 620 623 invehis,
655 546 727 607 olim
758 547 787 604 in
816 542 919 604 cilicio
949 551 982 605 et
1013 544 1045 604 in

123 629 230 688 cinere
251 629 472 705 poenitentiam
496 629 641 709 egissent.
665 628 873 689 Veruntamen
895 626 969 689 dico
995 645 1048 687 vo·

122 709 183 787 bis,
197 708 288 789 -Tyro
317 718 348 771 et
375 709 484 772 Sidoni
513 712 671 772 remissius
709 712 767 771 erit
793 711 824 771 in
855 709 906 771 die
933 709 1046 787 iudicii,

123 811 219 872 quam
240 792 340 854 vobis.
383 793 450 854 Vae
473 794 525 856 tibi
549 793 760 874 Gapernsum,
789 812 869 873 quae
897 793 1046 872 usquein

120 875 247 939 coelum
269 875 407 938 exaltate
428 895 478 955 es,
508 895 606 956 usque
631 878 662 937 in
686 877 836 938 infernum
859 876 1046 937 descendes:

123 960 197 1038 quia
223 959 250 1019 si
277 958 308 1018 iu
337 957 481 1020 Sodomis
508 959 609 1022 motae
636 960 766 1021 fuissent
800 960 937 1037 virtutes,
967 977 1047 1039 quae

121 1041 226 1103 facus
244 1048 319 1102 sunt
337 1042 368 1101 in
399 1030 445 1121 ὦ,
469 1045 548 1105 forte
571 1044 757 1104 mansissent
782 1062 879 1123 usque
912 1044 943 1103 in
966 1042 1047 1102 hana

120 1123 216 1187 dem.
260 1124 467 1187 Veruntamen
498 1126 569 1188 dieo
591 1126 696 1203 vjobis,
728 1127 798 1205 quis
827 1133 928 1186 terrae
949 1124 1046 1187 Sodo-

121 1224 246 1270 morum
266 1209 422 1269 remissius
445 1210 502 1270 erit
523 1210 554 1271 in
577 1209 628 1271 die
649 1208 761 1285 iudicii,
774 1222 875 1289 ‘quam
898 1208 962 1269 tibi.

209 1288 356 1352 Videmus
379 1312 470 1373 ergo,
486 1300 650 1372 euentum
686 1291 785 1353 laudis
807 1299 839 1353 et
859 1293 972 1352 amoris
995 1291 1046 1352 de-

121 1374 253 1437 mamus
286 1376 404 1454 optimo
427 1377 494 1437 Dee
523 1384 649 1453 nostro,
684 1377 716 1435 in
751 1393 936 1454 quocunque
964 1375 1046 1436 mslc

120 1457 215 1519 buius
235 1458 334 1533 vitoe,
360 1457 446 1538 quod
474 1459 525 1518 vix
552 1459 635 1520 stills
664 1478 725 1518 uua
746 1459 786 1518 sit
805 1477 930 1536 eorum,
969 1475 1047 1538 quae

120 1541 225 1602 meriti
245 1558 360 1620 sumus,
382 1559 462 1620 quae
483 1542 550 1622 ipse
573 1542 628 1603 lob
650 1541 727 1602 mari
750 1547 910 1620 comparat
931 1548 962 1600 et
983 1559 1046 1601 are·

122 1641 184 1685 uae
207 1642 308 1684 naurs.

123 1788 256 1870 Caput
279 1789 313 1851 V.
337 1788 382 1849 de
404 1796 564 1868 spectro
588 1790 746 1868 quinto,
770 1787 870 1868 quod
892 1795 952 1849 est
973 1805 1047 1848 ma-

239 1870 316 1933 lum
340 1872 540 1933 sinistrum
563 1891 633 1933 seu
655 1871 701 1933 ad
723 1872 939 1933 sinistram.

207 2003 265 2066 Hic
287 2012 358 2067 ante
381 2007 489 2068 oculos
510 2006 673 2088 ponendus
703 2007 848 2082 cumulus„
864 2005 916 2066 ille
939 2004 1046 2066 sdver-

92 2095 94 2098 ’
121 2090 274 2151 sariorum
297 2096 328 2151 et
351 2089 499 2150 malcrum
522 2091 696 2169 hominum,
720 2096 751 2150 et
773 2090 803 2150 in
825 2091 862 2150 iis
884 2089 982 2170 primo
1005 2089 1047 2147 vi·
1115 2101 1118 2108 ·

121 2172 275 2250 deudum,
299 2180 375 2252 quot
396 2173 477 2233 mala
501 2193 562 2234 non
585 2175 754 2235 intulerunt
782 2173 918 2254 corpori,
945 2170 1047 2248 rebus,

120 2255 240 2333 ismae,
262 2256 421 2316 animabus
445 2258 573 2335 nostris,
608 2277 688 2337 quae
724 2255 896 2317 voluissent
926 2255 1047 2332 inferre,

120 2341 182 2400 nisi
211 2336 278 2400 Deo
311 2340 495 2419 disponente
528 2360 590 2401 non
624 2341 805 2420 potuissent.
859 2338 899 2399 Et
930 2347 1046 2418 quanto

122 2424 192 2503 quis
214 2421 245 2482 in
268 2423 398 2483 celsiore
421 2423 492 2483 loco
514 2423 611 2500 sedet,
634 2432 664 2484 et
685 2423 775 2483 latius
799 2429 926 2503 regnet,
962 2430 1046 2482 terito

121 2505 259 2587 pluribus
282 2505 432 2567 eiusmodi
454 2505 700 2567 adversariorum
723 2505 857 2582 insidiis,
882 2505 1043 2581 machinis,

122 2588 372 2651 oblocutionibus
406 2595 437 2648 et
468 2588 687 2650 tentationibus
720 2597 767 2648 est
799 2589 975 2668 expositus:
1015 2588 1046 2646 in

123 2670 233 2751 quibus
257 2670 398 2732 omuibus
420 2674 702 2752 praesentissimam
726 2671 781 2732 Dei
816 2691 938 2731 manum
976 2671 1048 2731 licet

122 2755 296 2835 intelligere
318 2762 350 2815 et
371 2756 512 2835 experiri.
556 2755 634 2831 Quid
673 2774 747 2835 ergo
772 2754 898 2832 mirum,
931 2754 956 2814 si
986 2772 1047 2814 uno

124 2838 293 2918 aliquando
318 2839 499 2919 tangamur?

206 2920 323 2982 Deinde
346 2928 504 2982 eteorum
537 2923 661 3003 propria
693 2922 774 2981 mala
802 2925 874 2980 sunt
902 2917 1045 2996 videndo,
1149 2946 1154 2955 ·

121 3024 188 3066 non
213 3005 296 3064 utin
319 3004 407 3082 εἰει)
433 3005 638 3084 exsultemus,
673 3003 728 3065 sed
763 3010 794 3064 ut
816 3002 1046 3082 compatiemur.

122 3088 202 3150 Sunt
221 3095 324 3148 sutem
348 3094 379 3148 et
399 3089 458 3168 ipsi
492 3087 608 3149 eisdem
638 3088 725 3148 malis
749 3086 890 3148 omnibus
912 3104 1046 3145 commu·
1101 3163 1104 3168 .

122 3172 203 3232 niter
225 3171 368 3251 expositi,
392 3170 500 3250 quibus
522 3191 597 3250 nos,
621 3172 704 3231 utin
729 3169 893 3250 praedictis
916 3169 1047 3248 spectris

122 3254 215 3316 focile
238 3262 285 3315 est
305 3255 425 3314 intueri.
468 3254 582 3314 Verum
604 3256 635 3314 in
656 3254 717 3315 hoc
740 3252 830 3314 nobis
859 3259 930 3312 sunt
959 3251 1045 3311 mise-

124 3339 233 3413 riores,
255 3337 337 3417 quod
360 3343 447 3398 extra
474 3338 655 3398 societatem
691 3343 827 3397 nostrum
859 3341 947 3414 sunt,
985 3341 1047 3394 tam

123 3422 318 3501 corporalem
341 3440 432 3500 quam
455 3421 655 3500 spiritualem.
698 3420 778 3480 Nihil
813 3419 963 3478 estenim
986 3417 1048 3478 hoc

124 3504 249 3580 malum,
271 3505 352 3583 quod
376 3505 523 3583 patimur,
545 3504 584 3563 ad
605 3504 700 3579 illud,
735 3500 818 3582 quod
849 3500 892 3560 illi
926 3506 996 3560 suist
1018 3501 1048 3560 in

122 3589 271 3668 peccatis,
293 3588 322 3646 iu
345 3585 543 3665 infidelitate,
572 3586 628 3647 sub
658 3588 705 3646 ira
727 3586 802 3663 Dei,
841 3582 896 3644 sub
918 3583 1048 3663 imperio

197 3759 229 3825 1)
252 3756 283 3808 Iu
302 3757 346 3810 ed.
368 3758 443 3814 lem:
465 3763 496 3809 ut
514 3759 564 3810 eis.

788 3801 838 3892 2„
