2346 4208
120 275 186 344 390
417 273 591 344 oopus-m
607 273 695 329 mn.
714 273 749 328 n.

204 466 234 528 3.
264 462 452 525 Instiilontnr
471 463 602 542 quidem·
616 463 722 525 llomo·
735 482 776 543 ox
790 462 962 544 Ὀρώδῃ,
985 461 1036 523 seo

122 549 255 630 gloriam
277 546 372 608 habet
393 562 497 608 eornm
518 547 705 624 hominibus,
728 550 793 608 n'on
819 564 927 608 eornm
946 547 1017 608 lieo.

206 629 236 694 4.
264 630 449 690 lnstifloetnr
476 628 600 709 quidem
629 630 734 691 homo
752 629 818 691 tide
846 644 951 691 oorom
970 630 1039 705 Deo,

122 715 243 776 etiamsi
264 714 347 793 opud
368 715 511 775 hominos
532 723 564 773 et
585 715 617 773 in
640 715 756 794 seipso
767 715 971 794 ignominiam
985 722 1040 772 tnn

125 808 187 858 tum
211 798 356 861 inveniat.

207 885 236 944 l).
263 879 332 940 lloo
354 893 401 940 est
422 880 601 960 mysterium
623 878 681 939 Dei
713 887 852 940 onustos·
871 897 945 940 snos
975 880 1042 938 miri-

124 963 261 1039 lioontis,
286 963 369 1042 qnod
391 983 455 1023 non
478 963 577 1024 solnm
600 968 652 1022 est
668 962 772 1042 impiis
793 962 989 1042 impossibile
1006 963 1043 1022 in·

1 1058 3 1071 ·
124 1046 267 1125 telleotn,
300 1046 353 1106 sed
389 1048 481 1107 etiam
510 1046 588 1126 ipsis
620 1045 683 1125 piis·
708 1044 854 1106 mirabile
877 1055 911 1106 et
932 1045 1046 1106 difficile

126 1128 254 1190 creditu.

208 1215 237 1276 6.
259 1212 377 1273 Nature
398 1213 480 1273 enim
503 1213 579 1273 vitio
600 1211 760 1291 originalis
773 1212 902 1292 pellenti
911 1216 1047 1292 eorrupit

125 1302 157 1356 et
178 1302 347 1356 exoeeooto
368 1316 430 1357 non
454 1302 559 1375 potest
581 1294 660 1354 ultra
682 1300 714 1354 et
732 1294 831 1375 supro
853 1295 1047 1377 operonllnn

127 1377 377 1439 instifiootionem
400 1378 562 1458 imaginari
583 1385 637 1437 snt
659 1378 838 1458 concipere.¹

198 1466 240 1539 ⁴7.
262 1461 343 1521 Hino
362 1462 417 1522 illo
438 1481 544 1543 pugno
567 1461 800 1541 hypocritarum
821 1462 1049 1523 oontrnfidelos

127 1544 167 1605 ds
187 1543 423 1623 iustificatione,
454 1544 565 1605 nulline
593 1545 653 1603 nisi
674 1543 732 1609 uei
754 1544 856 1605 solius
879 1545 995 1607 iudielo
1015 1545 1049 1605 (ll

129 1628 279 1688 timenda.

171 1754 174 1759 -
211 1713 239 1775 8.
264 1709 470 1772 Conoedimns
491 1708 1050 1793 imque-hypooritissen·pllilosopliis

130 1813 227 1874 opero
248 1800 280 1854 et
301 1793 652 1875 iustificationemlogis,
673 1792 768 1854 modo
782 1795 1052 1856 retinenmnsemtr

127 1878 274 1937 iustitiam
297 1894 367 1937 osse
389 1877 559 1955 hominnm,
580 1896 644 1938 non
664 1877 738 1937 Dei.=
778 1890 782 1897 '
926 1888 929 1893 ·

192 1958 222 2025 9.
245 1961 363 2021 lustitia
385 1980 459 2021 vero
482 1961 627 2040 hominis,
648 1965 683 2020 ot
703 1976 773 2020 eom
796 1957 884 2020 Dens
909 1967 1051 2043 ternpore·

131 2043 201 2103 litor
223 2042 358 2104 honoret
379 2043 470 2104 donis
492 2043 728 2125 optimis·lrnins
750 2043 851 2120 vitoe,
883 2050 995 2104 tmen·
1011 2063 1052 2104 oo·

130 2146 196 2186 rom
217 2126 286 2185 Deo
308 2127 397 2186 l'orvo
419 2134 519 2187 est-et
539 2127 711 2208 hypoerisis
733 2126 840 2206 impio.

193 2213 240 2274 10.
268 2209 309 2268 Et
331 2211 438 2269 mirum
462 2217 509 2270 est
528 2210 704 2292 problema,
735 2209 818 2289 qnod
844 2208 941 2270 Deus·
967 2224 1052 2270 renn-

129 2298 217 2351 neret
237 2293 402 2371 iustitiam,
435 2311 526 2372 quom
558 2295 625 2374 ipse
652 2298 776 2374 reputet
803 2293 1005 2372 iniquitatem
1031 2300 1053 2353 et

130 2375 288 2436 molitiem.
371 2378 381 2397 “

192 2460 239 2520 11.
267 2457 387 2536 Aperte
416 2461 497 2519 enirn
525 2461 557 2518 in
587 2457 745 2540 prophetis
775 2458 894 2519 molum
919 2476 1053 2520 monum

128 2551 302 2602 nostrarum
327 2543 466 2621 appellnt
488 2561 585 2623 opero
607 2540 776 2602 seoundnm
808 2542 914 2622 legem
952 2551 984 2604 et
1011 2561 1052 2603 no·

129 2632 223 2685 strom
246 2625 399 2685 rationem
421 2626 635 2704 pulcherrimo.

193 2710 241 2771 12.
269 2707 375 2768 Simile
398 2707 533 2793 videtur,
563 2728 600 2769 oo
630 2708 745 2786 siquis
773 2708 925 2790 prinoeps
952 2709 1051 2771 molum

128 2808 250 2848 servum
274 2792 401 2867 toleret,
437 2811 526 2870 quem
561 2793 627 2851 sine
659 2791 776 2850 maiore
805 2793 954 2870 periculo
978 2792 1054 2874 regni

128 2880 190 2930 no'n
213 2875 314 2950 possit
336 2873 487 2935 oooidere.

192 2956 240 3016 13.
270 2956 366 3036 Igitur
394 2976 456 3017 non
482 2964 529 3017 est
550 2955 778 3036 respiciendum
801 2976 908 3036 neque
935 2960 977 3020 od
998 2978 1053 3040 per·

129 3055 237 3097 sonem
262 3039 357 3118 impii,
381 3041 431 3118 qui
453 3042 598 3102 iustitiam
623 3047 778 3119 operetur,
801 3060 908 3120 neque
933 3043 976 3104 od
999 3042 1051 3124 pnl-

128 3118 331 3182 ohritudinem
355 3123 424 3184 telis
450 3126 561 3203 operis.

192 3205 239 3264 14.
270 3203 331 3264 Sed
363 3206 402 3264 od
430 3204 774 3287 incomprehensibilem
807 3205 1012 3275 tolerantiam
1032 3213 1057 3267 ot

127 3287 310 3365 sapientiam
333 3287 408 3366 Dei,
441 3292 540 3351 minus
564 3290 676 3350 molum
700 3288 845 3366 ferentin,
878 3311 923 3352 ne
946 3293 1056 3353 maiore

128 3368 210 3429 malo
235 3371 339 3430 omnia
362 3372 587 3439 subvertentur.
675 3372 677 3377 ’

191 3455 239 3515 15.
263 3452 348 3513 Sient
370 3457 502 3533 nomios,
525 3455 728 3534 claudicatio,
752 3460 805 3515 eut
827 3454 911 3516 alius
938 3457 1057 3521 morbus

136 3552 155 3592 n
186 3553 317 3614 corpore
346 3537 526 3600 insanabilis
556 3540 720 3617 toleratur,
754 3541 952 3602 necessitate
984 3542 1058 3602 vitoe

126 3619 297 3696 corporalis
320 3618 482 3682 fovendae.

185 3700 237 3766 16.
264 3702 321 3762 Est
353 3704 437 3767 enim
469 3706 546 3787 legis
571 3706 688 3767 institia
716 3703 867 3767 morbose
902 3707 1003 3770 valde
1034 3714 1058 3766 et

122 3784 217 3853 indeo
239 3785 419 3869 imbesillis,
434 3794 472 3850 nt
491 3808 587 3868 soene
604 3808 693 3849 soom
711 3787 813 3867 legem
831 3789 994 3871 optinmm
1004 3809 1059 3855 nor
