2346 4208
150 244 230 310 ⁴358
384 245 477 301 Resol.
496 245 525 299 L.
546 258 629 314 snper
646 241 842 313 Propositibne

250 436 391 515 Denique
425 435 503 496 haee
529 433 635 515 glossa
671 433 702 495 id
743 433 925 515 praestabit,
958 440 992 495 ut
1025 433 1088 493 iam

168 518 254 581 nulla
275 520 315 579 sit
336 524 473 599 potestas
496 517 599 598 gladii,
624 517 873 598 quandoquidem
888 516 1026 598 pontiflci
1043 520 1088 577 to-

169 610 233 663 tum
268 602 374 664 orbem
405 601 584 675 subiiciunt,
618 601 746 662 subiecti
780 622 854 663 vero
883 602 911 662 ei
933 619 995 662 non
1019 607 1090 660 sunt

170 685 229 748 sub
250 687 443 766 imperatoris
465 685 687 763 iurisdictione,
716 686 774 745 nisi
795 704 878 747 nova
900 691 932 745 et
950 685 1089 744 humani-

170 775 219 831 tus
233 769 264 844 ¹)
287 769 426 829 instituta
447 767 617 830 iurisdictio
641 768 770 829 elericos
793 769 879 831 solos
899 769 1030 841 eximat,
1052 783 1090 827 ae

169 853 266 914 laicos
293 851 359 912 illio
392 852 552 931 relinquat.
609 851 669 913 Sed
703 852 764 913 hoo
793 872 856 912 non
886 857 933 912 est
961 849 1089 911 verbum

172 936 254 997 Patri
277 954 444 1016 exponere,
467 935 650 1015 quiomnas
672 934 776 1016 gladio
801 935 934 1014 subiicit,
958 935 1010 1014 qui
1032 933 1089 994 sibi

169 1018 298 1080 subiecti
320 1024 400 1081 sunt.
429 1018 476 1079 Ita
490 1025 628 1099 pugnant
648 1019 735 1099 leges
757 1019 916 1080 hominum
938 1037 1007 1078 oum
1020 1017 1090 1098 lege

170 1103 238 1163 Dei.
271 1101 373 1176 Quare
394 1101 495 1161 nullus
519 1108 565 1161 est
587 1107 749 1184 exemptus
772 1122 792 1162 a
812 1107 968 1182 potestate
984 1100 1090 1182 gladii,

175 1186 241 1246 sive
262 1184 369 1263 laious,
391 1185 457 1245 sive
479 1185 588 1264 olenus,
612 1187 671 1246 nisi
692 1191 838 1265 quantum
860 1187 929 1265 ipsa
949 1187 1090 1264 potestas

168 1267 264 1349 gladii
298 1267 427 1328 donavit
458 1286 496 1328 ao
524 1270 671 1348 permisit.
715 1269 800 1330 Siout
833 1269 906 1328 olim
942 1268 1089 1329 haeretiei

170 1358 309 1431 tempore
330 1350 495 1431 Augustini
516 1352 721 1431 puniebantur
742 1358 898 1432 potestate
941 1350 1030 1426 ladil,
1059 1358 1091 1411 et

170 1435 261 1496 etiam
284 1453 366 1494 nuno
388 1454 444 1514 per
471 1436 584 1516 ignem.
628 1434 719 1511 Quod
747 1436 832 1497 nullo
861 1371 956 1496 modo
983 1434 1091 1495 liceret

169 1516 245 1595 fleri,
267 1519 292 1577 si
316 1518 528 1579 eaolesiastioa
548 1518 719 1581 iurisdictio
741 1523 825 1580 esset
838 1519 912 1578 iuris
926 1518 1030 1596 divini,
1053 1537 1091 1577 ea

169 1601 300 1677 seilicet,
323 1619 383 1679 qua
405 1602 538 1681 exempti
561 1607 632 1662 sunt
653 1603 756 1664 olerioi
778 1622 797 1662 a
817 1601 910 1683 gladii
924 1603 1104 1682 potestate:

168 1683 209 1744 Et
231 1685 309 1745 sieut
329 1683 423 1745 hodie
444 1685 538 1747 habet
559 1685 709 1746 olerioalis
732 1693 846 1760 status,
866 1685 975 1745 melius
997 1689 1090 1760 esset,

170 1764 299 1828 sublatis
321 1767 567 1848 exemptionibus
597 1788 715 1829 rursum
738 1768 842 1851 gladio
863 1768 971 1829 subiiei
1002 1769 1090 1827 iuxta

169 1856 368 1930 praeseptum
390 1851 472 1911 Petri
501 1857 532 1910 et
554 1851 637 1911 Pauli
662 1871 770 1913 omnes
800 1852 916 1929 eleros,
945 1857 978 1910 ut
1005 1851 1091 1931 puni·

168 1940 281 2012 rantur,
305 1940 378 1994 tuno
399 1932 532 1994 aeclesia
555 1935 662 1995 melius
685 1935 828 2013 haberet,
853 1936 964 1994 timore
995 1933 1091 2014 gladii

167 2018 302 2096 peooatis
326 2016 483 2094 coercitis3
516 2036 597 2076 nuno
620 2025 723 2080 autem
748 2020 811 2079 suis
833 2017 1091 2098 legibusimpune

167 2099 290 2160 aluntur
310 2101 341 2159 in
363 2118 455 2159 omne
478 2101 600 2159 malum.

254 2182 360 2242 Potest
380 2190 482 2242 autem
506 2190 645 2263 potestas
663 2183 757 2264 gladii
772 2183 855 2242 aleno
871 2184 1004 2263 gratuito
1018 2202 1090 2244 aon-

169 2265 279 2325 eedsre
303 2285 389 2324 suum
412 2266 553 2345 rigorem.
600 2267 730 2344 Verum,
760 2267 785 2324 si
805 2265 836 2333 id
857 2267 956 2326 nollet
976 2266 1089 2345 faeere,

167 2366 230 2408 non
253 2355 360 2426 posset
381 2349 468 2429 aogi,
492 2368 550 2408 nea
571 2349 641 2409 ullis
665 2347 843 2429 pontificum
875 2349 1007 2410 deoretis
1036 2350 1089 2408 im-

169 2429 275 2512 pediri.
318 2430 388 2490 Non
419 2433 499 2492 enim
527 2431 643 2493 habent
672 2438 858 2511 potestatem
888 2431 982 2512 gladii
1006 2451 1090 2492 ooer·

166 2513 274 2593 nandi,
307 2533 397 2593 quem
421 2515 504 2575 Deus
538 2514 621 2575 dedit
650 2515 743 2576 solus.
794 2514 860 2575 Neo
892 2535 998 2576 verum
1033 2519 1089 2583 est,

165 2596 250 2676 quod
272 2597 303 2656 in
326 2617 416 2657 manu
439 2598 543 2678 Papae
564 2599 603 2658 sit
624 2599 728 2659 iubere
750 2597 885 2678 gladium
908 2601 1017 2678 eximi,
1040 2600 1089 2660 vel

167 2678 268 2759 sandi,
290 2679 387 2741 libera
409 2688 456 2741 est
476 2688 615 2761 potestas
638 2681 732 2762 gladii
756 2701 773 2740 a
797 2681 864 2742 Deo
887 2682 1010 2760 collata,
1034 2683 1089 2742 sio-

166 2769 200 2824 ut
226 2770 258 2824 et
280 2763 483 2843 supradixit,
507 2763 588 2843 quod
610 2767 641 2824 in
660 2763 879 2844 temporalibus
896 2785 963 2826 eam
977 2764 1092 2826 habeat

166 2848 342 2927 imperator,
366 2848 416 2908 ubi
437 2849 469 2907 in
492 2847 633 2909 omnibus
656 2847 757 2907 disere
781 2848 902 2927 debuit3
924 2847 1002 2908 adeo
1026 2867 1090 2909 non

168 2930 268 3008 potuit
290 2931 416 2991 omnino
436 2950 580 3013 negare,
616 2931 751 3011 gladium
780 2951 843 2992 non
872 2950 941 2992 esse
973 2933 1005 2991 in
1033 2951 1090 2992 sua

167 3031 268 3074 manu.

247 3096 404 3156 Potuissas
432 3102 535 3156 autem
565 3098 814 3177 praerogativam
850 3097 1014 3158 sacerdotii
1049 3117 1088 3156 ex

167 3195 205 3240 eo
229 3179 331 3259 potius
354 3179 536 3260 intelligere,
560 3179 642 3259 quod
665 3180 777 3241 dietum
801 3194 862 3256 est,
887 3200 950 3242 non
973 3200 992 3240 a
1013 3198 1088 3259 quo-

165 3261 248 3338 libet,
271 3261 326 3321 sed
348 3280 367 3321 a
388 3263 465 3339 Deo,
488 3281 551 3324 non
573 3264 648 3344 regi,
672 3262 727 3324 sed
750 3263 920 3336 sacerdoti,
954 3283 1017 3324 non
1048 3262 1088 3324 da

167 3345 253 3425 regia
274 3345 385 3425 stirpe,
416 3346 470 3407 sed
494 3346 533 3406 de
564 3345 749 3407 sacerdotali
782 3348 929 3427 prosapia
960 3346 1088 3408 deseen-

165 3427 266 3502 denti;
288 3427 326 3488 de
350 3428 561 3490 saeerdotibus
584 3429 743 3508 videlieet,
767 3431 818 3509 qui
842 3436 931 3490 erant
951 3431 981 3491 in
1006 3430 1088 3491 Ana

164 3511 297 3586 tot-h*):
327 3511 411 3572 ane
433 3515 575 3574 constitui
594 3520 624 3574 te
638 3531 730 3593 super
742 3520 850 3593 gentes
873 3520 904 3575 et
926 3532 1033 3595 regna,
1055 3520 1090 3574 ut

165 3594 280 3656 evellas
303 3601 335 3656 et
356 3594 497 3675 dissipes,
520 3595 665 3658 aedifices
688 3602 719 3657 et
740 3597 874 3676 plantes.

165 3716 446 3724 —..-.--...‚--—.....--
522 3718 542 3723 ...
549 3718 584 3724 ..-

238 3766 264 3834 ι)
286 3766 318 3818 ln
338 3765 380 3819 ed.
400 3767 483 3836 orig:
505 3767 674 3821 humanitas.
741 3757 776 3834 ‘J'
794 3766 892 3822 leram.
914 3769 937 3822 1.
