2346 4208
386 249 420 304 de
438 250 618 325 Socromeuto
637 253 776 322 baptismi.
991 254 1051 321 401

128 437 270 509 mortem,
291 441 325 494 ut
346 434 395 494 vel
415 433 469 495 illa
491 436 610 496 ratione
632 435 670 497 ab
693 436 754 497 hoo
775 456 905 517 corpore
928 443 1050 520 peccati

127 512 304 578 liberemur.
1025 542 1034 552 ‘

213 598 421 673 Duodecimo,
449 606 543 660 restat
563 601 624 661 iam
647 603 736 663 tertia
756 603 844 664 huius
867 609 1052 678 sacramenti

125 691 200 759 pars
212 681 383 761 tractanda,
396 702 508 764 nempe
519 681 606 763 fides,
628 692 661 744 ut
683 685 800 746 scilicet
821 695 1000 749 constanter
1012 686 1053 751 ‘et
1128 694 1129 697 ’

128 762 255 825 tirmiter
276 767 453 844 credamus,
488 766 571 846 quod
594 786 657 828 non
688 768 792 830 solum
820 769 972 851 significat
991 771 1052 833 hoc

128 856 354 911 sacramentum
383 858 513 910 mortem
542 855 573 910 et
598 853 853 914 resurrectionem
884 854 914 914 in
950 856 1049 916 novis-

128 931 207 991 si'mo
231 931 298 1012 die,
335 952 390 1012 per
418 951 496 1013 quae
518 932 612 994 homo
642 938 810 996 renascitur
840 938 870 996 in
893 945 1049 1013 aeternam

128 1015 238 1092 vitam,
261 1014 316 1076 sed
339 1014 420 1095 quod
444 1014 612 1097 baptismus
634 1016 688 1077 illa
714 1020 834 1093 omnia,
864 1018 934 1080 dum
958 1023 1050 1083 etiam

127 1097 178 1157 hic
198 1099 347 1177 vivimus,
384 1118 457 1158 vere
485 1102 516 1159 in
545 1099 634 1159 nobis
658 1110 810 1180 operetur.
852 1102 938 1164 Haeo
969 1105 1050 1165 euim

128 1181 296 1260 baptismus
319 1183 402 1262 agit,
435 1182 534 1242 Deum
561 1181 651 1242 nobis
684 1192 715 1244 et
742 1204 799 1245 nos
828 1186 962 1247 vicissim
983 1187 1050 1249 Deo

128 1262 308 1344 obstringit,
346 1264 428 1344 quod
456 1265 587 1326 velimus
610 1274 755 1346 peccata,
785 1268 887 1346 quoad
910 1270 1049 1347 vivimus,

130 1347 334 1426 mortificare,
369 1357 400 1408 et
427 1356 534 1409 eontra
554 1348 594 1408 en
615 1369 775 1431 pugnare:
803 1352 886 1430 quod
917 1353 1049 1414 vicissim

127 1431 194 1510 ipse
216 1430 298 1491 Deus
321 1430 395 1491 velit
412 1430 573 1513 indulgere
597 1433 706 1512 nobis,
737 1433 915 1495 condonare
938 1443 1048 1512 errata,

127 1512 288 1574 uobiscum
310 1533 372 1574 non
395 1533 514 1575 summo
536 1518 602 1575 iure
620 1535 724 1594 agere,
747 1535 847 1595 neque
869 1518 940 1580 ideo
965 1519 1049 1581 dam·

127 1614 201 1658 nare
223 1616 291 1674 nos,
316 1597 408 1676 quod,
433 1597 503 1658 dum
527 1598 577 1659 hic
598 1599 738 1676 vivimus,
761 1600 827 1659 sine
849 1603 985 1680 peccatis
1008 1603 1050 1663 vi-

130 1698 201 1740 vere
223 1699 286 1740 non
309 1682 472 1760 possimus.

209 1763 260 1825 Sic
282 1771 445 1842 utrumque
466 1762 628 1844 intelligis,
653 1771 684 1823 et
706 1763 789 1843 quod
812 1763 981 1843 baptismus
1003 1766 1049 1826 in·

127 1855 274 1907 nocentes
296 1846 407 1921 faciat,
438 1848 603 1925 omniaque
625 1847 714 1907 tollat
737 1853 880 1927 peccata,
913 1852 944 1907 et
966 1848 1049 1927 quod

125 1929 272 2009 reliquiae
293 1931 413 2010 peccati
434 1931 465 1989 in
488 1930 578 1990 nobis
589 1936 783 2009 remaneant,
806 1949 907 2009 neque
928 1930 983 1990 illa
1003 1932 1048 1992 in·

35 2066 41 2073 .
125 2019 197 2075 uata
231 2014 270 2073 ad
297 2012 487 2093 peccandum
516 2014 562 2073 vis
592 2021 623 2073 et
648 2019 757 2074 natura
783 2020 849 2074 tota
878 2013 1047 2077 aboleatur.

124 2095 202 2156 Eam
225 2099 324 2177 igitur,
349 2098 400 2176 qui
422 2098 482 2157 iam
495 2096 666 2176 baptizatus
684 2105 740 2174 est,
762 2098 959 2158 innocentem
974 2097 1046 2159 ideo

124 2199 282 2260 vocamus,
306 2180 389 2260 quod
410 2181 547 2260 coeperit
568 2178 633 2240 tisri
647 2181 807 2257 innocens,
831 2187 861 2240 et
882 2182 1043 2241 iaminno-

125 2265 244 2324 cantiae
266 2266 385 2344 signum
409 2282 445 2322 uc
467 2263 575 2323 foedus
599 2265 762 2344 acceperit,
786 2271 819 2322 ut
840 2263 969 2324 subinde
991 2265 1044 2325 illa

123 2348 301 2408 innocentia
322 2353 441 2406 crescat
465 2356 495 2406 et
517 2353 675 2426 augeatur.
698 2346 730 2406 Si
753 2365 813 2425 qua
829 2354 930 2407 autem
944 2353 1044 2409 errata

124 2437 155 2489 et
176 2439 304 2510 peccata
326 2438 495 2507 remanent,
518 2448 555 2489 ea
567 2431 649 2488 Deus
672 2436 798 2509 propter
818 2430 910 2488 ictum
934 2429 1043 2491 foedus

124 2531 186 2573 uon
207 2516 358 2594 imputat,
392 2515 434 2572 ita
469 2521 501 2573 ut
533 2513 586 2571 illa
607 2513 787 2572 innocentia
814 2519 880 2572 tota
902 2513 1045 2591 pendeat,

124 2615 186 2656 non
210 2617 249 2657 ex
271 2597 406 2672 homine,
429 2596 483 2656 sed
507 2616 546 2655 ex
568 2597 769 2674 imputatione
784 2595 850 2654 Dei.
875 2594 1044 2657 SicutPro-

122 2680 217 2760 pheta
237 2684 280 2741 ait
302 2681 445 2744 Psat32:
470 2682 566 2756 Beati,
588 2678 697 2757 quibus
719 2679 847 2738 remissa
869 2685 916 2737 est
937 2681 1044 2758 iniqui-

123 2772 179 2837 tas,
203 2773 234 2825 et
254 2765 362 2826 beatus
385 2765 488 2842 homo,
512 2765 560 2823 cui
584 2782 646 2822 non
669 2763 798 2842 imputat
811 2761 961 2822 Dominus
973 2781 1044 2841 psc-

124 2855 238 2910 catum.

206 2932 318 3009 Porus,
347 2930 424 2990 haee
445 2928 522 2989 fides
550 2936 597 2989 est
620 2929 756 2989 omnium
785 2928 918 2986 maxime
938 2947 1043 2990 neces·

123 3016 212 3077 saria.
253 3015 299 3074 Ea
322 3015 402 3074 enim
425 3014 507 3092 sola,
530 3019 561 3073 et
582 3011 667 3072 nulla
687 3011 747 3071 alia
769 3029 817 3070 res
841 3009 984 3071 afflictam
1007 3030 1045 3073 ao

122 3097 274 3159 turbatam
297 3099 517 3158 conscientiam
541 3096 696 3156 consolari
728 3101 759 3154 st
787 3094 905 3172 erigere
929 3101 1042 3173 potest.

123 3181 262 3256 Quodsi
286 3184 335 3261 qui
365 3182 423 3240 hac
445 3180 506 3239 fide
529 3187 662 3257 careant,
684 3177 729 3236 itti
751 3178 929 3237 necessario
954 3196 1043 3257 prop·

123 3275 168 3326 ter
191 3273 321 3345 peccata
344 3263 560 3343 desperabunt.
583 3262 660 3321 Nam
674 3267 812 3340 peccata,
836 3279 948 3339 quaen
971 3261 1043 3342 bap·

122 3351 214 3411 tismo
238 3355 372 3424 manent,
395 3350 424 3406 in
447 3348 494 3424 iis,
517 3348 567 3424 qui
591 3365 654 3406 non
671 3343 808 3421 credunt,
831 3345 934 3403 omnia
950 3344 1041 3404 etiam

124 3434 205 3495 bona
228 3451 323 3512 opera
346 3431 557 3493 contaminant
580 3436 610 3488 et
628 3428 829 3506 coinquinant
851 3445 955 3487 coram
966 3427 1043 3488 Deo.

184 3517 287 3592 Quare
309 3516 462 3576 constanti
487 3519 517 3573 et
537 3511 625 3572 firmo
648 3513 751 3571 animo
775 3509 862 3569 inniti
889 3509 1042 3590 baptismo

123 3602 282 3679 convenit,
319 3607 351 3659 ut
373 3598 552 3659 obiiciamus
588 3615 655 3655 eum
680 3593 814 3674 peccatis
839 3599 870 3652 et
903 3592 1042 3654 omnibus

122 3683 287 3746 terroribus
311 3683 530 3760 conscientiae,
553 3686 585 3739 et
605 3677 736 3738 demisso
760 3675 862 3735 animo
885 3675 1042 3736 dicamus:

122 3767 194 3832 Scio
218 3769 322 3829 omnia
343 3784 413 3826 mea
437 3782 533 3844 opera
554 3763 674 3842 impura
697 3766 727 3820 et
743 3759 942 3836 coinquinata
963 3778 1042 3820 esse.

149 3886 241 3927 liutheri
256 3895 306 3934 opp.
322 3884 347 3926 V.
358 3883 385 3922 Α,
400 3881 482 3923 adrat.
496 3879 548 3922 trist.
562 3880 577 3922 t.
590 3891 611 3932 p.
629 3880 679 3925 Vol.
691 3880 732 3921 111.
846 3844 890 3912 (ὦ
