2346 4208
360 281 763 351 ratisponensem
966 272 1030 343 32¹1

108 488 145 529 ne
179 469 205 529 si
237 468 298 529 hoo
326 469 366 529 sit
386 486 514 549 posuere
535 467 684 548 populum
707 466 835 536 christi,
873 465 959 545 quod
983 469 1032 527 est

108 557 294 633 potestatem
316 553 431 613 instare
453 560 484 612 et
506 549 631 611 ambire.
673 551 761 625 [Non
785 569 860 630 ergo
882 554 1031 628 potestus,

109 634 163 696 sed
186 638 316 695 servitus
345 635 514 715 imponitur
536 634 699 714 episeopis.
745 631 820 708 Quis
841 639 943 693 sutem
967 650 1031 693 uon
1109 656 1112 663 ·

108 717 207 779 libens
230 719 362 798 patietur
385 736 439 777 eos
463 718 588 792 servire,
611 717 635 775 si
658 716 799 795 vellent]

191 800 281 862 Unde
315 819 385 861 meo
415 800 545 876 iudidio,
585 801 665 860 siout
701 798 837 879 apostoli
867 817 964 877 nsque
992 796 1032 858 sd

109 883 201 944 tinem
224 885 306 944 vitoe
328 883 441 945 Christi
463 882 702 955 contenderunt,
732 901 792 943 neo
813 889 860 943 tot
881 878 1033 959 exemplis

110 978 142 1027 st
161 968 265 1028 verbis
287 967 399 1027 Christi
427 966 466 1027 sb
488 966 623 1026 humens
650 966 710 1027 ists
729 964 896 1026 affectione
918 973 1033 1043 tempe-

110 1056 233 1127 rsrunt‚
267 1064 297 1110 st
329 1056 432 1111 temen
462 1049 579 1109 nullum
602 1049 741 1129 permisit
762 1048 902 1109 obtinere
923 1049 1033 1128 prims·

110 1145 183 1208 turn,
206 1133 307 1195 donso
329 1151 437 1194 omnes
460 1131 589 1212 dispersi
612 1151 680 1194 eum
700 1132 921 1210 relinquerent*
939 1132 982 1191 its
1001 1130 1033 1191 in

110 1216 243 1277 eeclesia
265 1223 311 1278 tot
331 1218 392 1277 ism
411 1216 523 1276 seoulis
544 1214 740 1276 contenditur
763 1214 944 1294 deprimstu
965 1231 1034 1294 pro·

110 1300 218 1375 nitito,
241 1319 300 1359 neo
322 1299 443 1360 auditur
464 1297 602 1359 Christus
624 1299 745 1359 interim
769 1305 816 1359 tot
839 1296 966 1359 vooibus
988 1314 1033 1357 re·

111 1385 240 1457 sistens,
276 1402 334 1442 nee
356 1382 410 1442 ulti
432 1381 572 1443 obtinere
595 1382 797 1461 permittens,
833 1379 934 1443 dones
954 1380 1035 1441 forte

111 1479 143 1527 et
181 1467 239 1546 ipsi
278 1465 463 1527 adveniente
505 1464 685 1525 antichristo
723 1464 958 1544 disperguntur,
1003 1470 1036 1523 et

112 1549 264 1610 Christum
288 1556 413 1628 negent.
815 1590 818 1595 ,

194 1631 276 1709 Nom
300 1631 435 1711 apostoli
457 1632 588 1711 primum
609 1630 689 1690 hese
709 1630 837 1710 pulshrs
860 1627 1035 1705 servabunt,

111 1714 235 1794 quondo
259 1714 402 1774 lsoobum
437 1715 584 1775 minorem
608 1715 787 1793 episcopum
810 1710 1036 1790 Hierosolymis

112 1800 350 1874 eonstituenrnt‚
374 1804 406 1857 et
426 1798 549 1874 Petrus,
572 1794 705 1858 Isoobns
727 1814 764 1856 so
788 1795 941 1857 {ohannes
960 1812 980 1852 s
1001 1812 1037 1861 se

113 1900 185 1941 suos
215 1881 363 1960 primatus
397 1880 577 1940 reieoerunt.
622 1880 696 1940 Post
727 1878 799 1939 illos
829 1886 933 1939 sutem
964 1895 1038 1943 mox

112 1974 174 2024 mm
205 1964 315 2024 Christi
349 1982 440 2042 quum
474 1962 687 2042 apostolorum
717 1961 860 2042 exempto
892 1958 1036 2040 negleoto

113 2049 180 2107 sine
199 2046 260 2107 tine
282 2046 488 2123 oontenduut,
510 2064 572 2105 non
594 2066 650 2125 pro
673 2045 785 2122 verbo,
808 2063 870 2124 quo
892 2044 960 2124 pins
983 2041 1036 2105 do·

114 2138 223 2205 oesnt,
246 2130 299 2190 sed
324 2149 383 2208 quo
406 2129 497 2190 letius
520 2129 683 2206 mandere,
707 2129 822 2209 ligare,
846 2127 983 2201 solvere,
1007 2132 1038 2187 st

116 2214 227 2273 inoron'
249 2220 374 2292 queant,
398 2214 442 2272 sio
464 2213 544 2270 enim
569 2222 600 2273 et
621 2232 679 2272 nos
702 2211 893 2278 infirmitates
916 2207 1037 2290 pontifi·

113 2317 181 2355 oum
206 2316 266 2356 non
291 2297 357 2355 sine
381 2295 482 2356 multis
506 2294 659 2354 spondetis
681 2296 760 2355 ferre
775 2296 925 2374 cogimur,
946 2311 1037 2373 prop·

112 2388 160 2439 ter
181 2379 343 2439 Christum.
388 2378 433 2457 [si
468 2379 548 2438 enirn
578 2380 650 2438 iuris
683 2378 778 2438 divini
801 2385 867 2439 erat
889 2378 1037 2457 primatus

113 2463 204 2537 Petri,
228 2463 408 2541 impiissime
431 2461 504 2521 feeit
525 2480 586 2520 uns
608 2480 675 2520 oum
699 2460 837 2521 Iohanne
858 2469 890 2521 ot
910 2458 1038 2532 Iacobo,

114 2544 196 2622 quod
226 2547 374 2604 minorem
404 2544 550 2604 lsoohum
586 2544 641 2604 sibi
674 2545 853 2623 episcopum
886 2542 1037 2621 praetule-

115 2637 183 2687 runt
205 2629 233 2687 in
249 2629 380 2688 enclesis
395 2627 688 2705 Hierosolymitsna,
711 2628 794 2687 ouius
819 2645 928 2686 omnes
950 2632 1038 2685 erant

115 2711 264 2791 rnernhra,
294 2710 374 2770 unde
402 2719 434 2769 et
454 2708 566 2768 Paulus
594 2710 696 2771 Galat.
720 2714 749 2772 2.
778 2708 923 2769 Iacobum
944 2726 1037 2787 prns-

113 2795 171 2854 t'ert
193 2794 294 2869 Petro,
318 2795 347 2852 in
371 2792 533 2853 censendis
556 2793 708 2852 columnis
730 2793 909 2868 ecelesiae]

292 2960 380 3019 Nune
402 2979 439 3019 ex
463 2959 598 3019 historiis
621 2967 652 3018 et
673 2957 852 3019 rationibus.

199 3127 297 3184 Prima
326 3133 373 3184 est
401 3128 468 3203 ipsa
494 3126 563 3187 Aot.
586 3124 815 3205 apostolorum,
833 3124 900 3210 xuhi
931 3124 1036 3183 Petrus

114 3208 252 3287 aequalis
277 3208 416 3268 soribitur
438 3209 547 3267 soteris
569 3208 730 3286 apostolis,
753 3208 885 3286 denique
908 3208 954 3266 sui
976 3226 1036 3266 ser-

115 3292 214 3350 monis
237 3310 262 3350 o.
292 3296 335 3355 lit.
359 3289 624 3351 confirmationem
648 3311 667 3350 a
686 3290 801 3352 Iacobo
824 3291 953 3369 aceepit.
979 3289 1036 3349 De-

115 3373 184 3434 inde
209 3374 325 3433 nulium
348 3374 560 3454 apostolorum
583 3375 649 3454 ipse
672 3373 839 3450 ordinavit,
870 3392 926 3433 neo
957 3371 1036 3431 ullus

114 3457 169 3517 snb
192 3459 260 3536 ipso
284 3457 347 3517 fuit.
391 3456 556 3531 Quomodo
586 3476 661 3536 ergo
684 3475 846 3516 successor·
867 3456 949 3517 Petri
972 3474 1035 3515 om·

115 3542 196 3599 nium
221 3540 432 3618 apostolorum
456 3558 650 3600 successores
684 3539 739 3600 sub
771 3559 805 3599 se
839 3538 951 3599 hahere
983 3555 1036 3617 po·

116 3632 190 3694 rest,
221 3623 309 3701 quid,
344 3642 478 3702 quaeso,
513 3624 550 3683 nd
579 3622 658 3682 haeo
680 3621 741 3682 diei
763 3622 801 3683 ab
824 3621 888 3682 ullo
911 3620 1036 3701 potest?

115 3707 190 3767 ltem
204 3707 361 3766 Matthinm
385 3725 444 3767 neo
465 3707 532 3786 ipse
555 3725 614 3766 nee
637 3725 745 3766 omnes
768 3705 856 3765 simul
879 3705 946 3763 susi
968 3710 1038 3763 sunt

114 3790 145 3850 iu
170 3789 345 3872 apostolum
369 3789 521 3869 ordinere,
543 3788 598 3850 ssd
621 3809 659 3851 ex
672 3788 740 3851 Deo
757 3786 952 3869 postularunt
972 3792 1038 3848 tsn-
