<?xml version="1.0" encoding="UTF-8"?>
<!DOCTYPE html PUBLIC "-//W3C//DTD XHTML 1.0 Transitional//EN"
    "http://www.w3.org/TR/xhtml1/DTD/xhtml1-transitional.dtd">
<html xmlns="http://www.w3.org/1999/xhtml" xml:lang="en" lang="en">
 <head>
  <title>
</title>
<meta http-equiv="Content-Type" content="text/html;charset=utf-8" />
  <meta name='ocr-system' content='tesseract 3.04.00' />
  <meta name='ocr-capabilities' content='ocr_page ocr_carea ocr_par ocr_line ocrx_word'/>
</head>
<body>
  <div class='ocr_page' id='page_1' title='image "./dmartinilutheri04luthgoog_0935.png"; bbox 0 0 2332 4206; ppageno 0'>
   <div class='ocr_carea' id='block_1_1' title="bbox 187 254 803 327">
    <p class='ocr_par' dir='ltr' id='par_1_1' title="bbox 187 254 803 327">
     <span class='ocr_line' id='line_1_1' title="bbox 187 254 803 327; baseline -0.015 -6"><span class='ocrx_word' id='word_1_1' title='bbox 187 254 254 323; x_wconf 68' lang='lat'><strong>410</strong></span> <span class='ocrx_word' id='word_1_2' title='bbox 491 255 803 327; x_wconf 57' lang='lat' dir='ltr'><strong>mul-1.</strong></span> 
     </span>
    </p>
   </div>
   <div class='ocr_carea' id='block_1_2' title="bbox 253 443 1109 513">
    <p class='ocr_par' dir='ltr' id='par_1_2' title="bbox 253 443 1109 513">
     <span class='ocr_line' id='line_1_2' title="bbox 253 443 1109 513; baseline -0.008 -2"><span class='ocrx_word' id='word_1_3' title='bbox 253 448 305 511; x_wconf 89' lang='lat'><strong>88.</strong></span> <span class='ocrx_word' id='word_1_4' title='bbox 325 443 446 508; x_wconf 60' lang='lat' dir='ltr'><strong>&#39;lunen</strong></span> <span class='ocrx_word' id='word_1_5' title='bbox 466 444 512 505; x_wconf 84' lang='lat' dir='ltr'><strong>itti</strong></span> <span class='ocrx_word' id='word_1_6' title='bbox 532 454 605 505; x_wconf 82' lang='lat' dir='ltr'><strong>sunt</strong></span> <span class='ocrx_word' id='word_1_7' title='bbox 624 465 708 506; x_wconf 85' lang='lat' dir='ltr'><strong>nune</strong></span> <span class='ocrx_word' id='word_1_8' title='bbox 728 444 975 513; x_wconf 67' lang='grc' dir='ltr'><strong>ιιιειιιιωιιιίω</strong></span> <span class='ocrx_word' id='word_1_9' title='bbox 1003 452 1034 504; x_wconf 89' lang='lat' dir='ltr'><strong>et</strong></span> <span class='ocrx_word' id='word_1_10' title='bbox 1054 452 1109 504; x_wconf 82' lang='lat' dir='ltr'><strong>tem</strong></span> 
     </span>
    </p>
   </div>
   <div class='ocr_carea' id='block_1_3' title="bbox 191 526 1115 3002">
    <p class='ocr_par' dir='ltr' id='par_1_3' title="bbox 193 526 1109 692">
     <span class='ocr_line' id='line_1_3' title="bbox 197 526 1109 626; baseline -0.003 -36"><span class='ocrx_word' id='word_1_11' title='bbox 197 531 249 626; x_wconf 80' lang='lat' dir='ltr'><strong>qui</strong></span> <span class='ocrx_word' id='word_1_12' title='bbox 271 540 403 610; x_wconf 80' lang='lat' dir='ltr'><strong>cogunt,</strong></span> <span class='ocrx_word' id='word_1_13' title='bbox 434 548 526 608; x_wconf 79' lang='lat' dir='ltr'><strong>quern</strong></span> <span class='ocrx_word' id='word_1_14' title='bbox 553 540 586 588; x_wconf 89' lang='lat' dir='ltr'><strong>et</strong></span> <span class='ocrx_word' id='word_1_15' title='bbox 606 532 659 609; x_wconf 74' lang='lat' dir='ltr'><strong>qui</strong></span> <span class='ocrx_word' id='word_1_16' title='bbox 677 549 714 589; x_wconf 74' lang='lat' dir='ltr'><strong>re</strong></span> <span class='ocrx_word' id='word_1_17' title='bbox 736 531 847 610; x_wconf 80' lang='lat' dir='ltr'><strong>engi</strong></span> <span class='ocrx_word' id='word_1_18' title='bbox 829 531 936 589; x_wconf 76' lang='lat' dir='ltr'><strong>sinunt</strong></span> <span class='ocrx_word' id='word_1_19' title='bbox 963 526 1003 587; x_wconf 77' lang='lat' dir='ltr'><strong>nd</strong></span> <span class='ocrx_word' id='word_1_20' title='bbox 1024 529 1109 588; x_wconf 73' lang='lat' dir='ltr'><strong>omis</strong></span> 
     </span>
     <span class='ocr_line' id='line_1_4' title="bbox 193 611 1052 692; baseline -0.004 -18"><span class='ocrx_word' id='word_1_21' title='bbox 193 616 325 690; x_wconf 69' lang='lat' dir='ltr'><strong>donem,</strong></span> <span class='ocrx_word' id='word_1_22' title='bbox 346 615 481 672; x_wconf 59' lang='lat' dir='ltr'><strong>mentes</strong></span> <span class='ocrx_word' id='word_1_23' title='bbox 502 611 572 671; x_wconf 87' lang='lat' dir='ltr'><strong>sd</strong></span> <span class='ocrx_word' id='word_1_24' title='bbox 562 615 659 692; x_wconf 74' lang='lat' dir='ltr'><strong>mnis</strong></span> <span class='ocrx_word' id='word_1_25' title='bbox 679 631 714 673; x_wconf 80' lang='lat' dir='ltr'><strong>se</strong></span> <span class='ocrx_word' id='word_1_26' title='bbox 735 631 850 692; x_wconf 80' lang='lat' dir='ltr'><strong>eogere</strong></span> <span class='ocrx_word' id='word_1_27' title='bbox 870 622 905 672; x_wconf 85' lang='lat' dir='ltr'><strong>et</strong></span> <span class='ocrx_word' id='word_1_28' title='bbox 923 613 1052 690; x_wconf 75' lang='lat' dir='ltr'><strong>ungi.</strong></span> 
     </span>
    </p>

    <p class='ocr_par' dir='ltr' id='par_1_4' title="bbox 193 694 1112 839">
     <span class='ocr_line' id='line_1_5' title="bbox 253 694 1112 792; baseline -0.006 -33"><span class='ocrx_word' id='word_1_29' title='bbox 253 699 305 759; x_wconf 88' lang='grc'><strong>89.</strong></span> <span class='ocrx_word' id='word_1_30' title='bbox 326 696 405 755; x_wconf 77' lang='lat' dir='ltr'><strong>Num</strong></span> <span class='ocrx_word' id='word_1_31' title='bbox 428 696 471 754; x_wconf 83' lang='lat' dir='ltr'><strong>ttti</strong></span> <span class='ocrx_word' id='word_1_32' title='bbox 492 694 544 774; x_wconf 82' lang='lat' dir='ltr'><strong>qni</strong></span> <span class='ocrx_word' id='word_1_33' title='bbox 566 704 683 792; x_wconf 77' lang='lat' dir='ltr'><strong>sugunt</strong></span> <span class='ocrx_word' id='word_1_34' title='bbox 704 715 766 756; x_wconf 92' lang='lat' dir='ltr'><strong>non</strong></span> <span class='ocrx_word' id='word_1_35' title='bbox 784 697 846 755; x_wconf 78' lang='lat' dir='ltr'><strong>hoe</strong></span> <span class='ocrx_word' id='word_1_36' title='bbox 869 706 990 755; x_wconf 73' lang='lat' dir='ltr'><strong>tanturn</strong></span> <span class='ocrx_word' id='word_1_37' title='bbox 1011 701 1112 775; x_wconf 65' lang='lat' dir='ltr'><strong>egunt,</strong></span> 
     </span>
     <span class='ocr_line' id='line_1_6' title="bbox 193 778 1111 839; baseline -0.003 0"><span class='ocrx_word' id='word_1_38' title='bbox 193 789 228 839; x_wconf 86' lang='lat' dir='ltr'><strong>nt</strong></span> <span class='ocrx_word' id='word_1_39' title='bbox 248 779 387 839; x_wconf 81' lang='lat' dir='ltr'><strong>fideles</strong></span> <span class='ocrx_word' id='word_1_40' title='bbox 380 799 410 838; x_wconf 93' lang='grc' dir='ltr'><strong>ιιι</strong></span> <span class='ocrx_word' id='word_1_41' title='bbox 433 779 567 838; x_wconf 84' lang='lat' dir='ltr'><strong>enclesis</strong></span> <span class='ocrx_word' id='word_1_42' title='bbox 588 781 733 839; x_wconf 72' lang='lat' dir='ltr'><strong>omittant</strong></span> <span class='ocrx_word' id='word_1_43' title='bbox 754 780 981 839; x_wconf 76' lang='lat' dir='ltr'><strong>institnu&#39;nnern</strong></span> <span class='ocrx_word' id='word_1_44' title='bbox 995 778 1111 838; x_wconf 76' lang='lat' dir='ltr'><strong>Christi</strong></span> 
     </span>
    </p>

    <p class='ocr_par' dir='ltr' id='par_1_5' title="bbox 194 857 1113 1108">
     <span class='ocr_line' id='line_1_7' title="bbox 255 857 1112 943; baseline -0.008 -17"><span class='ocrx_word' id='word_1_45' title='bbox 255 866 307 926; x_wconf 90' lang='lat'><strong>90.</strong></span> <span class='ocrx_word' id='word_1_46' title='bbox 327 861 391 923; x_wconf 84' lang='lat' dir='ltr'><strong>Sed</strong></span> <span class='ocrx_word' id='word_1_47' title='bbox 411 862 473 922; x_wconf 84' lang='lat' dir='ltr'><strong>hon</strong></span> <span class='ocrx_word' id='word_1_48' title='bbox 493 871 605 943; x_wconf 62' lang='lat' dir='ltr'><strong>egent,</strong></span> <span class='ocrx_word' id='word_1_49' title='bbox 638 872 672 922; x_wconf 90' lang='lat' dir='ltr'><strong>nt</strong></span> <span class='ocrx_word' id='word_1_50' title='bbox 691 857 893 922; x_wconf 78' lang='lat' dir='ltr'><strong>omissionem</strong></span> <span class='ocrx_word' id='word_1_51' title='bbox 916 861 1112 922; x_wconf 85' lang='lat' dir='ltr'><strong>institutionis</strong></span> 
     </span>
     <span class='ocr_line' id='line_1_8' title="bbox 194 943 1113 1022; baseline -0.001 -17"><span class='ocrx_word' id='word_1_52' title='bbox 194 944 375 1021; x_wconf 80' lang='lat' dir='ltr'><strong>institisset,</strong></span> <span class='ocrx_word' id='word_1_53' title='bbox 417 954 449 1004; x_wconf 90' lang='lat' dir='ltr'><strong>et</strong></span> <span class='ocrx_word' id='word_1_54' title='bbox 479 956 642 1006; x_wconf 73' lang='lat' dir='ltr'><strong>coactores</strong></span> <span class='ocrx_word' id='word_1_55' title='bbox 677 945 861 1006; x_wconf 79' lang='lat' dir='ltr'><strong>benefuoere</strong></span> <span class='ocrx_word' id='word_1_56' title='bbox 898 943 1113 1022; x_wconf 81' lang='lat' dir='ltr'><strong>eonfiteentur,</strong></span> 
     </span>
     <span class='ocr_line' id='line_1_9' title="bbox 195 1027 681 1108; baseline 0.002 -20"><span class='ocrx_word' id='word_1_57' title='bbox 195 1030 263 1108; x_wconf 88' lang='lat' dir='ltr'><strong>quis</strong></span> <span class='ocrx_word' id='word_1_58' title='bbox 285 1028 346 1087; x_wconf 87' lang='lat' dir='ltr'><strong>hoo</strong></span> <span class='ocrx_word' id='word_1_59' title='bbox 368 1028 560 1088; x_wconf 69' lang='lat' dir='ltr'>Christianus</span> <span class='ocrx_word' id='word_1_60' title='bbox 581 1027 681 1089; x_wconf 73' lang='lat' dir='ltr'><strong>feret?</strong></span> 
     </span>
    </p>

    <p class='ocr_par' dir='ltr' id='par_1_6' title="bbox 192 1109 1114 1337">
     <span class='ocr_line' id='line_1_10' title="bbox 255 1109 1114 1191; baseline -0.007 -17"><span class='ocrx_word' id='word_1_61' title='bbox 255 1114 304 1174; x_wconf 75' lang='grc'><strong>91.</strong></span> <span class='ocrx_word' id='word_1_62' title='bbox 325 1111 391 1172; x_wconf 87' lang='lat' dir='ltr'><strong>lmo</strong></span> <span class='ocrx_word' id='word_1_63' title='bbox 420 1109 503 1190; x_wconf 84' lang='lat' dir='ltr'><strong>quod</strong></span> <span class='ocrx_word' id='word_1_64' title='bbox 529 1111 704 1172; x_wconf 78' lang='lat' dir='ltr'><strong>horribilius</strong></span> <span class='ocrx_word' id='word_1_65' title='bbox 739 1119 802 1185; x_wconf 79' lang='lat' dir='ltr'><strong>est,</strong></span> <span class='ocrx_word' id='word_1_66' title='bbox 832 1120 952 1191; x_wconf 78' lang='lat' dir='ltr'><strong>sugunt</strong></span> <span class='ocrx_word' id='word_1_67' title='bbox 982 1129 1054 1186; x_wconf 83' lang='lat' dir='ltr'><strong>eos,</strong></span> <span class='ocrx_word' id='word_1_68' title='bbox 1084 1118 1114 1169; x_wconf 91' lang='lat' dir='ltr'><strong>ut</strong></span> 
     </span>
     <span class='ocr_line' id='line_1_11' title="bbox 192 1193 1109 1270; baseline -0.003 -15"><span class='ocrx_word' id='word_1_69' title='bbox 192 1194 345 1255; x_wconf 60' lang='lat' dir='ltr'><strong>(hristum</strong></span> <span class='ocrx_word' id='word_1_70' title='bbox 367 1195 573 1270; x_wconf 77' lang='lat' dir='ltr'><strong>haereticum,</strong></span> <span class='ocrx_word' id='word_1_71' title='bbox 600 1206 633 1255; x_wconf 87' lang='lat' dir='ltr'><strong>et</strong></span> <span class='ocrx_word' id='word_1_72' title='bbox 661 1196 884 1256; x_wconf 80' lang='lat' dir='ltr'><strong>institutionem</strong></span> <span class='ocrx_word' id='word_1_73' title='bbox 911 1195 981 1254; x_wconf 89' lang='lat' dir='ltr'><strong>eius</strong></span> <span class='ocrx_word' id='word_1_74' title='bbox 1008 1193 1109 1253; x_wconf 72' lang='lat' dir='ltr'><strong>huore-</strong></span> 
     </span>
     <span class='ocr_line' id='line_1_12' title="bbox 192 1276 560 1337; baseline 0 0"><span class='ocrx_word' id='word_1_75' title='bbox 192 1279 284 1337; x_wconf 85' lang='lat' dir='ltr'><strong>tiosm</strong></span> <span class='ocrx_word' id='word_1_76' title='bbox 303 1296 375 1337; x_wconf 78' lang='lat' dir='ltr'><strong>osse</strong></span> <span class='ocrx_word' id='word_1_77' title='bbox 396 1276 560 1337; x_wconf 71' lang='lat' dir='ltr'><strong>affirment</strong></span> 
     </span>
    </p>

    <p class='ocr_par' dir='ltr' id='par_1_7' title="bbox 192 1360 1112 1607">
     <span class='ocr_line' id='line_1_13' title="bbox 253 1360 1112 1440; baseline -0.006 -16"><span class='ocrx_word' id='word_1_78' title='bbox 253 1363 305 1424; x_wconf 79' lang='lat'><strong>92.</strong></span> <span class='ocrx_word' id='word_1_79' title='bbox 329 1360 448 1421; x_wconf 79' lang='lat' dir='ltr'>Deinde</span> <span class='ocrx_word' id='word_1_80' title='bbox 470 1370 504 1421; x_wconf 89' lang='lat' dir='ltr'><strong>ut</strong></span> <span class='ocrx_word' id='word_1_81' title='bbox 522 1360 600 1421; x_wconf 79' lang='lat' dir='ltr'><strong>teles</strong></span> <span class='ocrx_word' id='word_1_82' title='bbox 621 1361 794 1422; x_wconf 74' lang='lat' dir='ltr'><strong>haeretinos</strong></span> <span class='ocrx_word' id='word_1_83' title='bbox 816 1361 910 1420; x_wconf 76' lang='lat' dir='ltr'><strong>etism</strong></span> <span class='ocrx_word' id='word_1_84' title='bbox 931 1377 1112 1440; x_wconf 81' lang='lat' dir='ltr'><strong>persequen-</strong></span> 
     </span>
     <span class='ocr_line' id='line_1_14' title="bbox 192 1442 1112 1515; baseline -0.003 -11"><span class='ocrx_word' id='word_1_85' title='bbox 192 1450 241 1504; x_wconf 85' lang='grc' dir='ltr'><strong>ιιιι</strong></span> <span class='ocrx_word' id='word_1_86' title='bbox 282 1451 316 1503; x_wconf 88' lang='lat' dir='ltr'><strong>et</strong></span> <span class='ocrx_word' id='word_1_87' title='bbox 351 1442 511 1515; x_wconf 82' lang='lat' dir='ltr'><strong>oeoidsnt,</strong></span> <span class='ocrx_word' id='word_1_88' title='bbox 550 1451 583 1503; x_wconf 88' lang='lat' dir='ltr'><strong>ut</strong></span> <span class='ocrx_word' id='word_1_89' title='bbox 615 1452 646 1504; x_wconf 88' lang='lat' dir='ltr'><strong>et</strong></span> <span class='ocrx_word' id='word_1_90' title='bbox 681 1443 923 1505; x_wconf 68' lang='lat' dir='ltr'><strong>constantiense</strong></span> <span class='ocrx_word' id='word_1_91' title='bbox 952 1442 1112 1504; x_wconf 81' lang='lat' dir='ltr'><strong>eonsilium</strong></span> 
     </span>
     <span class='ocr_line' id='line_1_15' title="bbox 192 1520 360 1607; baseline -0.006 -20"><span class='ocrx_word' id='word_1_92' title='bbox 192 1520 360 1607; x_wconf 75' lang='lat' dir='ltr'><strong>proecepit„</strong></span> 
     </span>
    </p>

    <p class='ocr_par' dir='ltr' id='par_1_8' title="bbox 191 1607 1114 1855">
     <span class='ocr_line' id='line_1_16' title="bbox 253 1607 1113 1689; baseline -0.008 -16"><span class='ocrx_word' id='word_1_93' title='bbox 253 1613 304 1673; x_wconf 83' lang='lat'><strong>93.</strong></span> <span class='ocrx_word' id='word_1_94' title='bbox 325 1609 419 1684; x_wconf 73' lang='lat' dir='ltr'><strong>Quod</strong></span> <span class='ocrx_word' id='word_1_95' title='bbox 440 1609 638 1689; x_wconf 84' lang='lat' dir='ltr'><strong>exemplum,</strong></span> <span class='ocrx_word' id='word_1_96' title='bbox 665 1610 692 1669; x_wconf 86' lang='lat' dir='ltr'><strong>si</strong></span> <span class='ocrx_word' id='word_1_97' title='bbox 724 1611 769 1670; x_wconf 89' lang='lat' dir='ltr'><strong>eis</strong></span> <span class='ocrx_word' id='word_1_98' title='bbox 797 1607 1006 1685; x_wconf 65' lang='lat' dir='ltr'><strong>sennodum,</strong></span> <span class='ocrx_word' id='word_1_99' title='bbox 1043 1627 1113 1668; x_wconf 80' lang='lat' dir='ltr'><strong>mox</strong></span> 
     </span>
     <span class='ocr_line' id='line_1_17' title="bbox 191 1691 1114 1772; baseline -0.002 -19"><span class='ocrx_word' id='word_1_100' title='bbox 191 1711 284 1772; x_wconf 75' lang='lat' dir='ltr'><strong>qurum</strong></span> <span class='ocrx_word' id='word_1_101' title='bbox 312 1694 441 1772; x_wconf 86' lang='lat' dir='ltr'><strong>primum</strong></span> <span class='ocrx_word' id='word_1_102' title='bbox 475 1700 621 1772; x_wconf 86' lang='lat' dir='ltr'><strong>poterunt</strong></span> <span class='ocrx_word' id='word_1_103' title='bbox 647 1700 679 1755; x_wconf 83' lang='lat' dir='ltr'><strong>et</strong></span> <span class='ocrx_word' id='word_1_104' title='bbox 703 1693 798 1754; x_wconf 73' lang='lat' dir='ltr'><strong>elium</strong></span> <span class='ocrx_word' id='word_1_105' title='bbox 830 1691 995 1752; x_wconf 84' lang='lat' dir='ltr'><strong>ertioulnm</strong></span> <span class='ocrx_word' id='word_1_106' title='bbox 1028 1691 1114 1751; x_wconf 76' lang='lat' dir='ltr'><strong>inrui</strong></span> 
     </span>
     <span class='ocr_line' id='line_1_18' title="bbox 192 1775 961 1855; baseline 0.001 -18"><span class='ocrx_word' id='word_1_107' title='bbox 192 1776 364 1852; x_wconf 69' lang='lat' dir='ltr'><strong>tentabunt,</strong></span> <span class='ocrx_word' id='word_1_108' title='bbox 386 1777 517 1855; x_wconf 86' lang='lat' dir='ltr'><strong>primum</strong></span> <span class='ocrx_word' id='word_1_109' title='bbox 540 1775 673 1854; x_wconf 84' lang='lat' dir='ltr'><strong>quedem</strong></span> <span class='ocrx_word' id='word_1_110' title='bbox 695 1776 757 1836; x_wconf 74' lang='lat' dir='ltr'><strong>tesi</strong></span> <span class='ocrx_word' id='word_1_111' title='bbox 778 1775 961 1838; x_wconf 75' lang='lat' dir='ltr'><strong>omissione.</strong></span> 
     </span>
    </p>

    <p class='ocr_par' dir='ltr' id='par_1_9' title="bbox 192 1858 1115 2086">
     <span class='ocr_line' id='line_1_19' title="bbox 256 1858 1114 1938; baseline -0.007 -16"><span class='ocrx_word' id='word_1_112' title='bbox 256 1861 305 1923; x_wconf 80' lang='lat'><strong>94.</strong></span> <span class='ocrx_word' id='word_1_113' title='bbox 329 1860 403 1920; x_wconf 85' lang='lat' dir='ltr'><strong>Post</strong></span> <span class='ocrx_word' id='word_1_114' title='bbox 436 1859 636 1938; x_wconf 75' lang='lat' dir='ltr'><strong>praevalente</strong></span> <span class='ocrx_word' id='word_1_115' title='bbox 663 1858 889 1920; x_wconf 83' lang='lat' dir='ltr'><strong>eonsuetudine</strong></span> <span class='ocrx_word' id='word_1_116' title='bbox 917 1877 989 1918; x_wconf 87' lang='lat' dir='ltr'><strong>eum</strong></span> <span class='ocrx_word' id='word_1_117' title='bbox 1023 1859 1054 1917; x_wconf 82' lang='lat' dir='ltr'><strong>vi</strong></span> <span class='ocrx_word' id='word_1_118' title='bbox 1074 1875 1114 1916; x_wconf 74' lang='grc' dir='ltr'><strong>ιι</strong></span> 
     </span>
     <span class='ocr_line' id='line_1_20' title="bbox 192 1941 1115 2022; baseline -0.002 -20"><span class='ocrx_word' id='word_1_119' title='bbox 192 1943 289 2022; x_wconf 75' lang='lat' dir='ltr'><strong>pient,</strong></span> <span class='ocrx_word' id='word_1_120' title='bbox 312 1950 344 2002; x_wconf 89' lang='lat' dir='ltr'><strong>et</strong></span> <span class='ocrx_word' id='word_1_121' title='bbox 365 1949 522 2021; x_wconf 65' lang='lat' dir='ltr'><strong>potestate</strong></span> <span class='ocrx_word' id='word_1_122' title='bbox 543 1941 788 2020; x_wconf 82' lang='lat' dir='ltr'><strong>eonfirmobnnt‚</strong></span> <span class='ocrx_word' id='word_1_123' title='bbox 809 1943 890 2002; x_wconf 86' lang='lat' dir='ltr'><strong>sieut</strong></span> <span class='ocrx_word' id='word_1_124' title='bbox 909 1943 944 2001; x_wconf 91' lang='lat' dir='ltr'><strong>in</strong></span> <span class='ocrx_word' id='word_1_125' title='bbox 966 1941 1031 2004; x_wconf 79' lang='lat' dir='ltr'><strong>hoe</strong></span> <span class='ocrx_word' id='word_1_126' title='bbox 1051 1941 1115 2000; x_wconf 85' lang='lat' dir='ltr'><strong>urti-</strong></span> 
     </span>
     <span class='ocr_line' id='line_1_21' title="bbox 192 2025 435 2086; baseline 0.004 -1"><span class='ocrx_word' id='word_1_127' title='bbox 192 2025 265 2086; x_wconf 84' lang='lat' dir='ltr'><strong>oulo</strong></span> <span class='ocrx_word' id='word_1_128' title='bbox 287 2025 435 2086; x_wconf 80' lang='lat' dir='ltr'><strong>iecerunt.</strong></span> 
     </span>
    </p>

    <p class='ocr_par' dir='ltr' id='par_1_10' title="bbox 192 2105 1114 2270">
     <span class='ocr_line' id='line_1_22' title="bbox 256 2105 1114 2178; baseline -0.006 -6"><span class='ocrx_word' id='word_1_129' title='bbox 256 2112 306 2172; x_wconf 91' lang='grc'><strong>95.</strong></span> <span class='ocrx_word' id='word_1_130' title='bbox 328 2108 415 2168; x_wconf 84' lang='lat' dir='ltr'><strong>Tune</strong></span> <span class='ocrx_word' id='word_1_131' title='bbox 436 2112 545 2168; x_wconf 84' lang='lat' dir='ltr'><strong>iterum</strong></span> <span class='ocrx_word' id='word_1_132' title='bbox 576 2110 634 2168; x_wconf 84' lang='lat' dir='ltr'><strong>erit</strong></span> <span class='ocrx_word' id='word_1_133' title='bbox 665 2105 882 2178; x_wconf 81' lang='lat' dir='ltr'><strong>oedendum1)</strong></span> <span class='ocrx_word' id='word_1_134' title='bbox 912 2114 948 2168; x_wconf 86' lang='lat' dir='ltr'><strong>et</strong></span> <span class='ocrx_word' id='word_1_135' title='bbox 973 2106 1114 2168; x_wconf 86' lang='lat' dir='ltr'><strong>obedien·</strong></span> 
     </span>
     <span class='ocr_line' id='line_1_23' title="bbox 192 2189 907 2270; baseline -0.003 -19"><span class='ocrx_word' id='word_1_136' title='bbox 192 2190 265 2253; x_wconf 84' lang='lat' dir='ltr'><strong>dum</strong></span> <span class='ocrx_word' id='word_1_137' title='bbox 288 2192 436 2270; x_wconf 82' lang='lat' dir='ltr'><strong>potestetr‘</strong></span> <span class='ocrx_word' id='word_1_138' title='bbox 458 2189 644 2269; x_wconf 76' lang='lat' dir='ltr'><strong>mundsnse,</strong></span> <span class='ocrx_word' id='word_1_139' title='bbox 666 2197 776 2251; x_wconf 68' lang='lat' dir='ltr'><strong>eontra</strong></span> <span class='ocrx_word' id='word_1_140' title='bbox 796 2191 907 2251; x_wconf 87' lang='lat' dir='ltr'><strong>Denrn.</strong></span> 
     </span>
    </p>

    <p class='ocr_par' dir='ltr' id='par_1_11' title="bbox 193 2272 1114 2434">
     <span class='ocr_line' id='line_1_24' title="bbox 255 2272 1112 2351; baseline -0.006 -14"><span class='ocrx_word' id='word_1_141' title='bbox 255 2276 305 2338; x_wconf 87' lang='grc'><strong>98.</strong></span> <span class='ocrx_word' id='word_1_142' title='bbox 327 2274 393 2334; x_wconf 80' lang='lat' dir='ltr'><strong>Hoc</strong></span> <span class='ocrx_word' id='word_1_143' title='bbox 413 2275 534 2334; x_wconf 87' lang='lat' dir='ltr'><strong>rstione</strong></span> <span class='ocrx_word' id='word_1_144' title='bbox 556 2274 624 2351; x_wconf 86' lang='lat' dir='ltr'><strong>fiet,</strong></span> <span class='ocrx_word' id='word_1_145' title='bbox 647 2282 682 2334; x_wconf 92' lang='lat' dir='ltr'><strong>ut</strong></span> <span class='ocrx_word' id='word_1_146' title='bbox 700 2272 840 2334; x_wconf 78' lang='lat' dir='ltr'><strong>Christus</strong></span> <span class='ocrx_word' id='word_1_147' title='bbox 868 2273 989 2334; x_wconf 87' lang='lat' dir='ltr'><strong>nullum</strong></span> <span class='ocrx_word' id='word_1_148' title='bbox 1012 2274 1112 2334; x_wconf 85' lang='lat' dir='ltr'><strong>srtiou·</strong></span> 
     </span>
     <span class='ocr_line' id='line_1_25' title="bbox 193 2356 1114 2434; baseline 0 -18"><span class='ocrx_word' id='word_1_149' title='bbox 193 2357 267 2432; x_wconf 83' lang='lat' dir='ltr'><strong>lum,</strong></span> <span class='ocrx_word' id='word_1_150' title='bbox 282 2357 544 2434; x_wconf 76' lang='lat' dir='ltr'><strong>nullumverburn,</strong></span> <span class='ocrx_word' id='word_1_151' title='bbox 566 2358 683 2417; x_wconf 83' lang='lat' dir='ltr'><strong>nullum</strong></span> <span class='ocrx_word' id='word_1_152' title='bbox 691 2377 779 2417; x_wconf 88' lang='lat' dir='ltr'><strong>usum</strong></span> <span class='ocrx_word' id='word_1_153' title='bbox 791 2359 821 2417; x_wconf 93' lang='lat' dir='ltr'><strong>in</strong></span> <span class='ocrx_word' id='word_1_154' title='bbox 831 2356 968 2417; x_wconf 82' lang='lat' dir='ltr'><strong>eoelesis</strong></span> <span class='ocrx_word' id='word_1_155' title='bbox 978 2358 1114 2417; x_wconf 78' lang='lat' dir='ltr'><strong>retinent.</strong></span> 
     </span>
    </p>

    <p class='ocr_par' dir='ltr' id='par_1_12' title="bbox 192 2438 1112 2668">
     <span class='ocr_line' id='line_1_26' title="bbox 256 2438 1111 2521; baseline -0.005 -19"><span class='ocrx_word' id='word_1_156' title='bbox 256 2443 304 2502; x_wconf 80' lang='grc'><strong>97.</strong></span> <span class='ocrx_word' id='word_1_157' title='bbox 327 2440 404 2499; x_wconf 88' lang='grc' dir='ltr'><strong>Τιιιιι</strong></span> <span class='ocrx_word' id='word_1_158' title='bbox 428 2439 638 2521; x_wconf 70' lang='lat' dir='ltr'><strong>superbissimi</strong></span> <span class='ocrx_word' id='word_1_159' title='bbox 661 2450 789 2501; x_wconf 70' lang='lat' dir='ltr'><strong>somnne</strong></span> <span class='ocrx_word' id='word_1_160' title='bbox 803 2438 971 2520; x_wconf 85' lang='lat' dir='ltr'><strong>pontifioes</strong></span> <span class='ocrx_word' id='word_1_161' title='bbox 993 2439 1111 2501; x_wconf 75' lang='lat' dir='ltr'><strong>tundent</strong></span> 
     </span>
     <span class='ocr_line' id='line_1_27' title="bbox 192 2523 1112 2605; baseline -0.004 -21"><span class='ocrx_word' id='word_1_162' title='bbox 192 2525 357 2584; x_wconf 82' lang='lat' dir='ltr'><strong>senlesism</strong></span> <span class='ocrx_word' id='word_1_163' title='bbox 381 2532 504 2605; x_wconf 78' lang='lat' dir='ltr'><strong>nogent,</strong></span> <span class='ocrx_word' id='word_1_164' title='bbox 527 2543 590 2584; x_wconf 90' lang='lat' dir='ltr'><strong>uon</strong></span> <span class='ocrx_word' id='word_1_165' title='bbox 611 2523 819 2604; x_wconf 77' lang='lat' dir='ltr'><strong>indulgent-ies</strong></span> <span class='ocrx_word' id='word_1_166' title='bbox 841 2543 914 2583; x_wconf 87' lang='lat' dir='ltr'><strong>suss</strong></span> <span class='ocrx_word' id='word_1_167' title='bbox 945 2531 1067 2584; x_wconf 86' lang='lat' dir='ltr'><strong>tentum</strong></span> <span class='ocrx_word' id='word_1_168' title='bbox 1089 2530 1112 2581; x_wconf 83' lang='lat' dir='ltr'><strong>st</strong></span> 
     </span>
     <span class='ocr_line' id='line_1_28' title="bbox 192 2606 856 2668; baseline 0 -1"><span class='ocrx_word' id='word_1_169' title='bbox 192 2607 255 2667; x_wconf 88' lang='lat' dir='ltr'><strong>slis</strong></span> <span class='ocrx_word' id='word_1_170' title='bbox 276 2607 430 2668; x_wconf 81' lang='lat' dir='ltr'><strong>horrende</strong></span> <span class='ocrx_word' id='word_1_171' title='bbox 451 2628 508 2667; x_wconf 83' lang='lat' dir='ltr'><strong>sus</strong></span> <span class='ocrx_word' id='word_1_172' title='bbox 531 2606 693 2667; x_wconf 79' lang='lat' dir='ltr'><strong>mendonis</strong></span> <span class='ocrx_word' id='word_1_173' title='bbox 715 2606 856 2667; x_wconf 83' lang='lat' dir='ltr'><strong>odorere.</strong></span> 
     </span>
    </p>

    <p class='ocr_par' dir='ltr' id='par_1_13' title="bbox 191 2689 1112 3001">
     <span class='ocr_line' id='line_1_29' title="bbox 255 2689 1111 2770; baseline -0.002 -19"><span class='ocrx_word' id='word_1_174' title='bbox 255 2691 305 2752; x_wconf 82' lang='lat'><strong>98.</strong></span> <span class='ocrx_word' id='word_1_175' title='bbox 328 2690 389 2750; x_wconf 74' lang='lat' dir='ltr'><strong>Sed</strong></span> <span class='ocrx_word' id='word_1_176' title='bbox 412 2691 491 2751; x_wconf 83' lang='lat' dir='ltr'><strong>forte</strong></span> <span class='ocrx_word' id='word_1_177' title='bbox 513 2700 544 2750; x_wconf 83' lang='lat' dir='ltr'><strong>et</strong></span> <span class='ocrx_word' id='word_1_178' title='bbox 572 2692 721 2770; x_wconf 81' lang='lat' dir='ltr'><strong>erepitum</strong></span> <span class='ocrx_word' id='word_1_179' title='bbox 751 2690 886 2764; x_wconf 83' lang='lat' dir='ltr'><strong>ventris,</strong></span> <span class='ocrx_word' id='word_1_180' title='bbox 915 2697 950 2749; x_wconf 83' lang='lat' dir='ltr'><strong>et</strong></span> <span class='ocrx_word' id='word_1_181' title='bbox 977 2689 1111 2750; x_wconf 80' lang='lat' dir='ltr'><strong>nidorem</strong></span> 
     </span>
     <span class='ocr_line' id='line_1_30' title="bbox 193 2771 1112 2853; baseline 0.002 -24"><span class='ocrx_word' id='word_1_182' title='bbox 193 2771 366 2832; x_wconf 87' lang='lat' dir='ltr'><strong>osloeorum</strong></span> <span class='ocrx_word' id='word_1_183' title='bbox 410 2783 442 2832; x_wconf 87' lang='lat' dir='ltr'><strong>et</strong></span> <span class='ocrx_word' id='word_1_184' title='bbox 475 2773 586 2853; x_wconf 84' lang='lat' dir='ltr'><strong>pedum</strong></span> <span class='ocrx_word' id='word_1_185' title='bbox 623 2793 747 2833; x_wconf 89' lang='lat' dir='ltr'><strong>suorum</strong></span> <span class='ocrx_word' id='word_1_186' title='bbox 782 2773 952 2833; x_wconf 85' lang='lat' dir='ltr'><strong>viventium</strong></span> <span class='ocrx_word' id='word_1_187' title='bbox 989 2772 1112 2833; x_wconf 80' lang='lat' dir='ltr'><strong>adorare</strong></span> 
     </span>
     <span class='ocr_line' id='line_1_31' title="bbox 191 2856 1111 2933; baseline 0 -19"><span class='ocrx_word' id='word_1_188' title='bbox 191 2860 316 2933; x_wconf 74' lang='lat' dir='ltr'><strong>sugent,</strong></span> <span class='ocrx_word' id='word_1_189' title='bbox 338 2857 418 2916; x_wconf 82' lang='lat' dir='ltr'><strong>siout</strong></span> <span class='ocrx_word' id='word_1_190' title='bbox 434 2857 762 2917; x_wconf 78' lang='lat' dir='ltr'><strong>docueruuthsetenns</strong></span> <span class='ocrx_word' id='word_1_191' title='bbox 777 2863 970 2917; x_wconf 84' lang='lat' dir='ltr'><strong>mortuorum</strong></span> <span class='ocrx_word' id='word_1_192' title='bbox 990 2856 1111 2916; x_wconf 80' lang='lat' dir='ltr'><strong>sudores</strong></span> 
     </span>
     <span class='ocr_line' id='line_1_32' title="bbox 192 2936 544 3002; baseline 0.018 -7"><span class='ocrx_word' id='word_1_193' title='bbox 192 2940 226 2996; x_wconf 83' lang='lat' dir='ltr'><strong>st</strong></span> <span class='ocrx_word' id='word_1_194' title='bbox 245 2936 380 2998; x_wconf 79' lang='lat' dir='ltr'><strong>foetores</strong></span> <span class='ocrx_word' id='word_1_195' title='bbox 403 2939 544 3002; x_wconf 80' lang='lat' dir='ltr'><strong>odorere</strong></span> 
     </span>
    </p>
   </div>
   <div class='ocr_carea' id='block_1_4' title="bbox 192 3020 1114 3519">
    <p class='ocr_par' dir='ltr' id='par_1_14' title="bbox 192 3020 1112 3246">
     <span class='ocr_line' id='line_1_33' title="bbox 255 3020 1112 3103; baseline -0.002 -22"><span class='ocrx_word' id='word_1_196' title='bbox 255 3020 304 3083; x_wconf 89' lang='lat'><strong>99.</strong></span> <span class='ocrx_word' id='word_1_197' title='bbox 327 3021 550 3103; x_wconf 79' lang='lat' dir='ltr'><strong>Principiisigl</strong></span> <span class='ocrx_word' id='word_1_198' title='bbox 542 3024 601 3082; x_wconf 90' lang='lat' dir='ltr'><strong>tur</strong></span> <span class='ocrx_word' id='word_1_199' title='bbox 622 3021 807 3083; x_wconf 78' lang='lat' dir='ltr'><strong>obstendum</strong></span> <span class='ocrx_word' id='word_1_200' title='bbox 828 3024 891 3097; x_wconf 82' lang='lat' dir='ltr'><strong>est,</strong></span> <span class='ocrx_word' id='word_1_201' title='bbox 923 3027 956 3081; x_wconf 86' lang='lat' dir='ltr'><strong>et</strong></span> <span class='ocrx_word' id='word_1_202' title='bbox 990 3040 1032 3081; x_wconf 90' lang='lat' dir='ltr'><strong>ne</strong></span> <span class='ocrx_word' id='word_1_203' title='bbox 1058 3021 1112 3080; x_wconf 79' lang='lat' dir='ltr'><strong>iou</strong></span> 
     </span>
     <span class='ocr_line' id='line_1_34' title="bbox 193 3101 1110 3180; baseline 0.001 -20"><span class='ocrx_word' id='word_1_204' title='bbox 193 3101 315 3180; x_wconf 89' lang='lat' dir='ltr'><strong>quidem</strong></span> <span class='ocrx_word' id='word_1_205' title='bbox 344 3104 403 3163; x_wconf 90' lang='lat' dir='ltr'><strong>illis</strong></span> <span class='ocrx_word' id='word_1_206' title='bbox 431 3106 469 3166; x_wconf 88' lang='lat' dir='ltr'><strong>de</strong></span> <span class='ocrx_word' id='word_1_207' title='bbox 502 3105 595 3166; x_wconf 87' lang='lat' dir='ltr'><strong>verbo</strong></span> <span class='ocrx_word' id='word_1_208' title='bbox 623 3113 654 3165; x_wconf 89' lang='lat' dir='ltr'><strong>et</strong></span> <span class='ocrx_word' id='word_1_209' title='bbox 683 3107 822 3165; x_wconf 85' lang='lat' dir='ltr'><strong>instituto</strong></span> <span class='ocrx_word' id='word_1_210' title='bbox 850 3104 907 3163; x_wconf 87' lang='lat' dir='ltr'><strong>Dei</strong></span> <span class='ocrx_word' id='word_1_211' title='bbox 938 3103 1008 3165; x_wconf 84' lang='lat' dir='ltr'><strong>ullo</strong></span> <span class='ocrx_word' id='word_1_212' title='bbox 1048 3121 1110 3163; x_wconf 87' lang='lat' dir='ltr'><strong>oon·</strong></span> 
     </span>
     <span class='ocr_line' id='line_1_35' title="bbox 192 3183 374 3247; baseline 0.018 -3"><span class='ocrx_word' id='word_1_213' title='bbox 192 3183 374 3247; x_wconf 86' lang='lat' dir='ltr'><strong>oedendum.</strong></span> 
     </span>
    </p>

    <p class='ocr_par' dir='ltr' id='par_1_15' title="bbox 192 3236 1114 3519">
     <span class='ocr_line' id='line_1_36' title="bbox 235 3236 1114 3345; baseline -0.002 -15"><span class='ocrx_word' id='word_1_214' title='bbox 235 3271 304 3334; x_wconf 90' lang='grc'><strong>100.</strong></span> <span class='ocrx_word' id='word_1_215' title='bbox 327 3269 464 3331; x_wconf 82' lang='lat' dir='ltr'><strong>Ohu&#39;stns</strong></span> <span class='ocrx_word' id='word_1_216' title='bbox 494 3272 578 3331; x_wconf 87' lang='lat' dir='ltr'><strong>enim</strong></span> <span class='ocrx_word' id='word_1_217' title='bbox 600 3270 689 3333; x_wconf 83' lang='lat' dir='ltr'><strong>nobie</strong></span> <span class='ocrx_word' id='word_1_218' title='bbox 712 3270 826 3345; x_wconf 82' lang='lat' dir='ltr'><strong>oderit,</strong></span> <span class='ocrx_word' id='word_1_219' title='bbox 855 3236 959 3329; x_wconf 84' lang='lat' dir='ltr'><strong>dones</strong></span> <span class='ocrx_word' id='word_1_220' title='bbox 988 3268 1114 3329; x_wconf 78' lang='lat' dir='ltr'><strong>fideliter</strong></span> 
     </span>
     <span class='ocr_line' id='line_1_37' title="bbox 192 3348 1114 3435; baseline -0.003 -24"><span class='ocrx_word' id='word_1_221' title='bbox 192 3370 261 3411; x_wconf 88' lang='lat' dir='ltr'><strong>eum</strong></span> <span class='ocrx_word' id='word_1_222' title='bbox 285 3352 419 3413; x_wconf 79' lang='lat' dir='ltr'><strong>confessi</strong></span> <span class='ocrx_word' id='word_1_223' title='bbox 440 3348 646 3433; x_wconf 79' lang='lat' dir='ltr'><strong>fuerimus,</strong></span> <span class='ocrx_word' id='word_1_224' title='bbox 635 3355 686 3435; x_wconf 88' lang='lat' dir='ltr'><strong>qui</strong></span> <span class='ocrx_word' id='word_1_225' title='bbox 720 3361 752 3414; x_wconf 81' lang='lat' dir='ltr'><strong>et</strong></span> <span class='ocrx_word' id='word_1_226' title='bbox 774 3354 891 3432; x_wconf 82' lang='lat' dir='ltr'><strong>ineepit</strong></span> <span class='ocrx_word' id='word_1_227' title='bbox 920 3360 952 3413; x_wconf 88' lang='lat' dir='ltr'><strong>et</strong></span> <span class='ocrx_word' id='word_1_228' title='bbox 982 3352 1114 3432; x_wconf 79' lang='lat' dir='ltr'><strong>perfloiet</strong></span> 
     </span>
     <span class='ocr_line' id='line_1_38' title="bbox 192 3436 856 3519; baseline 0.006 -25"><span class='ocrx_word' id='word_1_229' title='bbox 192 3451 271 3519; x_wconf 84' lang='lat' dir='ltr'><strong>opus</strong></span> <span class='ocrx_word' id='word_1_230' title='bbox 292 3454 381 3497; x_wconf 90' lang='lat' dir='ltr'><strong>suum</strong></span> <span class='ocrx_word' id='word_1_231' title='bbox 405 3437 437 3496; x_wconf 91' lang='lat' dir='ltr'><strong>in</strong></span> <span class='ocrx_word' id='word_1_232' title='bbox 459 3437 578 3498; x_wconf 91' lang='lat' dir='ltr'><strong>nobis</strong></span> <span class='ocrx_word' id='word_1_233' title='bbox 570 3457 602 3497; x_wconf 89' lang='grc' dir='ltr'><strong>ιιι</strong></span> <span class='ocrx_word' id='word_1_234' title='bbox 624 3436 728 3516; x_wconf 85' lang='lat' dir='ltr'><strong>finem,</strong></span> <span class='ocrx_word' id='word_1_235' title='bbox 746 3437 856 3498; x_wconf 86' lang='lat' dir='ltr'><strong>Amen.</strong></span> 
     </span>
    </p>
   </div>
   <div class='ocr_carea' id='block_1_5' title="bbox 265 3774 904 3849">
    <p class='ocr_par' dir='ltr' id='par_1_16' title="bbox 265 3774 904 3849">
     <span class='ocr_line' id='line_1_39' title="bbox 265 3774 904 3849; baseline 0.016 -17"><span class='ocrx_word' id='word_1_236' title='bbox 265 3778 295 3849; x_wconf 89' lang='lat'><strong>1)</strong></span> <span class='ocrx_word' id='word_1_237' title='bbox 317 3780 348 3832; x_wconf 88' lang='lat' dir='ltr'><strong>tn</strong></span> <span class='ocrx_word' id='word_1_238' title='bbox 367 3778 410 3834; x_wconf 88' lang='lat' dir='ltr'><strong>ed.</strong></span> <span class='ocrx_word' id='word_1_239' title='bbox 432 3779 503 3837; x_wconf 88' lang='grc'><strong>1558</strong></span> <span class='ocrx_word' id='word_1_240' title='bbox 520 3784 548 3836; x_wconf 83' lang='lat' dir='ltr'><strong>et</strong></span> <span class='ocrx_word' id='word_1_241' title='bbox 567 3780 610 3836; x_wconf 89' lang='lat' dir='ltr'><strong>ed.</strong></span> <span class='ocrx_word' id='word_1_242' title='bbox 627 3780 705 3845; x_wconf 73' lang='lat' dir='ltr'><strong>,ten-z</strong></span> <span class='ocrx_word' id='word_1_243' title='bbox 723 3774 904 3846; x_wconf 49' lang='lat' dir='ltr'><strong>testitum·</strong></span> 
     </span>
    </p>
   </div>
   <div class='ocr_carea' id='block_1_6' title="bbox 0 0 1171 4206">
    <p class='ocr_par' dir='ltr' id='par_1_17' title="bbox 0 0 1171 4206">
     <span class='ocr_line' id='line_1_40' title="bbox 0 0 1171 4206; baseline 0 0"><span class='ocrx_word' id='word_1_244' title='bbox 0 0 1171 4206; x_wconf 95' lang='lat' dir='ltr'><strong> </strong></span> 
     </span>
    </p>
   </div>
  </div>
 </body>
</html>
