2346 4208
284 270 367 333 „ed
386 269 446 329 ton.
464 270 721 341 uelamentum
926 271 988 343 483

47 460 361 537 ‚tut-..eonsentiamus
390 461 560 523 innostra
588 465 849 543 aasepeteeteta,
880 461 989 539 inquit.

38 540 106 608 ,lu
117 538 365 608 coarmantur,
376 543 569 622 oppugnavit
588 542 707 621 aliquot
727 542 891 623 Augustini
908 544 989 605 ‚locis

60 632 98 687 et
125 608 349 699 haeresim).
366 625 562 691 tortusue:
597 625 680 687 Deus
713 624 806 687 eflicit
834 626 988 687 innubis

66 707 148 768 velle
170 714 201 768 et
221 708 379 789 perficere.
424 709 524 788 Atque
547 708 643 785 haee,
676 709 706 766 ni
729 708 836 786 fallor,
869 716 989 772 senten·

44 793 109 855 Jtia
132 791 461 875 selvatlarolostadio
490 792 610 853 mansit.
639 789 812 865 ,Quaedam
836 811 892 871 pro
916 791 990 872 dog·

49 881 150 940 ..aete
181 893 244 939 suo
274 874 497 938 ex.Bernerdo
536 875 769 954 transcripserat
802 874 913 937 Eeeius
950 874 989 934 ad

40 977 130 1023 ;..rem
153 959 453 1038 pamm-attinentia.
492 957 599 1036 Atque
621 957 699 1019 haee
720 959 784 1023 fere
806 967 888 1034 sunt,
908 977 988 1037 qnae

58 1039 375 1105 -sumcarotostadio
398 1041 520 1105 uerius.
563 1041 717 1119 Integrem
753 1041 846 1103 oredo
873 1040 989 1103 hebdo-

37 1123 187 1189 ..madam
211 1124 398 1203 perdidimus
422 1127 452 1184 in
474 1124 533 1201 his,
556 1143 686 1202 quorum
701 1125 802 1203 eapite
819 1123 989 1206 συντόμως

49 1208 183 1272 ,nutavi
882 1266 883 1271 ,

145 1289 203 1359 ,His
232 1289 391 1353 autoribus
429 1291 558 1369 primum
587 1288 695 1367 didioi,
731 1289 802 1368 quid
837 1289 878 1354 sit
905 1289 988 1368 quod

43 1370 426 1453 ‚uetereso'omro'rsriew
449 1372 600 1437 dixerunt.
638 1372 746 1439 Mirum
780 1372 858 1435 haee
886 1373 989 1439 omnia

48 1474 127 1536 ,quo
148 1456 294 1535 tumultu,
328 1474 418 1534 quam
448 1456 563 1534 tragice
587 1462 718 1520 tractata
739 1455 816 1531 sint,
852 1457 987 1533 quomi-

63 1559 123 1606 nus
140 1539 339 1615 mirumest,
367 1557 474 1617 perum
498 1537 668 1616 profectum
699 1556 778 1599 esse.
810 1536 885 1603 ‚Sua
904 1539 987 1602 ‚enim

64 1622 190 1682 silentia
224 1627 307 1680 amat
336 1620 484 1701 Spiritus,
523 1640 578 1700 per
609 1639 689 1698 quae
723 1619 811 1679 nobis
844 1620 988 1698 illabitur,

52 1723 163 1784 ‚seque
181 1704 466 1784 insinuatgeupidus
489 1723 552 1763 non
573 1702 703 1782 gloriae,
723 1703 780 1770 sed
797 1721 987 1782 eognoscen-

38 1787 125 1855 .dee
154 1788 299 1855 veritatis.
349 1787 420 1847 Non
436 1790 574 1866 „prostat
605 1787 636 1846 in
672 1784 839 1865 porticibus
859 1805 989 1865 ²sponsa

60 1870 121 1931 illa
151 1870 431 1948 dilectachnsto,
465 1867 519 1930 sed
554 1871 585 1929 in
611 1869 744 1931 ,domum
778 1869 882 1931 metris
912 1888 988 1929 suae

37 1972 210 2033 ,sponsum
232 1953 421 2039 introdusit„
451 1953 512 2013 imo
538 1971 638 2031 neque
660 1952 713 2012 ulli
735 1970 792 2013 nos
816 1953 987 2030 sapientiae

44 2036 207 2103 ..eoelestis
229 2036 306 2098 redii
327 2037 495 2114 illustrent,
528 2037 586 2095 nisi
615 2037 677 2095 iam
707 2041 792 2099 ante,
807 2052 899 2097 oruee
921 2053 986 2114 per-

60 2126 210 2201 purgatus
233 2124 432 2198 mortuosque
446 2120 589 2198 ,pristinis
613 2118 716 2178 mundi
740 2119 922 2194 elementis,
957 2125 990 2176 ut

62 2223 132 2271 eum
158 2203 252 2264 Paulo
276 2203 387 2264 dicam.

146 2286 208 2347 Sub
236 2286 314 2347 haee
342 2287 429 2346 etl).
454 2287 600 2347 Martinus
622 2285 770 2345 Lutherus
799 2286 830 2343 in
860 2303 986 2345 arenam

61 2369 234 2446 deseendit,
257 2389 326 2430 nam
350 2369 497 2428 haetenus
515 2388 576 2427 non
600 2369 672 2427 satis
689 2377 804 2427 eertum
828 2374 894 2449 erat
915 2387 982 2428 eon-

61 2452 166 2533 gredi,
212 2472 279 2515 eum
320 2471 431 2511 sensae
470 2451 640 2511 invidiosae
659 2450 788 2517 >iudices
824 2449 987 2530 designare

44 2534 232 2599 ‚eommnde
250 2554 311 2595 non
334 2543 456 2614 posset,
487 2553 542 2612 pro
566 2535 630 2591 iure
652 2533 880 2612 Appellationis
903 2553 985 2595 suae.

62 2619 280 2687 Tameneum
316 2617 354 2677 de
381 2637 418 2677 eo
448 2617 659 2692 convenisset,
691 2616 740 2694 agi
769 2623 912 2694 coeptum
941 2623 988 2675 est

62 2701 103 2761 de
131 2702 262 2761 Romani
292 2700 449 2760 Pontifiois
480 2700 658 2774 autoritate,
693 2704 985 2777 controversumque

62 2791 120 2861 est,
143 2804 181 2844 an
204 2787 275 2849 iure
291 2784 394 2845 divino
419 2784 541 2862 probari
574 2787 680 2861 posset
702 2783 892 2845 oecumenici
909 2783 986 2841 Pon-

62 2865 153 2928 tifieis
175 2867 344 2927 autoritas?
378 2867 461 2930 Esse.
479 2866 710 2927 oecumenicum
733 2863 913 2924 Pontificem
944 2867 986 2924 in-

43 2969 164 3031 ⁴genus
195 2951 307 3010 fatetur
327 2950 485 3013 Lutherus
531 2950 563 3008 ln
587 2950 648 3008 liae
670 2947 824 3025 disputat,
860 2967 900 3006 an
921 2949 986 3007 iure

62 3033 169 3100 diuino
193 3033 316 3113 probari
332 3035 395 3093 eius
420 3033 567 3092 autoritas
590 3032 697 3112 possit.
728 3030 762 3088 ln
780 3030 862 3091 hune
882 3030 985 3090 laeum

61 3116 312 3196 quandoquidem
335 3118 427 3196 paulo
452 3117 590 3195 asperior
613 3122 675 3190 est,
700 3113 764 3172 dies
788 3115 986 3192 quinqueni

58 3201 168 3281 fallor,
208 3202 339 3275 impensi
380 3207 458 3259 sunt.
507 3200 551 3258 lbi
587 3198 682 3257 multa
718 3197 829 3256 acerbe
862 3196 984 3274 Eeeius,

40 3284 159 3345 multa
180 3284 359 3360 inciviliter,
382 3283 514 3342 breviter
537 3283 641 3341 omnia
665 3280 832 3357 eiusmodi,
857 3286 890 3339 ut
910 3281 985 3339 invi-

60 3367 146 3427 diam
170 3367 251 3446 apnd
274 3366 383 3445 vulgus
404 3365 537 3425 Luthero
563 3361 720 3424 conflaret.

146 3449 370 3529 Argumentum
406 3450 535 3528 primum
573 3455 639 3507 erat
678 3445 778 3522 Eeoii,
823 3446 983 3505 eeclesiam
1044 3447 1050 3455 '

42 3529 236 3614 ,ἀκέφαλον
259 3550 412 3592 essenon
439 3550 548 3611 posse,
586 3549 653 3590 oum
691 3528 781 3589 oivile
804 3547 915 3607 eorpus
938 3529 985 3588 sit.

136 3793 165 3860 *)
187 3792 284 3860 Philip.
304 3791 328 3845 2.
733 3853 819 3923 'w
