2346 4208
120 246 162 314 92
328 250 438 304 Tssssr.
457 250 571 304 consol.
591 249 627 305 D,
646 251 681 304 Μ.
701 250 813 305 Lutlrsri

121 436 342 507 linientibus¹l
376 436 572 516 quibusdam,
605 436 687 516 quod
719 439 810 498 timor
846 439 885 498 sit
914 437 1039 499 affectas

121 521 282 582 defuturo
311 520 409 594 malo,
444 528 477 580 ιιι
512 527 542 580 et
578 521 739 599 apostolus
767 521 850 581 dicat
871 522 972 583 Rom·
987 524 1039 584 11:

120 605 191 665 Noli
213 604 306 664 altum
331 624 452 683 sapere,
474 603 528 663 sed
542 606 623 663 time.
657 604 725 665 Hoc
748 604 860 665 malum
883 623 924 665 eo
946 606 1040 666 muln

122 695 186 766 est,
208 707 270 767 quo
293 689 437 747 incertius
460 693 520 766 est,
555 687 645 766 quale
682 695 713 747 et
736 694 881 766 quantum
905 689 947 748 sit
967 688 1040 751 suu·

122 792 198 850 rum,
226 773 270 831 ita
292 777 324 830 ut
344 771 438 850 vulgo
461 789 583 849 quoque
599 770 795 850 proverbium
817 777 950 832 teratur:
972 770 1038 832 llon

121 861 168 914 est
189 854 252 914 ulla
275 862 360 914 aetas
383 853 496 913 scabiei
519 856 609 914 etiam
633 855 788 934 superior,
821 853 904 933 quod
940 859 1040 915 tsmcn

121 938 238 1018 puerile
260 941 353 1014 atque
380 937 458 996 adeo
484 937 624 998 infantile
661 938 776 997 malum
811 945 867 998 est.
911 937 1041 999 Adeon

121 1022 213 1102 nullis
235 1020 347 1080 nullius
369 1018 502 1080 hominis
531 1021 619 1081 malis
653 1019 731 1080 ullus
764 1021 924 1082 hominurn
948 1020 1041 1083 libare

122 1123 247 1164 securus
270 1109 325 1180 est,
349 1102 402 1163 sed
426 1102 572 1183 quidquid
592 1105 706 1184 patitur
726 1105 831 1181 horno,
856 1105 921 1184 poti
939 1110 1041 1184 potest

121 1194 153 1248 et
173 1187 260 1248 alter.

203 1270 270 1330 Huc
292 1271 446 1350 pertinent
478 1289 585 1330 omnes
613 1268 761 1330 historiae
797 1277 828 1330 et
859 1270 1040 1351 tragoedico

121 1355 258 1415 omnium
279 1353 470 1431 seculorum,
492 1371 601 1413 omnes
631 1353 775 1432 querelae
803 1354 897 1414 totius
928 1352 1040 1432 mundi

121 1436 181 1497 huc
202 1434 285 1516 quod
308 1436 430 1515 quidam
469 1435 671 1497 observarunt
692 1437 761 1516 plus
791 1455 882 1514 quam
904 1443 1042 1498 occentu

121 1521 248 1581 nomina
268 1519 456 1597 morborum,
479 1519 588 1662 <pinibus
612 1538 723 1598 corpus
745 1519 912 1579 humanum
937 1521 1041 1580 vexari

120 1606 232 1682 potest
277 1601 306 1662 Si
330 1609 488 1663 antcmto
490 1601 633 1680 tmorbi,
655 1610 730 1681 quot
747 1601 808 1679 alii,
831 1609 942 1700 putas,
955 1607 1043 1663 erunt

122 1705 211 1747 casus
233 1706 352 1765 rerum,
376 1686 560 1764 amicorum,
584 1685 738 1745 tandem
729 1686 826 1765 ipsius
848 1686 958 1764 animi,
992 1686 1041 1765 qui

121 1771 258 1830 omnium
272 1733 421 1829 maldrum
437 1769 605 1849 principale
627 1768 796 1830 subiectum
811 1775 867 1845 cst,
889 1769 1041 1830 tristitiae

120 1872 180 1932 que
204 1871 241 1913 oc
262 1852 413 1912 malorum
436 1852 558 1911 unicum
580 1858 686 1931 recept
674 1851 818 1912 taculum.

203 1936 352 2016 Angescit
380 1953 461 1999 vero.
487 1935 637 1995 malorum
674 1936 720 1994 vis
752 1941 785 1994 et
817 1953 946 2011 sensus,
981 1953 1040 2013 quo

119 2020 218 2079 maior
238 2018 329 2079 fucrit
351 2025 382 2078 et
396 2017 518 2098 dignior
532 2024 638 2095 status,
658 2017 710 2078 ubi
722 2018 837 2097 inopia,
860 2018 1041 2097 ignominia,

119 2109 150 2162 et
172 2102 276 2162 omnia
298 2101 441 2181 indigna,
475 2120 544 2161 cum
576 2103 667 2161 etiarn
691 2100 791 2160 subito
815 2101 938 2179 possint
963 2100 1041 2162 acci·

121 2184 209 2259 dere,
247 2203 375 2244 necesse
399 2190 460 2261 est,
492 2191 540 2262 ut,
575 2186 653 2243 sicut
675 2185 758 2243 tenui
780 2182 917 2262 pendent
939 2185 1042 2244 omnia

120 2266 183 2341 filo,
205 2267 400 2327 formidanda
422 2268 483 2327 sint
506 2268 590 2327 omni
613 2267 699 2344 hora,
722 2285 784 2326 non
808 2285 897 2326 secus
920 2285 959 2326 ac
980 2265 1042 2346 gia

121 2349 188 2410 dius
225 2350 295 2427 ille,
329 2369 419 2428 quem
441 2350 609 2429 Dionysius
640 2357 787 2429 tyrannus
825 2368 916 2428 super
950 2355 1043 2429 caput

121 2434 273 2493 convivae
296 2434 342 2492 sui
366 2431 535 2512 suspendit.

203 2515 318 2576 Horum
342 2523 444 2576 antem
461 2515 607 2594 quidquid
622 2533 683 2574 non
695 2514 851 2591 acciderit,
873 2533 929 2610 pro
955 2515 1039 2576 lucro

121 2599 366 2659 habendumt
319 2606 379 2676 est,
414 2617 451 2658 ac
482 2618 544 2659 non
578 2617 675 2677 parvo
709 2598 823 2659 solatio
858 2598 923 2656 eius
960 2598 1042 2676 mali,

122 2682 202 2778 qnod
225 2681 390 2753 acciditu
393 2683 519 2742 tetiam
541 2681 591 2740 hic
619 2700 687 2740 cum
716 2681 845 2740 ieremia
867 2680 972 2741 dicere
994 2699 1043 2741 co·

120 2766 216 2845 garis:
239 2765 468 2826 Misericordiae
490 2765 630 2840 Domini,
654 2763 736 2842 quod
758 2783 820 2825 non
843 2783 948 2822 sumus
971 2782 1043 2825 cou-

121 2849 243 2928 sumpti.
287 2849 365 2908 Nam
388 2848 535 2927 quidquid
557 2847 678 2907 illorum
702 2866 763 2907 non
788 2846 914 2923 accidit,
939 2847 1044 2927 prohi-

122 2930 215 2991 bente
235 2931 359 2991 Excelsi
383 2930 492 2991 dextra
513 2950 575 2991 non
599 2930 726 3005 accidit,
759 2949 837 3008 quae
867 2928 965 2991 vallat
986 2949 1045 2991 nos

122 3013 257 3092 undique
280 3022 366 3074 tanta
387 3014 565 3075 tortitudine
591 3015 691 3086 (utin
705 3012 760 3073 lob
778 3011 814 3095 ²¹⁸)
840 3018 1044 3073 monstratum

122 3101 205 3175 est),
238 3104 380 3158 utsotan
404 3103 435 3157 et
456 3097 538 3156 mula
559 3095 685 3176 indigne
708 3097 798 3155 etiam
828 3094 942 3172 ferant,
977 3114 1045 3156 sese

122 3199 190 3240 esse
213 3179 376 3260 prohibita
419 3179 552 3241 Proinde
568 3178 716 3254 videmus,
740 3198 831 3258 quam
854 3178 986 3238 dulciter
1008 3179 1047 3238 sit

122 3263 271 3323 amandus
294 3264 462 3359 Dominus,
498 3263 619 3341 quotics
653 3261 742 3322 nobis
776 3259 848 3341 quid
887 3260 1045 3338 acciderit,

121 3365 244 3444 nempe,
265 3346 349 3425 quod
372 3347 462 3406 unico
485 3345 545 3406 hoc
567 3345 650 3405 malo
673 3364 730 3405 nos
747 3351 871 3405 moveat
883 3343 914 3418 ²)
941 3363 1045 3404 amarr-

123 3430 256 3491 tissimus
279 3430 336 3490 Pat
324 3437 371 3490 ter
392 3429 507 3504 videre,
531 3429 635 3507 quot
627 3447 674 3487 rns
676 3434 742 3488 tent
764 3427 860 3504 mala,
884 3445 965 3505 quae
987 3445 1044 3488 nos

126 3573 298 3580 ...ῳ-,ο-

195 3628 226 3690 1)
246 3629 277 3680 ln
297 3629 337 3681 cd.
359 3631 428 3698 orig.
448 3628 493 3679 hic
513 3632 540 3679 ct
559 3626 638 3679 alibi:
659 3625 855 3678 diffinientibus
876 3629 928 3677 otc.
966 3623 1000 3689 2)
1016 3623 1046 3678 lu

123 3700 164 3753 ed.
186 3700 262 3755 len:
282 3706 403 3754 moneat.

195 3769 226 3839 ‘J
244 3772 302 3825 Iob.
322 3774 346 3827 1.
