2346 4208
121 242 184 317 364
431 238 748 320 6166666666

123 436 204 497 ditio
226 435 354 496 sellonis
375 432 469 511 6666,
490 433 588 510 multo
613 420 1040 539 6166666666111166,6666

122 519 271 581 bonitatis
292 519 384 578 etism
406 517 563 598 politione.
746 532 749 539 ·

140 605 234 666 26
256 601 372 662 Poetae
394 610 528 682 quoquo
539 614 640 659 rorum
662 597 779 671 leniunt
801 600 900 659 virom
925 599 1043 677 66666,

124 689 367 765 oompsrontqoe
385 688 524 744 monstro
540 665 710 760 61666661,
733 684 765 741 et
786 681 867 743 elius
889 683 1048 764 6666666

124 769 260 875 66661166
280 766 432 828 bonorum
454 767 599 828 virorum
731 786 734 791 ¹

149 853 235 914 67
257 849 320 911 666
343 848 499 929 seriptum
530 856 679 908 eausam
683 848 810 939 peoooti
841 868 902 911 nos
936 848 1043 909 doeens

124 939 253 994 testator
274 931 350 992 nihil
382 951 452 992 esse
481 931 609 992 666116
629 930 748 991 netues
768 931 926 1009 homini6,
960 928 1044 1008 6116,

122 1004 207 1095 qood
234 1015 350 1077 bonum
385 1019 433 1075 est
465 1014 631 1117 reliqoum,
650 1026 737 1074 6666
771 1020 877 1076 tomen
909 1010 956 1075 16
972 1015 1045 1127 6616

124 1117 191 1161 usu.
235 1118 238 1124 ·

161 1181 239 1244 26.
264 1178 304 1241 Ut
324 1188 401 1260 ergo
419 1176 641 1259 iestiflostio,·
649 1185 754 1258 q6ttnt
754 1196 805 1240 om
833 1138 1045 1260 6616616661,

126 1262 347 1344 magnificetur,
369 1269 530 1342 peecatum
554 1269 602 1323 est
623 1260 715 1357 valde
737 1263 1001 1365 magnifieepdu'm
1021 1225 1048 1324 61

41 1385 48 1395 ·
124 1344 390 1443 amplificandum·

153 1432 237 1494 2.9
260 1429 418 1489 11616616
441 1434 531 1489 sonet
531 1429 562 1489 io
585 1428 715 1508 peoeeti,
737 1426 821 1507 quod
844 1408 947 1490 16166
970 1442 1047 1489 666-

125 1512 196 1573 dum
219 1508 774 1588 6616666111666661611,6116116166
787 1510 887 1572 166116
901 1513 1011 1594 perdit.

189 1599 239 1660 30
263 1594 366 1671 Quare
385 1596 487 1654 maios
511 1600 564 1656 est
586 1608 665 1675 opos
680 1588 763 1655 illud
786 1593 926 1656 divitium
948 1593 1047 1656 testifi-

126 1681 218 1758 catio,
252 1698 363 1759 quam
372 1676 603 1740 66116666
632 1682 685 1737 661
712 1677 926 1741 consideisttio
955 1677 1047 1741 nostri

126 1763 239 1842 operis
249 1768 305 1823 sot
326 1765 428 1822 motus
450 1761 500 1821 hio
521 1759 637 1821 666666
660 1760 773 1822 debeat
792 1761 908 1823 locum.

191 1847 239 1908 31
261 1845 310 1906 m
323 1845 468 1925 simplieit
470 1862 504 1904 er
526 1854 594 1904 eum
617 1832 714 1905 Ρ6616
735 1843 786 1904 616
808 1843 977 1906 ditensium
999 1849 1051 1925 661,

127 1929 211 2041 qood
234 1929 309 1989 nihil
320 1947 447 2005 66666,
470 1929 549 1988 sieut
570 1944 610 1988 ex
631 1927 728 1987 nihilo
750 1926 835 1987 16611
846 1931 964 1991 66666.

153 2013 239 2076 62
251 2012 323 2088 Qui
341 2028 419 2071 voro
442 2011 540 2072 nostri
557 2010 983 2092 666666666161666661661
1005 2011 1051 2071 vel

128 2094 244 2175 aliquid
267 2112 336 2155 6666
357 2093 542 2172 6616661111
564 2103 722 2176 nunquam
741 2094 919 2182 intelligent
941 2094 1052 2177 megui-

128 2178 265 2237 tudinem
288 2177 378 2236 huius
401 2178 504 2256 operis
527 2176 630 2237 divini.

159 2261 240 2322 33
263 2259 362 2319 Multo
331 2267 470 2320 toerte
494 2260 619 2336 minus,
638 2269 730 2338 66661
750 2259 803 2320 1116
826 2259 936 2321 videre
958 2260 1053 2341 possit

126 2341 258 2422 gloriam
281 2342 372 2419 solis,
408 2345 459 2422 qui
483 2341 596 2423 putridi
618 2343 693 2424 ligni
720 2342 871 2422 fulgorem
895 2344 1053 2405 16616116-

127 2431 218 2484 oente
235 2425 311 2486 sole.

388 2610 537 2703 Quinto
560 2625 794 2716 disputatio.

307 2778 354 2840 De
377 2779 520 2861 operibus
542 2778 621 2858 legis
644 2786 675 2838 et
690 2778 864 2860 gratiaoff).

214 2936 241 2995 1.
263 2934 446 2995 Necessaria
477 2943 549 2996 sunt
588 2955 684 3017 opera
716 2937 834 3015 omnio,
881 2943 947 2998 tem
982 2937 1053 3018 legis

130 3033 221 3093 quom
243 3018 372 3097 gratioe.

212 3101 241 3162 2.
267 3100 371 3180 Opera
392 3102 470 3182 legis
500 3109 590 3179 sunt,
619 3121 699 3181 quse
732 3108 819 3163 extre
841 3101 937 3163 fidem
973 3102 1055 3181 liunt,

129 3143 241 3241 volunt
226 3189 290 3243 tate
312 3183 455 3245 humone.

213 3268 242 3329 3.
265 3265 363 3341 Quem
397 3267 505 3328 volunt
493 3273 587 3328 tatem
623 3268 674 3328 lex
712 3267 762 3328 vel
794 3267 880 3353 cogit
915 3270 1008 3329 minis
1029 3275 1057 3328 et

129 3348 249 3426 poenis,
272 3350 322 3409 vel
345 3348 441 3410 ollioit
428 3350 622 3430 tpromiseis
645 3354 676 3411 et
697 3348 870 3411 beneflciis.

212 3434 241 3493 4.
264 3431 426 3527 Nunquam
452 3439 622 3494 esttamen
647 3444 720 3494 vem
742 3437 879 3494 streete
894 3435 1055 3498 6666166-

129 3519 200 3591 teos,
208 3513 266 3574 666
285 3534 409 3607 semper
429 3532 590 3597 quaerens,
614 3535 694 3595 quae
716 3516 874 3580 6666661.

365 3672 549 3681 „wo-

162 3766 186 3797 Α·
201 3754 231 3826 *l
250 3748 302 3812 ille
317 3755 419 3812 666166
436 3758 569 3826 66666166
583 3760 626 3810 est
646 3752 847 3813 6166661628.Ι
898 3758 911 3781 '³
