2346 4208
324 278 386 334 adt.
409 279 478 335 Pllil.
497 278 752 334 ldslausltthonem
826 302 832 331 r
938 273 1012 341 491?

75 468 179 529 lom
193 469 224 528 in
242 469 407 549 episcopos
426 469 457 528 iu
474 469 595 529 Petrum
610 485 785 548 supremum
798 464 1013 544 hierarcham,-

78 569 160 611 curn¹
173 551 269 612 multa
291 552 462 628 sintlacta,
486 571 565 630 quae
586 571 650 612 non
672 558 745 611 sunt
765 550 887 628 scripta.

127 634 222 716 ··:ll)
246 635 297 694 De
306 634 471 695 universali
493 636 642 716 episcopo
665 641 804 694 truncate
826 651 925 692 meam
949 631 1000 693 ad·

79 716 148 778 fot
175 718 376 796 solutionem3
410 719 555 797 quoniam
595 717 690 778 verba
711 717 833 777 Decreti
866 722 937 777 sunt
966 716 1028 776 Br-

77 801 236 881 Gregorii‚
266 802 315 880 qui
346 802 492 881 opposuit
514 821 547 861 se
570 807 677 861 contra
699 801 932 880 imperatorem,
962 797 1013 860 ob»

77 885 306 959 bernacensem,
330 890 363 944 ut
375 884 480 944 scribit
491 884 621 944 Platina.
652 883 722 943 Sed*
735 883 795 943 hoc
818 882 857 942 ad
874 882 1000 944 indices.

149 967 221 1046 la)
247 967 446 1028 (louviciatur
459 966 561 1027 denno
577 963 812 1040 Grammaticus,
836 965 917 1044 quod
936 984 1013 1025 sco-1

80 1058 154 1131 putri
177 1050 368 1129 quaestionis
392 1051 430 1111 de
452 1051 630 1132 purgatorio
654 1068 715 1110 uon
738 1051 902 1130 attigerim,
924 1048 1003 1109 scili·

79 1132 191 1193 cet⁴de
214 1139 369 1213 potestate
392 1135 496 1214 Papae
518 1135 548 1193 in
573 1134 800 1213 purgatorium,
833 1131 1002 1192 sedaliam

77 1216 266 1277 cantilenam
288 1218 464 1296 inceperim.
508 1217 581 1293 Hic,
604 1218 738 1295 iuquam,
761 1216 886 1296 egregie
908 1234 1002 1296 nuga·

79 1298 398 1370 irremuneratus,
424 1301 568 1378 quoniam
592 1318 704 1378 scopus
728 1299 916 1379 quaestionis
938 1305 1007 1358 erat·

79 1383 242 1443 conclusio
260 1391 363 1461 sexta,
387 1385 519 1461 scilicet,
541 1385 660 1443 animas
682 1383 713 1441 in
736 1384 914 1461 purgatorio
937 1400 1003 1443 non

79 1466 335 1546 satisfacere‘pro
358 1473 553 1546 peccatoram
577 1466 696 1546 poenis,
719 1465 780 1525 hoc
801 1484 908 1524 saxum
932 1471 1018 1524 tunc

79 1548 254 1609 volvebam.
296 1549 328 1607 ln
352 1549 553 1610 conclusione
576 1567 648 1608 vero
671 1546 856 1607 duodecima
879 1548 1006 1608 vertitur

79 1632 232 1712 quaestio,
258 1633 342 1691 cuius
364 1634 503 1692 meminit
518 1632 752 1693 Grammaticus.
788 1631 909 1706 Fateor,
931 1629 1002 1690 dum

79 1715 273 1775 conclusioni
295 1715 497 1792 intenderem
520 1716 596 1775 dixit
616 1715 652 1774 D.
670 1714 827 1789 Martinus,
850 1733 913 1774 non
936 1731 1005 1793 pro·

79 1799 147 1859 bari
162 1816 202 1858 ex
219 1799 314 1857 sacris
337 1797 509 1878 scripturis,
532 1798 739 1878 purgatorium
763 1814 842 1875 esse,
865 1797 1003 1875 quamvis

79 1883 177 1942 sciret
195 1899 265 1940 esse
288 1883 508 1961 purgatorium.
553 1881 716 1960 Assumpsi
740 1898 820 1940 onus
853 1878 1003 1958 probandi

79 1964 300 2045 purgiitomum·
315 1983 353 2024 ex
377 1967 470 2024 sacris
493 1966 599 2025 literis.

168 2046 223 2129 13)
250 2046 388 2107 Ridicule
425 2047 498 2107 dicit
531 2048 656 2128 dignam
688 2046 851 2126 Theologo
883 2063 1004 2121 vocem,

80 2131 200 2191 scilicet
214 2136 330 2189 tantum
350 2130 453 2190 deberi
465 2131 723 2191 Maehabaeorum
746 2129 835 2208 libro,
858 2134 1006 2207 quantum

82 2213 264 2293 Eran'gelio.
309 2213 369 2273 Sed
393 2219 423 2274 et
446 2214 495 2273 hic
517 2215 627 2274 falsum
649 2214 781 2292 imponit
803 2212 876 2271 mihi
899 2211 1013 2271 Gram-

83 2298 229 2356 maticus:
252 2314 321 2355 nam
338 2297 378 2356 ad
393 2299 623 2357 contentionem
647 2295 751 2356 valere
773 2296 868 2356 libros
884 2294 1004 2354 Macha-

83 2381 230 2440 baeorum
258 2379 388 2452 adduxi,
417 2382 487 2459 quia
516 2380 546 2441 S.
568 2379 758 2459 Augustinus
788 2378 865 2438 libro
896 2379 943 2441 18.
966 2377 1006 2437 de

83 2465 209 2522 civitate
230 2463 302 2535 Dei,
326 2468 358 2522 et
378 2462 584 2542 Hieronymus
606 2465 637 2521 in
661 2462 813 2542 Prologo,
836 2481 873 2521 ac
891 2462 923 2520 in
946 2462 1004 2521 Da-

83 2547 186 2604 cretis
209 2544 329 2619 dicant5
360 2545 468 2605 librum
497 2546 580 2604 illum
613 2565 674 2603 non
703 2545 797 2604 fuisse
825 2546 854 2602 in
885 2563 1006 2604 oauona

83 2628 165 2708 apud
184 2627 332 2701 Ebraeoa
356 2629 409 2687 sed
427 2629 589 2688 ecclesiam
610 2629 765 2705 recepisse
786 2629 816 2686 in
843 2645 1006 2703 canonem,

85 2711 179 2770 modo
212 2712 290 2769 sicut
321 2713 492 2788 nescimus,
527 2730 594 2769 cum
626 2710 714 2789 plura
746 2710 858 2769 fuerint
892 2711 1006 2789 scripta

84 2793 263 2873 evangelia,
287 2813 366 2872 quae
388 2795 449 2854 sint
468 2793 614 2854 indubiae
636 2794 790 2870 veritatis,
813 2793 871 2850 nisi
894 2811 932 2851 ex
954 2811 1006 2871 ap-

85 2878 268 2956 probatione
284 2877 436 2937 acclesiaa
459 2877 659 2957 approbantis
681 2884 811 2955 quatuor
834 2875 1006 2954 evangelia,

84 2960 192 3019 atalia
214 2961 390 3020 reiicientis.
421 2960 469 3021 Ita
491 2968 523 3020 et
546 2979 584 3020 ex
609 2959 833 3039 approbatione
856 2958 1007 3018 ecclesiae

85 3043 162 3103 liber
184 3042 440 3103 Machabaeorum
469 3042 551 3122 apud
581 3042 789 3103 Christianum
818 3040 909 3101 debet
938 3059 1008 3100 esse

85 3125 277 3185 indubitatae
301 3128 452 3204 veritatis,
481 3127 639 3206 vulgatum
663 3133 711 3185 est
732 3124 806 3184 illud
829 3124 1006 3203 Augustini:

85 3209 153 3288 ligo
178 3208 352 3288 Evangelio
377 3229 440 3270 non
464 3211 619 3270 crederem
643 3216 700 3270 etc.

172 3294 226 3365 14)
253 3290 343 3365 Quod
374 3293 522 3358 Mambri
550 3313 605 3373 per
633 3309 787 3351 carcerem
820 3289 882 3348 dixi
914 3303 1007 3368 posca

85 3376 214 3456 intelligi
243 3378 471 3459 purgatorium,
504 3376 556 3436 aad
586 3375 659 3434 illud
688 3374 775 3434 nefas
804 3392 873 3433 esse
901 3381 1013 3433 censet

86 3459 327 3541 Grammaticus,
359 3469 389 3520 et
418 3466 505 3538 optat
530 3458 722 3538 plebeculam
744 3457 861 3516 felicius
885 3456 1007 3534 erudiri,
1112 3501 1115 3506 .

86 3561 178 3620 quam
193 3542 225 3600 id
241 3560 338 3621 genus
360 3543 628 3622 interpretationis.
658 3540 718 3600 Sed
742 3540 791 3599 dic
813 3546 844 3598 tu
867 3539 1007 3617 pulveru-

88 3625 190 3683 lentae
214 3622 346 3684 scholae
368 3625 528 3704 Magister,
558 3645 596 3684 an
625 3624 711 3684 nefas
740 3623 894 3684 arbitraris
916 3623 1006 3682 inter-

88 3707 201 3786 pretari
224 3725 327 3766 sacras
350 3708 469 3783 literas,
493 3708 575 3768 velut
596 3707 625 3769 S.
650 3706 830 3767 Ambrosius
852 3705 934 3786 fecit,
957 3707 1007 3785 qui

86 3788 188 3849 locum
218 3789 349 3850 similem
379 3789 460 3871 apud
487 3791 601 3860 Lucam
627 3791 675 3850 sic
701 3791 822 3871 accipit.
863 3787 955 3851 Anne
977 3787 1010 3866 S.
