2346 4208
119 241 161 309 96
345 245 454 301 Tasssr.
475 245 587 302 Consol.
607 247 637 301 ι).
657 244 692 301 u.
710 245 823 301 Lutlrari

120 440 154 494 ιι
174 434 323 512 sciamus,
356 433 439 514 quod
469 435 495 494 si
517 442 590 495 ιιιι
611 441 805 516 praesentem
826 435 936 496 brisse-
947 433 1038 496 nm

120 515 210 578 uobis
232 517 381 597 videmus,
404 517 527 614 quando
550 537 615 579 non
637 518 860 599 cogitabamus,
884 536 946 579 nec
966 517 1039 587 vids

120 601 209 662 batur
241 599 369 679 adesse
403 603 463 660 iem
489 620 612 681 quoque
647 609 843 682 praesentem
882 620 972 662 esse
984 618 1040 662 ιιι

122 684 304 761 dubitemus,
327 647 399 743 ιιιιιι
422 684 533 744 absens
556 685 645 745 nobis
669 684 796 745 videtur.
839 684 921 745 llam
944 686 997 764 qui
1012 685 1040 745 ιι

122 768 227 829 multis
249 767 484 828 necessitatibus
507 787 564 828 nos
587 768 654 827 sine
676 768 765 828 nobis
782 768 937 848 suscepiq-
954 769 1040 829 eam

121 851 152 912 in
175 850 308 929 modico,
331 852 451 911 etiamsi
474 851 687 930 derelinquere
700 849 849 931 videatur,
872 869 938 911 ιοι
963 850 1040 911 ders·

54 1010 57 1016 .
121 934 255 1013 linquet,
292 936 371 994 sicut
391 935 422 993 in
440 934 535 994 Esaia
548 932 584 1016 *J
610 933 698 994 dicit:
730 933 777 993 Ad
801 941 996 995 momentum
1016 939 1042 993 ιι

122 1017 276 1077 modicum
299 1016 445 1096 dereliqui
469 1024 515 1096 te,
549 1018 631 1077 etin
655 1016 905 1078 miserationibus
928 1016 1041 1098 magnis

123 1100 323 1182 congregabo
347 1109 387 1161 te.

205 1183 259 1242 His
281 1184 306 1242 si
329 1183 440 1243 addas:
475 1181 549 1256 quis
582 1183 678 1245 nostri
720 1201 825 1243 curam
860 1181 972 1243 habuit
1004 1187 1043 1243 tot

123 1272 231 1327 noctes
255 1265 417 1326 dormient
397 1266 491 1325 tirum
521 1266 589 1344 quis
616 1285 671 1346 pro
696 1266 786 1326 nobis
808 1265 963 1327 sollicitus
984 1264 1043 1340 fuit,

123 1350 244 1430 quoties
267 1349 488 1427 laboravimus,
509 1348 647 1428 lusimus,
671 1355 702 1411 ιι
725 1350 831 1410 omnia
851 1348 909 1408 illa
930 1347 1044 1408 infinita

124 1434 259 1513 egimus,
281 1433 312 1491 in
334 1432 443 1511 quibus
466 1432 541 1492 nihil
562 1432 621 1511 ipsi
643 1451 698 1512 pro
728 1431 820 1492 nobis
841 1431 970 1492 solliciti
994 1431 1044 1492 ιιι·

124 1516 213 1576 mus?
250 1514 314 1576 Aut
336 1522 483 1595 quantum
506 1523 553 1575 est
575 1523 710 1594 tempus,
739 1533 800 1594 quo
824 1517 925 1576 nostri
946 1532 1044 1575 curm

123 1598 292 1659 babemus?
314 1598 384 1679 lpse
405 1618 527 1675 avarus,
550 1597 621 1657 dum
644 1597 794 1658 sollicitus
815 1605 864 1658 est
886 1599 1044 1678 pecuniam

124 1700 287 1761 quaerere,
319 1683 350 1741 ιι
379 1682 556 1761 quaerendo
589 1689 621 1740 ιι
652 1681 786 1762 agenm
809 1680 1045 1742 sollicitudinem

124 1773 238 1846 ponat,
272 1784 401 1825 necesse
440 1772 496 1824 est.
476 1765 585 1824 tlte
609 1765 762 1842 videmus,
791 1782 884 1844 quam
907 1765 1047 1837 universa

125 1858 231 1910 nostra
263 1867 350 1927 cura,
387 1849 531 1925 velimus,
564 1847 712 1927 nolimus,
740 1847 784 1907 ad
812 1849 912 1908 Deum
950 1832 1046 1909 solum

124 1931 241 2010 redeat,
264 1933 317 1991 vix
339 1933 492 1992 rarissime
521 1931 610 1991 nobis
641 1941 748 1991 ιοιιιο
770 1931 868 1991 relicti
907 1930 1047 1992 coasilio.

127 2013 217 2089 Quod
239 2022 343 2075 tamen
366 2022 397 2075 ιι
419 2015 518 2094 ipsum
541 2013 611 2074 ideo
634 2014 707 2075 facit
728 2000 897 2094 Dominus,
932 2020 968 2076 ut
989 2032 1047 2075 eru·

127 2098 192 2158 diat
213 2118 269 2159 nos
293 2098 332 2158 ad
354 2097 584 2179 agnoscendam
608 2117 694 2157 suam
717 2097 908 2176 bonitatem,
943 2104 979 2158 ιιι
999 2096 1048 2157 ιιι·

127 2182 250 2262 quando
286 2181 462 2259 videamus,
501 2187 648 2260 quantum
681 2183 800 2241 intersit
832 2143 915 2241 intel·
948 2199 1047 2241 cruram

127 2284 213 2325 suam
236 2273 267 2325 ιι
289 2272 435 2326 nostram.
478 2265 524 2325 lta
545 2262 595 2339 fit,
629 2274 662 2325 ιι
696 2284 754 2324 nos
778 2263 970 2343 quandoque
994 2263 1048 2324 leri

129 2349 235 2409 morbo
259 2349 360 2408 aliove
384 2347 465 2407 malo
488 2348 569 2406 sinat
590 2348 713 2427 impeti,
742 2348 942 2407 dissimulans
966 2366 1047 2408 suam

128 2449 232 2491 curam
255 2436 336 2514 (non
360 2432 442 2491 ιιιιι
463 2431 632 2509 aliquando
656 2450 718 2491 non
742 2430 863 2512 curat),
894 2431 990 2491 simul
1011 2437 1047 2491 ιι-

128 2534 200 2575 men
223 2515 400 2594 prohibens,
423 2533 462 2573 ne
485 2520 532 2573 tot
550 2514 641 2590 mala,
665 2521 740 2593 quot
760 2517 892 2592 instant,
916 2515 1048 2593 undique

128 2599 218 2659 simul
240 2600 364 2677 irruant,
389 2604 499 2657 atnoe
521 2598 599 2656 siout
621 2596 737 2658 filiolos
751 2599 929 2658 carissimos
944 2604 1048 2673 tentet,

128 2700 168 2742 an
189 2701 265 2742 suae
298 2700 390 2741 curae
419 2700 474 2760 per
505 2699 628 2740 ornnem
657 2680 747 2740 aliam
777 2682 871 2740 vitam
904 2683 1048 2762 cognitae

128 2766 258 2825 velimus
280 2784 338 2826 nos
362 2766 503 2841 eredere,
536 2771 567 2824 et
589 2784 680 2843 quam
703 2765 818 2824 inutilis
841 2773 872 2825 ιι
894 2767 1048 2844 impotens

129 2850 169 2909 sit
188 2855 293 2908 nostra
316 2868 397 2925 cura,
420 2846 535 2907 videre.
565 2847 645 2922 Quid
668 2849 748 2907 enim
772 2847 860 2910 nobis
874 2866 1048 2928 prosumus,

129 2940 182 2993 aut
202 2952 365 3029 possemus
389 2930 537 3010 prodesse
559 2938 625 2991 tota
652 2933 730 3008 vita,
766 2932 817 3011 qui
845 2932 974 2992 unicum
1003 2931 1049 2993 do-

129 3016 226 3076 lorem
250 3017 344 3075 cruris
366 3013 591 3096 parvissimo¹J
614 3023 754 3094 tempore
776 3033 884 3074 curare
898 3034 965 3076 non
986 3032 1049 3155 pos

129 3099 256 3159 sumus?

212 3181 292 3256 Quid
314 3200 388 3262 ergo
422 3188 486 3241 tam
516 3183 598 3242 anxii
627 3200 733 3244 sumus
756 3184 786 3241 ιι
821 3189 940 3261 puncto
966 3184 1050 3242 unius

129 3267 271 3363 periculi,
294 3278 346 3325 ιιι
368 3265 457 3344 mali,
486 3285 544 3327 nec
566 3267 594 3325 ιι
618 3283 720 3325 curam
743 3265 964 3346 relinquimus,
988 3286 1049 3329 cun

130 3356 194 3414 vita
214 3352 283 3430 ipsa
305 3357 382 3410 teste
406 3357 452 3409 ιιι
474 3351 561 3410 malis
583 3348 621 3410 ab
644 3368 681 3409 eo
712 3351 788 3409 eruti
817 3314 995 3431 sumus²J,
1027 3357 1053 3410 ιι

129 3435 245 3501 servati
267 3436 334 3494 sine
356 3442 462 3493 nostro
486 3433 610 3494 studio?
632 3433 704 3512 lsta,
726 3434 861 3512 inquam,
888 3452 989 3496 nosse
1010 3439 1054 3496 ast

130 3540 226 3600 opera
248 3518 305 3580 Dei
329 3535 437 3599 nosse,
460 3518 600 3578 meditari
622 3518 653 3576 in
677 3517 821 3597 operibus
843 3517 928 3594 eius,
966 3526 1002 3580 et
1021 3534 1054 3577 ss

132 3661 342 3671 ——0--0——0n

204 3711 234 3778 1)
257 3715 287 3766 ln
305 3712 347 3766 ed.
368 3712 443 3765 len:
473 3711 646 3764 brevissimo.
695 3708 723 3775 2)
743 3706 824 3763 lbid.:
855 3709 927 3759 eruti
960 3712 1054 3763 simus.

203 3789 233 3853 ‘J
256 3786 319 3840 Eas.
339 3785 381 3840 54.
