2346 4208
458 217 714 308 ructatorum.
810 232 813 238 ·
949 301 951 304 ,
981 211 1053 309 aaa

121 446 178 509 pro
201 425 290 489 nobis
313 430 419 505 orant,
447 443 577 506 quorum
607 425 675 496 et¹)
707 424 829 495 meritis,
846 429 878 485 ct
899 425 1044 487 interces-

123 510 212 572 sione
234 508 371 570 Christus
394 508 484 572 uobis
506 508 557 570 bic
588 507 685 571 multa
710 507 852 589 largitur,
880 507 959 570 alias
981 527 1045 574 nou

121 593 297 674 largiturus,
318 611 375 673 per
396 610 474 672 quos
497 593 590 655 etism
613 591 762 652 miracula
784 590 880 653 multa
902 592 933 650 in
956 592 1045 665 terris

123 694 142 737 o
167 681 277 736 aratur.

144 696 164 813 Ρ
183 760 233 827 28.
258 757 453 839 Quapropter
474 762 582 818 sancte
604 761 635 817 et
657 756 802 838 religiose
827 756 959 835 faciunt,
995 757 1047 835 qui

121 840 193 903 loca
215 842 259 903 cis
284 840 387 901 dicata
407 861 470 900 una
491 858 561 900 curu
583 840 720 919 ipsorum
744 840 878 919 reliquiis
901 840 1046 921 religiosa

123 926 239 1005 pietate
260 922 396 1003 imitant,
419 929 450 984 ct
469 924 531 984 boc
551 921 645 983 modo
670 922 709 984 ab
721 924 796 1004 ipsis
810 923 1046 1004 opitulationem

124 1013 285 1088 quaerunt.

186 1093 235 1155 29.
258 1089 371 1151 Gratus
394 1086 442 1149 cst
463 1089 556 1148 ctiam
571 1090 639 1149 Deo
655 1089 824 1170 imaginum
846 1107 930 1166 usus,
951 1086 1047 1150 recta
1139 1143 1142 1154 ,

123 1193 184 1254 quo
211 1192 316 1234 coram
344 1172 389 1233 eis
422 1171 669 1252 procumbimus,
703 1172 876 1233 invocaturi
904 1170 1046 1249 Sanctus,

124 1276 203 1337 quos
225 1259 469 1337 repraesentant.

187 1341 237 1404 30.
269 1339 410 1399 Firmiter
432 1335 619 1398 credendum
641 1342 702 1417 est,
736 1342 809 1416 post
839 1336 921 1397 banc
952 1338 1046 1397 vitam

122 1423 336 1505 purgatorium
360 1440 429 1483 asse
451 1423 631 1496 animarum,
653 1421 685 1479 in
708 1437 769 1498 quo
794 1419 923 1481 solvitur
944 1439 1048 1500 poena

123 1507 259 1587 pcccatis
293 1504 393 1565 adhuc
426 1503 544 1582 debita,
579 1501 696 1565 eisdam
733 1509 837 1562 tamen
870 1501 1049 1565 subvenitur

123 1587 276 1651 sacrificio
291 1588 407 1664 altaris,
430 1588 582 1664 orations,
596 1586 722 1662 ieiunio,
737 1585 950 1665 eleemosyna,
967 1587 1048 1647 aliis·

124 1691 184 1751 que
206 1671 298 1733 bonis
322 1670 466 1752 operibus
490 1670 645 1747 vivorum,
676 1669 755 1728 sicut
784 1675 814 1730 et
837 1667 1048 1750 indulgentiis,

124 1774 186 1836 quo
209 1755 298 1816 citius
320 1753 359 1816 ab
382 1771 420 1814 ea
440 1753 619 1814 liberentur.
864 1804 868 1813 .

188 1838 237 1902 31.
259 1836 391 1896 Animas
414 1835 626 1896 defunctorum
650 1840 800 1914 purgatae
822 1854 897 1898 mox
918 1842 1051 1917 ragnant

124 1939 194 1983 oum
218 1920 340 1981 Christo
363 1921 394 1980 in
417 1919 532 1997 coelis,
564 1924 596 1978 ct
629 1918 751 1978 animae
784 1918 947 1997 impiorum
977 1919 1051 1979 hinc

125 2005 293 2085 migrantes
316 2003 511 2082 sempiternis
533 2001 641 2061 inferni
665 1999 826 2065 traduntur
848 2001 1018 2080 suppliciis.¹

186 2088 237 2150 32.
266 2086 364 2147 Recte
394 2085 463 2147 Deo
498 2089 572 2145 vota
604 2083 748 2160 facimus,
781 2089 846 2145 tam
879 2085 1051 2151 monastica

127 2188 219 2249 quam
240 2169 318 2246 alia,
342 2174 373 2230 et
394 2167 477 2229 iacta
498 2167 640 2247 obligant
659 2165 742 2247 apud
764 2166 882 2243 Deum,
917 2186 976 2230 nec
997 2167 1050 2228 ad-

127 2259 288 2315 versantur
310 2251 444 2313 libertati
468 2251 683 2332 evangelicao,
715 2269 793 2330 quas
815 2269 834 2310 a
855 2252 990 2330 peccatis
1014 2252 1048 2313 lir

127 2337 230 2399 bertas
253 2339 316 2412 est,
350 2339 382 2395 et
411 2335 447 2395 iis
477 2352 559 2412 quse
586 2335 726 2414 spiritum
755 2339 894 2396 nostrum
924 2353 1050 2414 quoquo

127 2418 221 2480 modo
243 2416 429 2497 impediunt,
450 2417 615 2495 quominus
636 2422 719 2479 totus
740 2417 808 2478 Deo
831 2417 963 2495 serviat,
985 2437 1049 2481 nou

127 2508 230 2564 autam
259 2520 277 2560 a
305 2501 372 2561 voti
401 2498 452 2560 rel
484 2499 647 2561 iuramenti
677 2497 884 2579 obligatione,
919 2518 978 2561 nac
1011 2500 1050 2561 ab

127 2584 306 2647 obedientia
327 2583 523 2663 magistratus
545 2581 747 2643 aeclesiastici
768 2581 818 2643 vel
840 2582 997 2647 secularis.

210 2667 304 2747 Ergo,
327 2666 411 2745 quod
433 2684 527 2725 unum
549 2671 674 2726 nostrae
692 2663 859 2729 Facultatis
885 2671 941 2743 est,
965 2685 1051 2728 man-

128 2750 235 2812 damus
259 2749 437 2830 theologiae
460 2747 608 2810 studiosis
630 2747 783 2823 omnibus,
805 2766 989 2828 quacunque
1005 2768 1051 2809 ra·

127 2836 214 2895 tione
236 2832 325 2893 nobis
347 2831 509 2910 subiectis,
540 2836 571 2893 at
595 2831 627 2892 in
650 2836 808 2911 postorum
832 2832 1049 2894 subiiciendis:

128 2918 262 2997 primurn
293 2933 333 2976 na
362 2914 435 2994 quid
468 2933 596 2996 usquam
633 2914 771 2979 doceant
800 2920 857 2977 aut,
877 2913 1049 2994 ‘profitean-

127 3006 185 3078 tur‚
206 2997 290 3080 quod
312 2996 507 3078 dogmatibus
529 2998 577 3059 bis
590 2998 777 3063 scunarium
799 2996 850 3074 sit,
872 2997 995 3076 deiude,
1017 3005 1051 3058 ut

128 3081 237 3143 eadem
260 3080 406 3160 fideliter,
439 3100 507 3140 cum
536 3081 624 3141 locus
651 3087 684 3142 at
715 3080 839 3145 occasio
871 3080 1049 3160 postulabit,

129 3172 270 3229 tueantur
291 3171 323 3227 at
345 3164 502 3244 explicent
522 3162 562 3224 ad
584 3165 697 3225 veteris
720 3169 751 3223 et
772 3162 966 3227 orthodoxae
978 3163 1050 3223 fidei

129 3248 300 3310 custodiam
330 3255 361 3309 at
388 3246 637 3309 aedificationem
665 3245 830 3309 Christiani
858 3246 975 3327 populi.
1018 3247 1050 3307 Si

129 3333 180 3411 qui
202 3350 275 3393 vero
300 3325 542 3406 contraria,‘ads
564 3349 621 3410 pro
639 3328 733 3391 modo
746 3328 911 3393 Facultatis
925 3336 1050 3392 nostrae

130 3417 256 3476 omnino
279 3416 387 3494 punire
409 3412 609 3473 decrevimus.

211 3497 303 3558 Anno
327 3516 346 3556 a
367 3497 526 3557 nativitate
549 3495 673 3556 Domini
688 3495 727 3555 M.
742 3495 777 3557 D.
796 3493 910 3559 XLlllI.
935 3497 1049 3556 mensis

128 3582 254 3650 Decem.
277 3579 327 3640 dic
349 3588 452 3660 sexta,
480 3578 622 3641 Facultas
644 3576 838 3658 Theologiae
861 3585 1050 3660 congregata

342 3701 552 3715 -tm

203 3759 232 3830 1)
253 3758 285 3814 ln
305 3757 348 3813 ed.
368 3756 446 3814 lem:
467 3758 560 3813 etiam.
