2346 4208
152 285 216 354 liiii
488 289 646 345 Costiadi
663 293 737 346 niis

153 477 292 558 promisit
323 477 551 549 remissionem,
578 495 669 554 quarn
700 478 757 535 nisi
780 477 999 555 promisisset,
1030 497 1078 558 per

154 557 268 619 iiiillaiii
293 557 436 618 iustitiam
460 572 563 636 posset
587 560 728 620 obtineri.
772 561 818 619 Ae
840 561 886 619 sic
909 559 991 620 fides
1015 580 1078 640 pru

155 641 309 703 missionis
332 641 412 701 illius
429 644 557 721 primum
580 651 610 701 et
623 663 741 702 summe
760 645 939 702 necessaria
951 651 1003 703 est
1016 663 1089 719 con·¹

156 724 292 798 i'essuro,
323 746 360 784 iic
384 725 461 785 forte
484 738 658 804 praesumat
681 747 737 786 sua
759 726 941 807 diligentia,
963 747 1022 787 sua
1042 747 1081 788 re

155 806 357 883 consolinus,
381 809 442 867 suis
466 808 578 868 viribus
601 809 700 868 Deum
722 829 895 888 provocare
918 809 959 869 ad
983 813 1082 870 remis-

155 891 273 953 sionem
288 900 496 971 peecatorum,
520 911 588 950 cuni
611 893 768 952 iamDeus
790 895 857 972 ipse
879 902 913 952 et
928 893 1082 954 remittere

156 975 366 1056 paratissimus
394 976 587 1053 praevenerit
617 995 706 1050 eum,
729 994 767 1035 ac
788 977 891 1055 potius
914 975 955 1035 ad
979 995 1082 1058 accep

156 1056 278 1117 mudum
309 1059 520 1117 remissionem
550 1068 581 1116 et
609 1060 836 1121 consessionem
865 1059 1082 1138 praestandam

155 1137 296 1201 allexerit
317 1158 354 1199 uc
376 1142 606 1219 provocaverit,
636 1141 773 1202 bonitate
795 1141 999 1203 dulcissimae
1021 1162 1082 1223 pro-

155 1240 308 1283 missionis
332 1243 415 1285 suae,

542 1388 689 1452 Tertium.

242 1545 413 1621 Antequam
439 1542 592 1602 sacerdoti
616 1542 798 1603 confiteatur
819 1543 958 1620 vicario,
983 1545 1081 1623 utique

158 1635 282 1706 oportet
304 1627 432 1706 primum
458 1624 641 1686 confiteatur
664 1626 795 1705 principi
823 1626 882 1704 ipsi
904 1625 989 1686 Deo.
1032 1626 1083 1686 Hic

157 1726 231 1769 vero
256 1728 318 1768 rem
343 1709 422 1768 serio
446 1714 576 1768 tractare
601 1715 734 1787 oportet,
756 1709 829 1786 quia
851 1708 992 1768 divinum
1017 1729 1082 1770 ocu·

157 1790 233 1868 lum,
270 1792 349 1851 sicut
382 1791 455 1851 nihil
480 1792 568 1866 latet,
604 1793 647 1851 ita
675 1790 749 1851 iiihil
771 1790 859 1853 fallit.
908 1789 1016 1866 Quare
1038 1792 1083 1852 hic

156 1876 346 1955 propositum
371 1875 505 1935 melioris
523 1876 615 1952 vitae,
638 1882 669 1934 et
690 1874 792 1935 odium
815 1877 938 1952 peccati
962 1883 1082 1956 oportet

154 1958 221 2019 sinc
244 1957 438 2018 simulatione
461 1957 621 2018 discutere.
664 1958 742 2017 Nam
773 1956 848 2016 nihil
876 1957 944 2017 fere
967 1959 1081 2019 confes-

156 2059 243 2101 suros
266 2040 413 2121 plurimos
442 2040 532 2117 fallit,
571 2060 662 2119 quam
694 2039 811 2100 subtilis
838 2041 899 2099 ista
928 2042 1081 2102 simulatio

156 2133 187 2184 st
210 2124 456 2204 prol'undissima,
481 2143 559 2203 quae
571 2124 752 2203 plerumque
769 2123 939 2183 violentum
965 2126 1081 2205 peccati

157 2204 259 2266 odium
285 2215 315 2265 ct
337 2208 527 2286 propositum
551 2208 686 2267 melioris
714 2208 795 2266 vitae
825 2226 878 2284 per
907 2208 973 2267 vim
998 2211 1080 2269 simu·

157 2287 220 2364 lut,
251 2291 341 2349 titium
374 2310 476 2349 coium
502 2311 535 2351 se
557 2291 640 2369 ipsis.
685 2290 775 2365 Quod
803 2290 877 2349 satis
906 2291 1022 2369 probat
1043 2293 1082 2350 in·

155 2370 227 2432 lulis
251 2379 396 2450 eventus,
428 2373 476 2432 ulii
511 2385 581 2453 post
611 2374 837 2433 confessionem
867 2374 931 2433 cito
956 2374 1082 2435 redeunt

156 2453 195 2515 ad
224 2455 395 2535 iuguriiiriii,
430 2460 460 2516 et
491 2457 574 2516 velut
610 2476 722 2535 magno
759 2475 853 2516 onere
876 2457 1081 2518 confessionis

156 2536 264 2616 levati,
295 2537 395 2599 denuo
420 2559 526 2599 secure
550 2541 670 2617 vivunt,
700 2547 759 2599 tam
785 2539 913 2615 curiosi,
937 2542 1012 2601 'imo
1034 2543 1081 2600 iui-

157 2639 307 2681 memoies
330 2624 478 2703 propositi
512 2625 572 2694 sui,
609 2643 668 2701 qua
702 2642 762 2681 uua
791 2641 823 2681 re
857 2624 933 2682 satis
958 2633 1080 2708 possent

156 2704 241 2785 argui
264 2724 339 2765 simu
361 2705 492 2765 iictionis
516 2705 753 2765 infelicissimae.

239 2821 340 2898 Quare
363 2824 412 2884 liic
440 2831 563 2902 oportet
590 2824 745 2884 hominem
785 2841 854 2882 esse
886 2821 1083 2903 liberrimum,

156 2910 188 2965 st
206 2904 245 2966 du
267 2927 300 2965 se
321 2909 350 2967 iii
374 2927 407 2966 se
421 2908 489 2986 ipso
504 2908 630 2966 omniuo
652 2907 870 2987 pronunciare,
894 2907 978 2967 sicut
1001 2910 1081 2969 inve-

157 2988 202 3048 nit
223 3008 291 3049 sese
315 2989 467 3063 iilliictum,
490 2991 568 3050 sicut
585 2990 694 3061 vellet,
717 2991 742 3048 si
764 2988 848 3047 nulla
871 2997 959 3049 esset
975 3011 1082 3072 poena,

157 3069 257 3131 nullus
283 3071 381 3149 Deus,
411 3073 525 3132 nullum
550 3081 746 3153 praeceptum
770 3078 827 3131 etc.
871 3071 921 3131 Ac
943 3076 1025 3135 sicut
1045 3076 1082 3134 di-

157 3164 240 3215 ucrst
267 3155 295 3214 iri
320 3174 424 3217 cursui
453 3159 561 3216 secreti
594 3157 760 3236 cuiuspiam
791 3155 898 3229 amici,
927 3156 991 3235 prbi
1014 3157 1081 3217 nihil

156 3234 284 3379 puderet
307 3241 411 3300 uuiuiu
432 3259 487 3299 sus
508 3239 655 3314 revelare,
680 3240 742 3298 imo
765 3239 843 3297 sicut
857 3257 964 3298 secum
985 3241 1081 3309 vellet,

167 3318 307 3381 iberrinie.
343 3321 381 3380 de
408 3324 469 3381 suis
500 3323 582 3401 loqui
611 3324 709 3397 vitiis,
743 3323 784 3380 ita
813 3320 960 3399 loquutur
983 3343 1080 3385 coram

156 3400 233 3475 ties,
257 3405 306 3483 qui
330 3405 426 3465 multu
450 3407 547 3485 magis
570 3425 626 3464 niis
648 3405 755 3484 diligit,
778 3418 876 3483 quum¹
892 3405 954 3483 ipsi
979 3427 1045 3469 uos.

240 3520 315 3582 Nam
340 3523 364 3582 si
389 3524 538 3601 quispiam
555 3543 624 3583 sese
639 3542 701 3582 non
724 3523 875 3580 invenerit
889 3524 975 3583 serio
999 3524 1081 3586 affer·

158 3612 220 3665 tum
243 3603 325 3665 liiiiiu
350 3625 403 3686 pru
417 3607 526 3677 rostro,
555 3608 660 3665 nescio
690 3626 728 3664 an
752 3611 848 3665 tutum
872 3606 913 3663 sit
935 3608 1080 3668 confiteri.

157 3686 224 3750 llus
245 3690 327 3759 suiu,
358 3626 465 3748 inolitis
488 3688 544 3749 sibi
567 3708 653 3761 esse,
685 3691 710 3747 si
733 3687 901 3748 abstineret
924 3709 944 3748 a
969 3692 1080 3752 confes·

157 3771 255 3834 sioue.
297 3770 362 3834 Nee
383 3772 414 3833 in
437 3772 498 3833 huc
519 3782 716 3853 praeceptum
740 3771 891 3836 ecclesiae
915 3776 1079 3839 curandum
