2346 4208
345 253 379 310 de
397 253 522 311 libertate
534 255 707 312 omnum
918 250 982 323 218

58 444 176 506 solatio
197 442 326 522 nenati,
359 444 486 524 siquod
514 444 663 507 solatium
693 446 844 526 oarimtia,
877 448 901 507 si
922 464 985 526 qna

58 526 196 588 semotas
211 527 367 608 spiritus,
391 529 520 609 implete
542 528 685 610 madium
704 548 824 609 mermi,
843 538 881 591 ut
902 530 985 591 idom

58 611 208 691 sapiatis,
242 616 272 671 et
304 611 437 673 eandem
468 613 626 677 ueritatem
651 611 802 674 habentes
825 615 984 674 unanimes

56 692 92 753 id
113 694 214 772 ipsum
235 695 419 771 santientes,
438 695 517 756 nihil
538 714 594 776 par
615 699 860 776 contentionem,
883 715 985 776 neque

57 777 185 836 manem
206 776 352 874 gioriam,
387 777 442 838 aad
463 780 494 839 in
515 779 689 841 :humiditate
710 781 886 860 superiores
906 781 984 840 invi·

58 878 129 921 sam
153 859 356 939 aubntmntes,
390 880 453 924 non
476 881 555 941 quaa
576 881 638 922 sua
658 870 731 924 sunt
751 863 864 944 singuli
886 864 985 926 eonsi-

57 942 216 1021 dsrantas,
230 943 293 1004 ¹sed
315 964 361 1024 aa,
385 963 464 1024 quae
486 946 626 1008 aiiorum.
714 964 718 969 ·

144 1025 203 1086 idio
216 1027 300 1088 olane
314 1028 464 1107 videmus,
482 1029 576 1090 vitam
585 1028 827 1089 christianornm
845 1027 885 1088 ab
899 1030 983 1108 Apo·

57 1109 143 1171 stolo
162 1109 298 1174 inbono
319 1111 457 1192 regulam
469 1112 684 1192 essapoaitam
717 1118 751 1172 ut
764 1113 868 1172 omnia
890 1129 984 1191 opera

15 1191 167 1257 *fenestra
178 1192 364 1263 eduliorum
376 1194 629 1256 commoditatem
642 1159 830 1273 ordinentur,
841 1213 915 1254 oum
927 1213 985 1274 *par

58 1274 155 1342 fldem
176 1277 305 1355 quisque
318 1283 414 1339 ‘suam
427 1277 627 1356 aioabundet,
643 1284 677 1337 nt
688 1278 793 1339 omnia
805 1276 867 1338 alia
880 1297 984 1358 opera,

58 1365 189 1438 totaque
211 1360 275 1419 rita
295 1362 323 1420 ai
341 1360 541 1442 superfluant,
564 1360 672 1441 quibus
694 1362 837 1441 proximo
860 1369 982 1440 sponte·

58 1460 122 1503 nea
143 1439 361 1504 benevolentia
382 1446 496 1505 serviat
517 1452 548 1504 et
568 1443 752 1507 benefaciat.

143 1523 193 1585 Ad
210 1525 275 1587 hoo
292 1527 412 1587 inducit
428 1527 585 1589 ¹Christum
601 1545 658 1607 pre
678 1524 839 1605 exameto,
863 1525 983 1586 disens:

58 1607 131 1669 Hoe
154 1610 266 1670 sarrtite
282 1609 316 1669 in
340 1609 438 1689 vobis,
460 1611 544 1690 quod
566 1618 597 1672 et
616 1611 647 1670 in
665 1609 790 1670 eornm
812 1607 901 1684 Jesu,
924 1611 986 1688 qni,

59 1709 137 1752 oum·
150 1692 184 1751 in
203 1692 375 1754 tornensi
398 1703 490 1773 esset,
511 1712 575 1755 non
589 1693 728 1773 rapinam
741 1692 903 1752 arbitratus
928 1700 984 1768 est,

58 1792 132 1835 esse
153 1793 187 1835 sa
204 1776 370 1855 aequalem
383 1776 463 1855 Dee,
488 1777 543 1837 sed
565 1775 735 1838 exinanivit
753 1781 854 1834 semet
875 1776 984 1854 ipsum,

56 1857 189 1919 formam
211 1859 292 1920 servi
320 1861 476 1940 aooipiens
508 1862 539 1920 in
563 1857 791 1920 similitudinem
825 1857 984 1918 hominum

56 1939 173 2019 umas,
196 1947 227 2002 et
247 1940 352 2004 habitu
371 1944 515 2005 inuentus
531 1950 570 2004 -ut
590 1942 703 2020 homo,
724 1941 822 2002 iaetus
845 1948 892 2001 est
914 1941 987 2002 obe„

57 2022 148 2085 diens
174 2043 271 2104 usque
299 2025 338 2086 ad
370 2035 511 2090 mortem.
553 2025 623 2087 Hoo
644 2026 724 2086 enim
755 2022 880 2086 ver-bum
902 2025 984 2104 Ano-

56 2103 132 2168 stoli
154 2107 384 2196 saluberrimum
408 2110 497 2173 nobis
528 2109 731 2171 obscurarunt
750 2109 791 2190 ii,
821 2109 872 2187 qui
893 2125 984 2168 vnoa·

57 2189 132 2251 bula
145 2191 328 2271 apostoliea,
348 2193 478 2254 formam
491 2195 561 2272 Dei,
583 2193 711 2254 formam
724 2192 815 2270 servi,
835 2190 984 2268 habitum,

58 2273 293 2335 simili-tudinem
314 2275 489 2355 hominum,
522 2295 650 2357 prorsus
673 2294 734 2336 non
757 2274 983 2351 intellexerunt,

57 2363 91 2417 et
109 2356 149 2416 ad
171 2364 294 2418 naturas
310 2360 476 2421 divinitatis
494 2367 525 2420 et
537 2360 733 2419 humanitatis
745 2359 984 2436 transtulerunt,

57 2457 129 2500 eum
143 2439 256 2501 Pondus
277 2442 317 2503 id'
328 2443 412 2522 uelit,
424 2443 589 2522 Christum,
609 2461 679 2502 oum
700 2449 783 2502 esset
795 2441 904 2520 plenus
921 2441 983 2502 ior·

57 2543 111 2584 ma
128 2522 205 2602 nei,
237 2530 270 2586 et
291 2526 432 2587 omnihus
461 2526 551 2587 bonis
573 2524 748 2602 abundans,
779 2525 878 2585 itant
900 2525 982 2584 nuile

57 2625 164 2686 opere,
186 2607 271 2668 nulia
292 2610 437 2690 passione
458 2609 633 2690 indiguerit,
656 2615 688 2668 ut
708 2609 805 2666 iustus
828 2615 860 2667 et
880 2608 982 2667 salvus

55 2689 154 2752 fieret.
197 2690 339 2752 Habebat
366 2694 448 2754 enim
479 2694 558 2753 haee
580 2693 683 2751 omnia
710 2691 812 2750 statim
835 2690 873 2750 ab
895 2692 982 2751 initio

56 2773 116 2834 sui.
155 2773 229 2834 Non
249 2781 354 2842 mmen
375 2777 412 2836 iis
435 2774 620 2852 inflabatur,
649 2791 708 2834 neo
730 2791 822 2853 super
842 2791 899 2834 nos
923 2774 982 2834 aie-

58 2855 208 2935 vabstur,
238 2864 269 2917 et
287 2858 445 2938 *quandam
467 2859 640 2941 potentiam
663 2874 755 2936 super
777 2874 835 2917 nos
857 2855 914 2917 sibi
934 2877 983 2916 ar·

55 2938 202 3020 rugabat,
238 2941 313 3002 iioet
338 2941 372 3002 id
400 2943 466 3003 iure
495 2943 656 3028 potuisset.
699 2938 761 3000 Sed
792 2946 905 3000 eontra
940 2941 984 3000 sie

57 3024 123 3104 egit
144 3023 306 3102 laborans,
330 3044 471 3106 operans,
494 3027 631 3106 patiens,
654 3023 798 3101 moriens,
821 3029 855 3083 nt
875 3024 982 3083 similis

55 3111 141 3167 esset
162 3109 271 3168 esteris
284 3108 470 3189 hominibus,
492 3115 524 3170 et
538 3108 643 3169 habitu
666 3113 697 3166 et
711 3112 800 3186 gestu
816 3124 879 3167 non
901 3105 984 3166 atiud

56 3208 149 3269 quam
171 3190 284 3268 hamo,
307 3194 395 3272 qnasi
414 3193 453 3252 iis
477 3192 618 3253 omnibns
640 3196 761 3271 egeret,
784 3195 815 3249 et
835 3189 911 3249 nihil
931 3190 983 3250 ha·

55 3273 144 3334 beret
163 3273 331 3334 formarum
352 3277 419 3354 Dei,
442 3274 526 3354 quod
541 3281 644 3335 tamen
659 3280 755 3334 totum
778 3279 905 3353 propter
925 3292 983 3333 nos

54 3355 139 3436 feeit,
160 3364 195 3416 nt
207 3357 296 3420 nobis
310 3360 447 3438 serviret,
471 3367 502 3420 et
515 3365 621 3419 nostra
638 3355 747 3418 fierent
767 3356 881 3434 omnia,
905 3375 989 3435 quaev

55 3440 117 3500 hae
137 3440 237 3499 forma
258 3444 338 3502 servi
362 3450 551 3522 operaretur.

139 3522 185 3583 Itu
216 3522 421 3603 Christianus,
468 3522 728 3605 quemadmodum
766 3528 858 3601 eaput
895 3542 981 3582 sunm

55 3605 211 3683 Christus,
235 3607 403 3686 perfidem
426 3628 512 3670 suam
535 3607 645 3689 plenus
668 3613 699 3666 et
720 3611 820 3683 satur,
857 3613 982 3667 eonten-

54 3697 103 3749 tus
118 3708 195 3749 esse
213 3689 311 3750 :debet
342 3692 402 3752 hae
422 3692 522 3752 forma
544 3691 616 3768 Dei,
651 3708 707 3770 per
727 3687 820 3748 iidem
844 3688 982 3768 obtenta,

54 3773 113 3832 nisi
136 3773 229 3852 quod,
252 3779 285 3832 nt
307 3774 381 3854 dixi,
402 3775 502 3855 ipsam
525 3772 718 3835 bonafidem
742 3791 855 3853 augere
876 3771 988 3850 debet,

707 3855 772 3920 16*
