<?xml version="1.0" encoding="UTF-8"?>
<!DOCTYPE html PUBLIC "-//W3C//DTD XHTML 1.0 Transitional//EN"
    "http://www.w3.org/TR/xhtml1/DTD/xhtml1-transitional.dtd">
<html xmlns="http://www.w3.org/1999/xhtml" xml:lang="en" lang="en">
 <head>
  <title>
</title>
<meta http-equiv="Content-Type" content="text/html;charset=utf-8" />
  <meta name='ocr-system' content='tesseract 3.04.00' />
  <meta name='ocr-capabilities' content='ocr_page ocr_carea ocr_par ocr_line ocrx_word'/>
</head>
<body>
  <div class='ocr_page' id='page_1' title='image "./dmartinilutheri04luthgoog_0683.png"; bbox 0 0 2346 4208; ppageno 0'>
   <div class='ocr_carea' id='block_1_1' title="bbox 196 259 788 326">
    <p class='ocr_par' dir='ltr' id='par_1_1' title="bbox 196 259 788 326">
     <span class='ocr_line' id='line_1_1' title="bbox 196 259 788 326; baseline -0.024 0"><span class='ocrx_word' id='word_1_1' title='bbox 196 260 260 326; x_wconf 79' lang='grc'>160</span> <span class='ocrx_word' id='word_1_2' title='bbox 543 259 700 314; x_wconf 80' lang='lat' dir='ltr'>Confitendi</span> <span class='ocrx_word' id='word_1_3' title='bbox 720 262 788 315; x_wconf 85' lang='lat' dir='ltr'>ratio</span> 
     </span>
    </p>
   </div>
   <div class='ocr_carea' id='block_1_2' title="bbox 187 444 1116 523">
    <p class='ocr_par' dir='ltr' id='par_1_2' title="bbox 187 444 1116 523">
     <span class='ocr_line' id='line_1_2' title="bbox 187 444 1116 523; baseline -0.001 -16"><span class='ocrx_word' id='word_1_4' title='bbox 187 444 338 507; x_wconf 79' lang='lat' dir='ltr'>,ardorem</span> <span class='ocrx_word' id='word_1_5' title='bbox 377 445 511 506; x_wconf 90' lang='lat' dir='ltr'>libidinis</span> <span class='ocrx_word' id='word_1_6' title='bbox 547 454 706 523; x_wconf 85' lang='lat' dir='ltr'>mutuum,</span> <span class='ocrx_word' id='word_1_7' title='bbox 741 466 795 507; x_wconf 90' lang='lat' dir='ltr'>seu</span> <span class='ocrx_word' id='word_1_8' title='bbox 829 444 1050 506; x_wconf 80' lang='lat' dir='ltr'>inclinationes</span> <span class='ocrx_word' id='word_1_9' title='bbox 1083 444 1116 506; x_wconf 89' lang='lat' dir='ltr'>ad</span> 
     </span>
    </p>
   </div>
   <div class='ocr_carea' id='block_1_3' title="bbox 58 528 1117 609">
    <p class='ocr_par' dir='ltr' id='par_1_3' title="bbox 58 528 1117 609">
     <span class='ocr_line' id='line_1_3' title="bbox 58 528 1117 609; baseline 0.002 -23"><span class='ocrx_word' id='word_1_10' title='bbox 58 598 69 607; x_wconf 64' lang='lat'>,</span> <span class='ocrx_word' id='word_1_11' title='bbox 126 534 129 539; x_wconf 83' lang='lat'>&#39;</span> <span class='ocrx_word' id='word_1_12' title='bbox 199 548 306 587; x_wconf 87' lang='lat' dir='ltr'>sexum</span> <span class='ocrx_word' id='word_1_13' title='bbox 338 528 466 589; x_wconf 89' lang='lat' dir='ltr'>alterum</span> <span class='ocrx_word' id='word_1_14' title='bbox 506 529 729 608; x_wconf 89' lang='lat' dir='ltr'>quantumlibet</span> <span class='ocrx_word' id='word_1_15' title='bbox 758 529 899 590; x_wconf 86' lang='lat' dir='ltr'>foedum:</span> <span class='ocrx_word' id='word_1_16' title='bbox 934 529 1037 609; x_wconf 88' lang='lat' dir='ltr'>addo,</span> <span class='ocrx_word' id='word_1_17' title='bbox 1068 548 1117 589; x_wconf 89' lang='lat' dir='ltr'>nec</span> 
     </span>
    </p>
   </div>
   <div class='ocr_carea' id='block_1_4' title="bbox 197 612 1124 2253">
    <p class='ocr_par' dir='ltr' id='par_1_4' title="bbox 197 612 1121 1088">
     <span class='ocr_line' id='line_1_4' title="bbox 198 612 1118 693; baseline 0.001 -22"><span class='ocrx_word' id='word_1_18' title='bbox 198 613 358 692; x_wconf 78' lang='lat' dir='ltr'>passiones</span> <span class='ocrx_word' id='word_1_19' title='bbox 393 613 515 690; x_wconf 80' lang='lat' dir='ltr'>talium,</span> <span class='ocrx_word' id='word_1_20' title='bbox 560 622 630 672; x_wconf 91' lang='lat' dir='ltr'>sunt</span> <span class='ocrx_word' id='word_1_21' title='bbox 653 614 733 673; x_wconf 89' lang='lat' dir='ltr'>enim</span> <span class='ocrx_word' id='word_1_22' title='bbox 756 612 814 672; x_wconf 88' lang='lat' dir='ltr'>hae</span> <span class='ocrx_word' id='word_1_23' title='bbox 837 613 1050 693; x_wconf 82' lang='lat' dir='ltr'>cogitationes</span> <span class='ocrx_word' id='word_1_24' title='bbox 1070 613 1118 672; x_wconf 81' lang='lat' dir='ltr'>ira</span> 
     </span>
     <span class='ocr_line' id='line_1_5' title="bbox 197 695 1120 774; baseline 0 -20"><span class='ocrx_word' id='word_1_25' title='bbox 197 696 338 774; x_wconf 89' lang='lat' dir='ltr'>quentius</span> <span class='ocrx_word' id='word_1_26' title='bbox 361 697 521 774; x_wconf 85' lang='lat' dir='ltr'>passiones</span> <span class='ocrx_word' id='word_1_27' title='bbox 545 715 563 754; x_wconf 92' lang='lat' dir='ltr'>a</span> <span class='ocrx_word' id='word_1_28' title='bbox 587 715 693 773; x_wconf 78' lang='lat' dir='ltr'>carne,</span> <span class='ocrx_word' id='word_1_29' title='bbox 718 696 848 773; x_wconf 80' lang='lat' dir='ltr'>mundo,</span> <span class='ocrx_word' id='word_1_30' title='bbox 883 695 1120 756; x_wconf 85' lang='lat' dir='ltr'>diaboloveex·</span> 
     </span>
     <span class='ocr_line' id='line_1_6' title="bbox 198 777 1119 860; baseline 0 -22"><span class='ocrx_word' id='word_1_31' title='bbox 198 779 323 854; x_wconf 75' lang='lat' dir='ltr'>citatae,</span> <span class='ocrx_word' id='word_1_32' title='bbox 356 797 431 856; x_wconf 89' lang='lat' dir='ltr'>quas</span> <span class='ocrx_word' id='word_1_33' title='bbox 463 780 565 838; x_wconf 89' lang='lat' dir='ltr'>anima</span> <span class='ocrx_word' id='word_1_34' title='bbox 587 780 665 838; x_wconf 85' lang='lat' dir='ltr'>terre</span> <span class='ocrx_word' id='word_1_35' title='bbox 696 780 815 860; x_wconf 90' lang='lat' dir='ltr'>cogitur</span> <span class='ocrx_word' id='word_1_36' title='bbox 837 781 933 839; x_wconf 90' lang='lat' dir='ltr'>invita</span> <span class='ocrx_word' id='word_1_37' title='bbox 959 777 1119 858; x_wconf 90' lang='lat' dir='ltr'>aliquando</span> 
     </span>
     <span class='ocr_line' id='line_1_7' title="bbox 197 860 1121 942; baseline -0.001 -21"><span class='ocrx_word' id='word_1_38' title='bbox 197 862 400 942; x_wconf 90' lang='lat' dir='ltr'>permultam</span> <span class='ocrx_word' id='word_1_39' title='bbox 423 881 558 939; x_wconf 83' lang='lat' dir='ltr'>moram,</span> <span class='ocrx_word' id='word_1_40' title='bbox 597 863 659 922; x_wconf 93' lang='lat' dir='ltr'>imo</span> <span class='ocrx_word' id='word_1_41' title='bbox 689 863 873 941; x_wconf 81' lang='lat' dir='ltr'>qriandoque</span> <span class='ocrx_word' id='word_1_42' title='bbox 902 869 969 922; x_wconf 87' lang='lat' dir='ltr'>tota</span> <span class='ocrx_word' id='word_1_43' title='bbox 1001 861 1053 922; x_wconf 89' lang='lat' dir='ltr'>die</span> <span class='ocrx_word' id='word_1_44' title='bbox 1077 860 1121 922; x_wconf 82' lang='lat' dir='ltr'>vel</span> 
     </span>
     <span class='ocr_line' id='line_1_8' title="bbox 199 942 1121 1026; baseline -0.001 -22"><span class='ocrx_word' id='word_1_45' title='bbox 199 944 410 1023; x_wconf 85' lang='lat' dir='ltr'>hebdomada,</span> <span class='ocrx_word' id='word_1_46' title='bbox 439 947 516 1005; x_wconf 86' lang='lat' dir='ltr'>sicut</span> <span class='ocrx_word' id='word_1_47' title='bbox 539 945 649 1005; x_wconf 89' lang='lat' dir='ltr'>Paulus</span> <span class='ocrx_word' id='word_1_48' title='bbox 671 942 878 1026; x_wconf 74' lang='lat' dir='ltr'>apostolus*)</span> <span class='ocrx_word' id='word_1_49' title='bbox 903 944 1071 1006; x_wconf 83' lang='lat' dir='ltr'>confitetur</span> <span class='ocrx_word' id='word_1_50' title='bbox 1090 944 1121 1004; x_wconf 87' lang='lat' dir='ltr'>de</span> 
     </span>
     <span class='ocr_line' id='line_1_9' title="bbox 198 1028 410 1088; baseline -0.005 0"><span class='ocrx_word' id='word_1_51' title='bbox 198 1047 254 1088; x_wconf 91' lang='lat' dir='ltr'>suo</span> <span class='ocrx_word' id='word_1_52' title='bbox 277 1028 410 1087; x_wconf 89' lang='lat' dir='ltr'>stimulo.</span> 
     </span>
    </p>

    <p class='ocr_par' dir='ltr' id='par_1_5' title="bbox 199 1109 1124 2253">
     <span class='ocr_line' id='line_1_10' title="bbox 282 1109 1120 1190; baseline -0.005 -20"><span class='ocrx_word' id='word_1_53' title='bbox 282 1111 371 1170; x_wconf 85' lang='lat' dir='ltr'>Ratio</span> <span class='ocrx_word' id='word_1_54' title='bbox 395 1112 502 1171; x_wconf 89' lang='lat' dir='ltr'>horum</span> <span class='ocrx_word' id='word_1_55' title='bbox 526 1120 588 1188; x_wconf 83' lang='lat' dir='ltr'>est,</span> <span class='ocrx_word' id='word_1_56' title='bbox 622 1111 912 1190; x_wconf 84' lang='lat' dir='ltr'>quia-propositum</span> <span class='ocrx_word' id='word_1_57' title='bbox 937 1129 1034 1190; x_wconf 88' lang='lat' dir='ltr'>super</span> <span class='ocrx_word' id='word_1_58' title='bbox 1067 1109 1120 1169; x_wconf 91' lang='lat' dir='ltr'>illis</span> 
     </span>
     <span class='ocr_line' id='line_1_11' title="bbox 199 1192 1120 1274; baseline -0.001 -22"><span class='ocrx_word' id='word_1_59' title='bbox 199 1193 329 1252; x_wconf 80' lang='lat' dir='ltr'>vitandis</span> <span class='ocrx_word' id='word_1_60' title='bbox 353 1201 400 1253; x_wconf 90' lang='lat' dir='ltr'>est</span> <span class='ocrx_word' id='word_1_61' title='bbox 421 1195 611 1274; x_wconf 89' lang='lat' dir='ltr'>impossibile</span> <span class='ocrx_word' id='word_1_62' title='bbox 633 1202 664 1254; x_wconf 88' lang='lat' dir='ltr'>st</span> <span class='ocrx_word' id='word_1_63' title='bbox 678 1213 788 1252; x_wconf 88' lang='lat' dir='ltr'>vanum</span> <span class='ocrx_word' id='word_1_64' title='bbox 811 1199 841 1252; x_wconf 92' lang='lat' dir='ltr'>et</span> <span class='ocrx_word' id='word_1_65' title='bbox 858 1192 1006 1269; x_wconf 77' lang='lat' dir='ltr'>mendax,</span> <span class='ocrx_word' id='word_1_66' title='bbox 1031 1200 1063 1254; x_wconf 90' lang='lat' dir='ltr'>et</span> <span class='ocrx_word' id='word_1_67' title='bbox 1083 1193 1120 1251; x_wconf 89' lang='lat' dir='ltr'>in-</span> 
     </span>
     <span class='ocr_line' id='line_1_12' title="bbox 199 1276 1121 1337; baseline -0.002 -1"><span class='ocrx_word' id='word_1_68' title='bbox 199 1276 381 1336; x_wconf 87' lang='lat' dir='ltr'>clinationes</span> <span class='ocrx_word' id='word_1_69' title='bbox 404 1286 435 1336; x_wconf 88' lang='lat' dir='ltr'>st</span> <span class='ocrx_word' id='word_1_70' title='bbox 465 1276 644 1337; x_wconf 85' lang='lat' dir='ltr'>affectiones</span> <span class='ocrx_word' id='word_1_71' title='bbox 678 1285 801 1337; x_wconf 90' lang='lat' dir='ltr'>mutuae</span> <span class='ocrx_word' id='word_1_72' title='bbox 823 1295 953 1336; x_wconf 88' lang='lat' dir='ltr'>sexuum</span> <span class='ocrx_word' id='word_1_73' title='bbox 977 1295 1043 1337; x_wconf 92' lang='lat' dir='ltr'>non</span> <span class='ocrx_word' id='word_1_74' title='bbox 1064 1293 1121 1336; x_wconf 88' lang='lat' dir='ltr'>oes-</span> 
     </span>
     <span class='ocr_line' id='line_1_13' title="bbox 200 1359 1123 1438; baseline -0.001 -20"><span class='ocrx_word' id='word_1_75' title='bbox 200 1368 278 1436; x_wconf 83' lang='lat' dir='ltr'>sant,</span> <span class='ocrx_word' id='word_1_76' title='bbox 300 1359 557 1420; x_wconf 86' lang='lat' dir='ltr'>dataoocasione.</span> <span class='ocrx_word' id='word_1_77' title='bbox 603 1359 723 1420; x_wconf 79' lang='lat' dir='ltr'>Deinde</span> <span class='ocrx_word' id='word_1_78' title='bbox 745 1359 885 1420; x_wconf 90' lang='lat' dir='ltr'>diabolus</span> <span class='ocrx_word' id='word_1_79' title='bbox 907 1359 1123 1438; x_wconf 81' lang='lat' dir='ltr'>conquiescit,</span> 
     </span>
     <span class='ocr_line' id='line_1_14' title="bbox 199 1441 1122 1522; baseline -0.003 -19"><span class='ocrx_word' id='word_1_80' title='bbox 199 1450 231 1503; x_wconf 87' lang='lat' dir='ltr'>et</span> <span class='ocrx_word' id='word_1_81' title='bbox 251 1450 359 1502; x_wconf 90' lang='lat' dir='ltr'>natura</span> <span class='ocrx_word' id='word_1_82' title='bbox 380 1452 486 1503; x_wconf 87' lang='lat' dir='ltr'>nostra</span> <span class='ocrx_word' id='word_1_83' title='bbox 516 1451 580 1503; x_wconf 88' lang='lat' dir='ltr'>tota</span> <span class='ocrx_word' id='word_1_84' title='bbox 610 1452 658 1503; x_wconf 86' lang='lat' dir='ltr'>est</span> <span class='ocrx_word' id='word_1_85' title='bbox 686 1451 856 1522; x_wconf 84' lang='lat' dir='ltr'>peccatum.</span> <span class='ocrx_word' id='word_1_86' title='bbox 901 1441 963 1502; x_wconf 84' lang='lat' dir='ltr'>Sed</span> <span class='ocrx_word' id='word_1_87' title='bbox 987 1441 1050 1518; x_wconf 85' lang='lat' dir='ltr'>illi,</span> <span class='ocrx_word' id='word_1_88' title='bbox 1079 1441 1122 1520; x_wconf 88' lang='lat' dir='ltr'>qui</span> 
     </span>
     <span class='ocr_line' id='line_1_15' title="bbox 200 1524 1122 1606; baseline -0.001 -22"><span class='ocrx_word' id='word_1_89' title='bbox 200 1527 266 1585; x_wconf 88' lang='lat' dir='ltr'>sine</span> <span class='ocrx_word' id='word_1_90' title='bbox 279 1535 408 1606; x_wconf 86' lang='lat' dir='ltr'>peccato</span> <span class='ocrx_word' id='word_1_91' title='bbox 423 1527 530 1587; x_wconf 90' lang='lat' dir='ltr'>volunt</span> <span class='ocrx_word' id='word_1_92' title='bbox 544 1545 621 1598; x_wconf 68' lang='lat' dir='ltr'>esse,</span> <span class='ocrx_word' id='word_1_93' title='bbox 645 1534 676 1585; x_wconf 88' lang='lat' dir='ltr'>et</span> <span class='ocrx_word' id='word_1_94' title='bbox 687 1526 840 1585; x_wconf 90' lang='lat' dir='ltr'>hominem</span> <span class='ocrx_word' id='word_1_95' title='bbox 861 1543 970 1584; x_wconf 88' lang='lat' dir='ltr'>sanum</span> <span class='ocrx_word' id='word_1_96' title='bbox 990 1524 1122 1599; x_wconf 76' lang='lat' dir='ltr'>eredunt,</span> 
     </span>
     <span class='ocr_line' id='line_1_16' title="bbox 199 1609 1121 1686; baseline -0.002 -18"><span class='ocrx_word' id='word_1_97' title='bbox 199 1609 230 1669; x_wconf 95' lang='lat' dir='ltr'>hi</span> <span class='ocrx_word' id='word_1_98' title='bbox 252 1609 341 1670; x_wconf 91' lang='lat' dir='ltr'>uobis</span> <span class='ocrx_word' id='word_1_99' title='bbox 363 1610 418 1669; x_wconf 91' lang='lat' dir='ltr'>has</span> <span class='ocrx_word' id='word_1_100' title='bbox 441 1616 714 1686; x_wconf 77' lang='lat' dir='ltr'>cruces&#39;statuuut,</span> <span class='ocrx_word' id='word_1_101' title='bbox 739 1616 853 1668; x_wconf 92' lang='lat' dir='ltr'>utnon</span> <span class='ocrx_word' id='word_1_102' title='bbox 877 1627 1041 1667; x_wconf 79' lang='lat' dir='ltr'>cessemus</span> <span class='ocrx_word' id='word_1_103' title='bbox 1065 1613 1121 1682; x_wconf 82' lang='lat' dir='ltr'>(sa-</span> 
     </span>
     <span class='ocr_line' id='line_1_17' title="bbox 200 1690 1121 1771; baseline -0.004 -19"><span class='ocrx_word' id='word_1_104' title='bbox 200 1692 317 1752; x_wconf 87' lang='lat' dir='ltr'>cerdoti</span> <span class='ocrx_word' id='word_1_105' title='bbox 346 1694 456 1768; x_wconf 86' lang='lat' dir='ltr'>etiam)</span> <span class='ocrx_word' id='word_1_106' title='bbox 487 1692 644 1769; x_wconf 82' lang='lat' dir='ltr'>confiteri,</span> <span class='ocrx_word' id='word_1_107' title='bbox 678 1710 878 1771; x_wconf 86' lang='lat' dir='ltr'>quaecunque</span> <span class='ocrx_word' id='word_1_108' title='bbox 920 1691 970 1750; x_wconf 91' lang='lat' dir='ltr'>vel</span> <span class='ocrx_word' id='word_1_109' title='bbox 1007 1690 1121 1751; x_wconf 89' lang='lat' dir='ltr'>modico</span> 
     </span>
     <span class='ocr_line' id='line_1_18' title="bbox 200 1770 1122 1853; baseline -0.005 -16"><span class='ocrx_word' id='word_1_110' title='bbox 200 1795 257 1837; x_wconf 92' lang='lat' dir='ltr'>nos</span> <span class='ocrx_word' id='word_1_111' title='bbox 280 1776 403 1835; x_wconf 82' lang='lat' dir='ltr'>titillant</span> <span class='ocrx_word' id='word_1_112' title='bbox 426 1784 540 1836; x_wconf 87' lang='lat' dir='ltr'>tantum</span> <span class='ocrx_word' id='word_1_113' title='bbox 566 1775 668 1835; x_wconf 88' lang='lat' dir='ltr'>modo.</span> <span class='ocrx_word' id='word_1_114' title='bbox 711 1776 724 1835; x_wconf 97' lang='lat' dir='ltr'>l</span> <span class='ocrx_word' id='word_1_115' title='bbox 747 1777 814 1850; x_wconf 80' lang='lat' dir='ltr'>itur,</span> <span class='ocrx_word' id='word_1_116' title='bbox 837 1775 862 1832; x_wconf 93' lang='lat' dir='ltr'>si</span> <span class='ocrx_word' id='word_1_117' title='bbox 885 1781 1015 1853; x_wconf 85' lang='lat' dir='ltr'>oportet</span> <span class='ocrx_word' id='word_1_118' title='bbox 1037 1770 1122 1833; x_wconf 89' lang='lat' dir='ltr'>conii·</span> 
     </span>
     <span class='ocr_line' id='line_1_19' title="bbox 199 1796 1123 1936; baseline -0.004 -17"><span class='ocrx_word' id='word_1_119' title='bbox 199 1860 255 1919; x_wconf 88' lang='lat' dir='ltr'>teri</span> <span class='ocrx_word' id='word_1_120' title='bbox 279 1860 404 1918; x_wconf 91' lang='lat' dir='ltr'>omnino</span> <span class='ocrx_word' id='word_1_121' title='bbox 426 1859 504 1919; x_wconf 89' lang='lat' dir='ltr'>haec</span> <span class='ocrx_word' id='word_1_122' title='bbox 525 1859 647 1919; x_wconf 87' lang='lat' dir='ltr'>occulta</span> <span class='ocrx_word' id='word_1_123' title='bbox 669 1796 785 1934; x_wconf 73' lang='lat' dir='ltr'>cordis,</span> <span class='ocrx_word' id='word_1_124' title='bbox 815 1864 933 1917; x_wconf 90' lang='lat' dir='ltr'>tantum</span> <span class='ocrx_word' id='word_1_125' title='bbox 966 1875 1021 1933; x_wconf 81' lang='lat' dir='ltr'>ea,</span> <span class='ocrx_word' id='word_1_126' title='bbox 1052 1874 1123 1936; x_wconf 81' lang='lat' dir='ltr'>quaa</span> 
     </span>
     <span class='ocr_line' id='line_1_20' title="bbox 200 1938 1123 2022; baseline -0.004 -20"><span class='ocrx_word' id='word_1_127' title='bbox 200 1943 283 2022; x_wconf 87' lang='lat' dir='ltr'>plani</span> <span class='ocrx_word' id='word_1_128' title='bbox 307 1949 378 2002; x_wconf 92' lang='lat' dir='ltr'>sunt</span> <span class='ocrx_word' id='word_1_129' title='bbox 399 1957 569 2002; x_wconf 77' lang='lat' dir='ltr'>consensus</span> <span class='ocrx_word' id='word_1_130' title='bbox 591 1944 621 2001; x_wconf 91' lang='lat' dir='ltr'>in</span> <span class='ocrx_word' id='word_1_131' title='bbox 646 1961 739 2021; x_wconf 85' lang='lat' dir='ltr'>opus,</span> <span class='ocrx_word' id='word_1_132' title='bbox 772 1939 998 2017; x_wconf 83' lang='lat' dir='ltr'>confiteantur,</span> <span class='ocrx_word' id='word_1_133' title='bbox 1029 1938 1123 2020; x_wconf 85' lang='lat' dir='ltr'>qualia</span> 
     </span>
     <span class='ocr_line' id='line_1_21' title="bbox 200 2024 1121 2105; baseline -0.004 -21"><span class='ocrx_word' id='word_1_134' title='bbox 200 2027 300 2103; x_wconf 78' lang='lat' dir='ltr'>iniis,</span> <span class='ocrx_word' id='word_1_135' title='bbox 323 2027 512 2105; x_wconf 86' lang='lat' dir='ltr'>quiaupiunt</span> <span class='ocrx_word' id='word_1_136' title='bbox 534 2027 584 2105; x_wconf 90' lang='lat' dir='ltr'>pie</span> <span class='ocrx_word' id='word_1_137' title='bbox 600 2027 712 2102; x_wconf 77' lang='lat' dir='ltr'>vivere,</span> <span class='ocrx_word' id='word_1_138' title='bbox 736 2025 785 2085; x_wconf 86' lang='lat' dir='ltr'>vel</span> <span class='ocrx_word' id='word_1_139' title='bbox 808 2042 876 2084; x_wconf 88' lang='lat' dir='ltr'>raro</span> <span class='ocrx_word' id='word_1_140' title='bbox 898 2024 948 2083; x_wconf 87' lang='lat' dir='ltr'>val</span> <span class='ocrx_word' id='word_1_141' title='bbox 971 2040 1121 2103; x_wconf 86' lang='lat' dir='ltr'>uunquam</span> 
     </span>
     <span class='ocr_line' id='line_1_22' title="bbox 201 2105 1124 2188; baseline -0.005 -19"><span class='ocrx_word' id='word_1_142' title='bbox 201 2110 400 2188; x_wconf 78' lang='lat' dir='ltr'>contingunt,</span> <span class='ocrx_word' id='word_1_143' title='bbox 432 2110 550 2168; x_wconf 86' lang='lat' dir='ltr'>etiamsi</span> <span class='ocrx_word' id='word_1_144' title='bbox 577 2107 699 2168; x_wconf 81' lang='lat' dir='ltr'>assidue</span> <span class='ocrx_word' id='word_1_145' title='bbox 722 2105 936 2167; x_wconf 85' lang='lat' dir='ltr'>affectionibus</span> <span class='ocrx_word' id='word_1_146' title='bbox 959 2114 993 2166; x_wconf 90' lang='lat' dir='ltr'>et</span> <span class='ocrx_word' id='word_1_147' title='bbox 1015 2107 1124 2186; x_wconf 84' lang='lat' dir='ltr'>passio·</span> 
     </span>
     <span class='ocr_line' id='line_1_23' title="bbox 200 2191 607 2253; baseline 0.005 -2"><span class='ocrx_word' id='word_1_148' title='bbox 200 2191 289 2251; x_wconf 90' lang='lat' dir='ltr'>uibus</span> <span class='ocrx_word' id='word_1_149' title='bbox 313 2192 423 2251; x_wconf 88' lang='lat' dir='ltr'>talibus</span> <span class='ocrx_word' id='word_1_150' title='bbox 447 2199 607 2253; x_wconf 84' lang='lat' dir='ltr'>vexentur.</span> 
     </span>
    </p>
   </div>
   <div class='ocr_carea' id='block_1_5' title="bbox 589 2357 749 2417">
    <p class='ocr_par' dir='ltr' id='par_1_6' title="bbox 589 2357 749 2417">
     <span class='ocr_line' id='line_1_24' title="bbox 589 2357 749 2417; baseline -0.019 0"><span class='ocrx_word' id='word_1_151' title='bbox 589 2357 749 2417; x_wconf 87' lang='lat' dir='ltr'>Octavum.</span> 
     </span>
    </p>
   </div>
   <div class='ocr_carea' id='block_1_6' title="bbox 161 2507 1167 3737">
    <p class='ocr_par' dir='ltr' id='par_1_7' title="bbox 161 2507 1167 3737">
     <span class='ocr_line' id='line_1_25' title="bbox 286 2507 1122 2592; baseline -0.002 -23"><span class='ocrx_word' id='word_1_152' title='bbox 286 2509 353 2569; x_wconf 89' lang='lat' dir='ltr'>Huc</span> <span class='ocrx_word' id='word_1_153' title='bbox 374 2511 505 2589; x_wconf 85' lang='lat' dir='ltr'>pertinet</span> <span class='ocrx_word' id='word_1_154' title='bbox 528 2511 745 2592; x_wconf 83' lang='lat' dir='ltr'>theologorum</span> <span class='ocrx_word' id='word_1_155' title='bbox 770 2507 960 2588; x_wconf 85' lang='lat' dir='ltr'>quorundam</span> <span class='ocrx_word' id='word_1_156' title='bbox 994 2509 1122 2570; x_wconf 88' lang='lat' dir='ltr'>audacis·</span> 
     </span>
     <span class='ocr_line' id='line_1_26' title="bbox 204 2592 1122 2673; baseline -0.001 -20"><span class='ocrx_word' id='word_1_157' title='bbox 204 2595 350 2654; x_wconf 88' lang='lat' dir='ltr'>simorum</span> <span class='ocrx_word' id='word_1_158' title='bbox 372 2613 485 2672; x_wconf 82' lang='lat' dir='ltr'>genus,</span> <span class='ocrx_word' id='word_1_159' title='bbox 519 2598 581 2653; x_wconf 88' lang='lat' dir='ltr'>nati</span> <span class='ocrx_word' id='word_1_160' title='bbox 605 2593 694 2654; x_wconf 90' lang='lat' dir='ltr'>adid</span> <span class='ocrx_word' id='word_1_161' title='bbox 717 2595 832 2673; x_wconf 84' lang='lat' dir='ltr'>ipsum,</span> <span class='ocrx_word' id='word_1_162' title='bbox 861 2598 892 2650; x_wconf 91' lang='lat' dir='ltr'>ut</span> <span class='ocrx_word' id='word_1_163' title='bbox 914 2610 991 2651; x_wconf 90' lang='lat' dir='ltr'>vero</span> <span class='ocrx_word' id='word_1_164' title='bbox 1016 2593 1075 2654; x_wconf 90' lang='lat' dir='ltr'>Dei</span> <span class='ocrx_word' id='word_1_165' title='bbox 1095 2592 1122 2652; x_wconf 85' lang='lat' dir='ltr'>u·-</span> 
     </span>
     <span class='ocr_line' id='line_1_27' title="bbox 202 2674 1123 2750; baseline -0.004 -14"><span class='ocrx_word' id='word_1_166' title='bbox 202 2697 287 2737; x_wconf 86' lang='lat' dir='ltr'>more</span> <span class='ocrx_word' id='word_1_167' title='bbox 302 2679 331 2736; x_wconf 93' lang='lat' dir='ltr'>iu</span> <span class='ocrx_word' id='word_1_168' title='bbox 347 2677 489 2736; x_wconf 88' lang='lat' dir='ltr'>cordibus</span> <span class='ocrx_word' id='word_1_169' title='bbox 507 2676 663 2749; x_wconf 87' lang='lat' dir='ltr'>hominum</span> <span class='ocrx_word' id='word_1_170' title='bbox 679 2679 841 2750; x_wconf 81' lang='lat' dir='ltr'>exstincto,</span> <span class='ocrx_word' id='word_1_171' title='bbox 864 2674 949 2734; x_wconf 85' lang='lat' dir='ltr'>falsis</span> <span class='ocrx_word' id='word_1_172' title='bbox 964 2674 1123 2737; x_wconf 87' lang='lat' dir='ltr'>terroribus</span> 
     </span>
     <span class='ocr_line' id='line_1_28' title="bbox 201 2757 1120 2835; baseline 0 -16"><span class='ocrx_word' id='word_1_173' title='bbox 201 2768 299 2820; x_wconf 90' lang='lat' dir='ltr'>totum</span> <span class='ocrx_word' id='word_1_174' title='bbox 331 2759 435 2820; x_wconf 89' lang='lat' dir='ltr'>orbem</span> <span class='ocrx_word' id='word_1_175' title='bbox 466 2763 660 2835; x_wconf 81' lang='lat' dir='ltr'>concutiant,</span> <span class='ocrx_word' id='word_1_176' title='bbox 699 2767 731 2819; x_wconf 92' lang='lat' dir='ltr'>ut</span> <span class='ocrx_word' id='word_1_177' title='bbox 761 2759 799 2819; x_wconf 90' lang='lat' dir='ltr'>de</span> <span class='ocrx_word' id='word_1_178' title='bbox 829 2758 888 2817; x_wconf 87' lang='lat' dir='ltr'>illis</span> <span class='ocrx_word' id='word_1_179' title='bbox 912 2757 1056 2819; x_wconf 82' lang='lat' dir='ltr'>Christus</span> <span class='ocrx_word' id='word_1_180' title='bbox 1071 2757 1120 2826; x_wconf 73' lang='lat' dir='ltr'>”l</span> 
     </span>
     <span class='ocr_line' id='line_1_29' title="bbox 201 2841 1122 2921; baseline -0.002 -19"><span class='ocrx_word' id='word_1_181' title='bbox 201 2842 317 2903; x_wconf 88' lang='lat' dir='ltr'>dixisse</span> <span class='ocrx_word' id='word_1_182' title='bbox 338 2845 436 2921; x_wconf 88' lang='lat' dir='ltr'>possit</span> <span class='ocrx_word' id='word_1_183' title='bbox 457 2842 569 2919; x_wconf 83' lang='lat' dir='ltr'>videri,</span> <span class='ocrx_word' id='word_1_184' title='bbox 598 2855 730 2904; x_wconf 83' lang='lat' dir='ltr'>terrores</span> <span class='ocrx_word' id='word_1_185' title='bbox 760 2842 798 2900; x_wconf 88' lang='lat' dir='ltr'>de</span> <span class='ocrx_word' id='word_1_186' title='bbox 827 2841 917 2901; x_wconf 88' lang='lat' dir='ltr'>coelo</span> <span class='ocrx_word' id='word_1_187' title='bbox 942 2859 1122 2902; x_wconf 82' lang='lat' dir='ltr'>commemo</span> 
     </span>
     <span class='ocr_line' id='line_1_30' title="bbox 161 2924 1123 3007; baseline -0.003 -22"><span class='ocrx_word' id='word_1_188' title='bbox 161 2959 165 2962; x_wconf 91' lang='lat'><strong>·</strong></span> <span class='ocrx_word' id='word_1_189' title='bbox 200 2946 289 3004; x_wconf 77' lang='lat' dir='ltr'>rans3</span> <span class='ocrx_word' id='word_1_190' title='bbox 311 2926 435 3001; x_wconf 82' lang='lat' dir='ltr'>bisunt,</span> <span class='ocrx_word' id='word_1_191' title='bbox 459 2927 508 3003; x_wconf 91' lang='lat' dir='ltr'>qui</span> <span class='ocrx_word' id='word_1_192' title='bbox 521 2929 658 3007; x_wconf 82' lang='lat' dir='ltr'>aggressi</span> <span class='ocrx_word' id='word_1_193' title='bbox 673 2934 744 2985; x_wconf 91' lang='lat' dir='ltr'>sunt</span> <span class='ocrx_word' id='word_1_194' title='bbox 759 2924 848 2984; x_wconf 90' lang='lat' dir='ltr'>nobis</span> <span class='ocrx_word' id='word_1_195' title='bbox 862 2924 1041 2986; x_wconf 84' lang='lat' dir='ltr'>discernere</span> <span class='ocrx_word' id='word_1_196' title='bbox 1063 2941 1123 3006; x_wconf 80' lang='lat' dir='ltr'>pec</span> 
     </span>
     <span class='ocr_line' id='line_1_31' title="bbox 202 3006 1167 3087; baseline -0.005 -18"><span class='ocrx_word' id='word_1_197' title='bbox 202 3017 303 3069; x_wconf 87' lang='lat' dir='ltr'>catum</span> <span class='ocrx_word' id='word_1_198' title='bbox 328 3009 456 3069; x_wconf 84' lang='lat' dir='ltr'>mortale</span> <span class='ocrx_word' id='word_1_199' title='bbox 479 3017 509 3067; x_wconf 86' lang='lat' dir='ltr'>et</span> <span class='ocrx_word' id='word_1_200' title='bbox 531 3011 662 3087; x_wconf 85' lang='lat' dir='ltr'>veniale,</span> <span class='ocrx_word' id='word_1_201' title='bbox 686 3009 813 3085; x_wconf 81' lang='lat' dir='ltr'>scilicet,</span> <span class='ocrx_word' id='word_1_202' title='bbox 837 3013 878 3084; x_wconf 83' lang='lat' dir='ltr'>ut,</span> <span class='ocrx_word' id='word_1_203' title='bbox 901 3006 954 3066; x_wconf 90' lang='lat' dir='ltr'>ubi</span> <span class='ocrx_word' id='word_1_204' title='bbox 979 3008 1124 3070; x_wconf 86' lang='lat' dir='ltr'>audierint</span> <span class='ocrx_word' id='word_1_205' title='bbox 1165 3006 1167 3011; x_wconf 79' lang='grc'><strong>’</strong></span> 
     </span>
     <span class='ocr_line' id='line_1_32' title="bbox 202 3089 1122 3174; baseline -0.002 -23"><span class='ocrx_word' id='word_1_206' title='bbox 202 3092 344 3152; x_wconf 88' lang='lat' dir='ltr'>homines</span> <span class='ocrx_word' id='word_1_207' title='bbox 368 3112 436 3151; x_wconf 85' lang='lat' dir='ltr'>esse</span> <span class='ocrx_word' id='word_1_208' title='bbox 458 3091 584 3170; x_wconf 88' lang='lat' dir='ltr'>aliquod</span> <span class='ocrx_word' id='word_1_209' title='bbox 606 3104 766 3174; x_wconf 83' lang='lat' dir='ltr'>peccatum</span> <span class='ocrx_word' id='word_1_210' title='bbox 782 3089 911 3165; x_wconf 75' lang='lat' dir='ltr'>veniale,</span> <span class='ocrx_word' id='word_1_211' title='bbox 935 3093 1041 3152; x_wconf 87' lang='lat' dir='ltr'>securi</span> <span class='ocrx_word' id='word_1_212' title='bbox 1063 3092 1122 3160; x_wconf 75' lang='lat' dir='ltr'>sint</span> 
     </span>
     <span class='ocr_line' id='line_1_33' title="bbox 201 3171 1120 3254; baseline -0.001 -19"><span class='ocrx_word' id='word_1_213' title='bbox 201 3185 232 3235; x_wconf 90' lang='lat' dir='ltr'>et</span> <span class='ocrx_word' id='word_1_214' title='bbox 253 3177 310 3235; x_wconf 80' lang='lat' dir='ltr'>llei</span> <span class='ocrx_word' id='word_1_215' title='bbox 333 3178 472 3235; x_wconf 87' lang='lat' dir='ltr'>timorem</span> <span class='ocrx_word' id='word_1_216' title='bbox 499 3186 554 3250; x_wconf 11' lang='lat' dir='ltr'>(pac</span> <span class='ocrx_word' id='word_1_217' title='bbox 581 3179 606 3236; x_wconf 90' lang='lat' dir='ltr'>si</span> <span class='ocrx_word' id='word_1_218' title='bbox 638 3176 759 3236; x_wconf 87' lang='lat' dir='ltr'>veniale</span> <span class='ocrx_word' id='word_1_219' title='bbox 788 3176 855 3254; x_wconf 88' lang='lat' dir='ltr'>ipse</span> <span class='ocrx_word' id='word_1_220' title='bbox 884 3173 973 3233; x_wconf 91' lang='lat' dir='ltr'>nihili</span> <span class='ocrx_word' id='word_1_221' title='bbox 998 3171 1120 3254; x_wconf 87' lang='lat' dir='ltr'>pendat)</span> 
     </span>
     <span class='ocr_line' id='line_1_34' title="bbox 202 3257 1121 3340; baseline -0.003 -22"><span class='ocrx_word' id='word_1_222' title='bbox 202 3261 321 3339; x_wconf 88' lang='lat' dir='ltr'>penitus</span> <span class='ocrx_word' id='word_1_223' title='bbox 349 3261 523 3336; x_wconf 74' lang='lat' dir='ltr'>remittant3</span> <span class='ocrx_word' id='word_1_224' title='bbox 557 3281 694 3340; x_wconf 78' lang='lat' dir='ltr'>rursum,</span> <span class='ocrx_word' id='word_1_225' title='bbox 724 3259 774 3318; x_wconf 90' lang='lat' dir='ltr'>ubi</span> <span class='ocrx_word' id='word_1_226' title='bbox 805 3257 935 3317; x_wconf 81' lang='lat' dir='ltr'>mortale</span> <span class='ocrx_word' id='word_1_227' title='bbox 968 3267 1121 3337; x_wconf 83' lang='lat' dir='ltr'>peccatum</span> 
     </span>
     <span class='ocr_line' id='line_1_35' title="bbox 202 3341 1121 3420; baseline -0.002 -18"><span class='ocrx_word' id='word_1_228' title='bbox 202 3362 270 3404; x_wconf 89' lang='lat' dir='ltr'>esse</span> <span class='ocrx_word' id='word_1_229' title='bbox 294 3343 444 3402; x_wconf 84' lang='lat' dir='ltr'>audierint</span> <span class='ocrx_word' id='word_1_230' title='bbox 466 3361 650 3403; x_wconf 88' lang='lat' dir='ltr'>consensum</span> <span class='ocrx_word' id='word_1_231' title='bbox 674 3343 795 3418; x_wconf 83' lang='lat' dir='ltr'>cordis,</span> <span class='ocrx_word' id='word_1_232' title='bbox 819 3351 881 3399; x_wconf 89' lang='lat' dir='ltr'>tum</span> <span class='ocrx_word' id='word_1_233' title='bbox 904 3341 1025 3418; x_wconf 91' lang='lat' dir='ltr'>siquis</span> <span class='ocrx_word' id='word_1_234' title='bbox 1049 3357 1121 3420; x_wconf 81' lang='lat' dir='ltr'>prae</span> 
     </span>
     <span class='ocr_line' id='line_1_36' title="bbox 202 3417 1121 3504; baseline -0.005 -20"><span class='ocrx_word' id='word_1_235' title='bbox 202 3434 293 3504; x_wconf 87' lang='lat' dir='ltr'>cepta</span> <span class='ocrx_word' id='word_1_236' title='bbox 315 3426 465 3486; x_wconf 85' lang='lat' dir='ltr'>ecclesiae</span> <span class='ocrx_word' id='word_1_237' title='bbox 487 3445 549 3485; x_wconf 88' lang='lat' dir='ltr'>non</span> <span class='ocrx_word' id='word_1_238' title='bbox 574 3426 719 3493; x_wconf 88' lang='lat' dir='ltr'>audierit,</span> <span class='ocrx_word' id='word_1_239' title='bbox 743 3434 796 3485; x_wconf 91' lang='lat' dir='ltr'>aut</span> <span class='ocrx_word' id='word_1_240' title='bbox 821 3424 926 3483; x_wconf 88' lang='lat' dir='ltr'>nescio</span> <span class='ocrx_word' id='word_1_241' title='bbox 950 3424 1029 3501; x_wconf 91' lang='lat' dir='ltr'>quid</span> <span class='ocrx_word' id='word_1_242' title='bbox 1051 3417 1121 3484; x_wconf 83' lang='lat' dir='ltr'>aliud</span> 
     </span>
     <span class='ocr_line' id='line_1_37' title="bbox 200 3504 1121 3586; baseline -0.007 -18"><span class='ocrx_word' id='word_1_243' title='bbox 200 3507 368 3568; x_wconf 88' lang='lat' dir='ltr'>leviculum</span> <span class='ocrx_word' id='word_1_244' title='bbox 391 3508 558 3586; x_wconf 77' lang='lat' dir='ltr'>admiserit,</span> <span class='ocrx_word' id='word_1_245' title='bbox 580 3512 639 3568; x_wconf 85' lang='lat' dir='ltr'>iam</span> <span class='ocrx_word' id='word_1_246' title='bbox 663 3509 764 3569; x_wconf 89' lang='lat' dir='ltr'>nullus</span> <span class='ocrx_word' id='word_1_247' title='bbox 788 3509 827 3567; x_wconf 91' lang='lat' dir='ltr'>sit</span> <span class='ocrx_word' id='word_1_248' title='bbox 848 3506 936 3565; x_wconf 89' lang='lat' dir='ltr'>locus</span> <span class='ocrx_word' id='word_1_249' title='bbox 953 3506 1078 3568; x_wconf 84' lang='lat' dir='ltr'>Christo</span> <span class='ocrx_word' id='word_1_250' title='bbox 1098 3504 1121 3564; x_wconf 91' lang='lat' dir='ltr'>iu</span> 
     </span>
     <span class='ocr_line' id='line_1_38' title="bbox 202 3589 1120 3672; baseline -0.005 -21"><span class='ocrx_word' id='word_1_251' title='bbox 202 3593 295 3652; x_wconf 83' lang='lat' dir='ltr'>corde</span> <span class='ocrx_word' id='word_1_252' title='bbox 322 3612 395 3672; x_wconf 89' lang='lat' dir='ltr'>prae</span> <span class='ocrx_word' id='word_1_253' title='bbox 427 3593 607 3652; x_wconf 84' lang='lat' dir='ltr'>confusione</span> <span class='ocrx_word' id='word_1_254' title='bbox 638 3594 755 3652; x_wconf 85' lang='lat' dir='ltr'>sonitus</span> <span class='ocrx_word' id='word_1_255' title='bbox 792 3591 882 3649; x_wconf 88' lang='lat' dir='ltr'>maris</span> <span class='ocrx_word' id='word_1_256' title='bbox 916 3600 948 3649; x_wconf 89' lang='lat' dir='ltr'>st</span> <span class='ocrx_word' id='word_1_257' title='bbox 986 3589 1120 3650; x_wconf 83' lang='lat' dir='ltr'>fluctuum</span> 
     </span>
     <span class='ocr_line' id='line_1_39' title="bbox 203 3676 632 3737; baseline 0 -1"><span class='ocrx_word' id='word_1_258' title='bbox 203 3678 390 3737; x_wconf 87' lang='lat' dir='ltr'>miserrimae</span> <span class='ocrx_word' id='word_1_259' title='bbox 414 3676 632 3736; x_wconf 87' lang='lat' dir='ltr'>conscientiae.</span> 
     </span>
    </p>
   </div>
   <div class='ocr_carea' id='block_1_7' title="bbox 275 3779 721 3867">
    <p class='ocr_par' dir='ltr' id='par_1_8' title="bbox 275 3779 721 3867">
     <span class='ocr_line' id='line_1_40' title="bbox 275 3779 721 3867; baseline -0.029 -9"><span class='ocrx_word' id='word_1_260' title='bbox 275 3802 305 3867; x_wconf 71' lang='lat' dir='ltr'>*J</span> <span class='ocrx_word' id='word_1_261' title='bbox 324 3801 341 3856; x_wconf 81' lang='lat' dir='ltr'>a</span> <span class='ocrx_word' id='word_1_262' title='bbox 360 3779 656 3863; x_wconf 58' lang='lat' dir='ltr'>corma.</span> <span class='ocrx_word' id='word_1_263' title='bbox 679 3794 721 3847; x_wconf 82' lang='lat'>12.</span> 
     </span>
    </p>
   </div>
   <div class='ocr_carea' id='block_1_8' title="bbox 0 0 1183 4208">
    <p class='ocr_par' dir='ltr' id='par_1_9' title="bbox 0 0 1183 4208">
     <span class='ocr_line' id='line_1_41' title="bbox 0 0 1183 4208; baseline 0 0"><span class='ocrx_word' id='word_1_264' title='bbox 0 0 1183 4208; x_wconf 95' lang='lat' dir='ltr'> </span> 
     </span>
    </p>
   </div>
  </div>
 </body>
</html>
