2346 4208
390 1109 518 1205 Bulla
547 1109 700 1206 leonis
729 1106 783 1204 X.

291 1308 410 1376 Gontra
439 1327 568 1376 errores
594 1310 727 1376 llartini
749 1308 884 1375 Lntlrori

461 1394 494 1459 51
521 1394 713 1476 sequacium.

208 1722 263 1815 Jo.
286 1751 414 1831 11551115,
447 1760 610 1833 postquam
644 1771 723 1832 quae
746 1751 888 1813 voluerat
909 1750 1050 1832 Disputa-

120 1839 210 1898 tione
232 1834 383 1916 lipsiensi
408 1854 470 1897 non
494 1841 541 1895 est
562 1842 739 1914 assecutus,
768 1834 899 1896 Romam
922 1852 956 1894 se
978 1850 1050 1895 con-

124 1918 213 1998 tulit,
252 1925 285 1979 ut
316 1920 426 1979 summi
449 1917 606 1979 Pontificis
641 1924 672 1979 51
694 1916 899 1978 Cardinolinm
929 1918 1050 1978 animoa

124 2007 236 2064 contra
255 2000 420 2063 Lutherum
453 2008 664 2063 commoverat
693 2002 820 2081 eiusque
847 2018 992 2079 causam,
1025 2001 1051 2059 si

119 2091 249 2166 posset,
280 2084 414 2147 funditus
450 2090 602 2146 everteret
622 2104 660 2145 aa
681 2084 807 2147 deleret.
850 2083 948 2159 Quam
969 2081 1052 2144 felici

123 2186 273 2228 successu
295 2168 336 2229 ibi
358 2187 421 2228 rem
445 2187 531 2228 suam
553 2170 693 2249 gesserit,
714 2189 753 2228 ex
770 2167 902 2248 epistola
924 2184 1050 2228 cernere

121 2251 210 2329 licet,
234 2269 323 2329 qnam
347 2250 398 2311 die
419 2253 509 2313 tertio
532 2253 646 2312 mensis
659 2251 730 2312 Maii
753 2271 780 2313 a.
806 2253 885 2316 1520
907 2269 946 2311 ex
967 2249 1050 2311 Urbe

123 2333 211 2394 dedit
232 2340 263 2393 et
285 2351 375 2413 qnam
393 2353 462 2394 cum
484 2333 607 2415 glossis,
630 2353 706 2414 quas
719 2334 825 2394 dicunt
847 2332 1051 2394 esseLutheri

125 2415 298 2498 (Sackend.
328 2416 404 2480 Hist.
436 2416 557 2477 Luth.l
587 2418 614 2496 S.
637 2422 676 2481 75
700 2438 729 2497 p.
752 2420 821 2482 116.
852 2415 940 2476 111111.
968 2413 1048 2496 Opp.

122 2498 305 2562 ed.Walclr.
328 2498 386 2560 XV
408 2519 437 2579 p.
464 2497 575 2580 1658),
592 2499 760 2580 secundnm
785 2499 952 2560 editionem
967 2497 1048 2579 Opp.

122 2581 214 2642 Loth.
236 2582 402 2642 lonensem
425 2582 519 2643 modo
541 2601 572 2661 p.
595 2584 655 2647 256
677 2583 876 2663 repetivimus
900 2582 956 2659 (cf.
978 2579 1049 2642 Gie-

122 2666 213 2744 seler,
236 2664 549 2746 Kirchengeschichte
569 2664 604 2726 Τ.
628 2664 680 2742 111,
704 2668 720 2728 1
743 2684 773 2745 p.
795 2666 834 2729 81
865 2664 956 2728 5183
979 2681 1048 2724 cum

122 2745 236 2825 notis).
279 2748 337 2808 Die
363 2752 411 2812 15.
435 2747 569 2808 m..lunii
592 2768 619 2812 a.
644 2750 725 2813 1520
740 2747 830 2808 Bulla
842 2746 954 2808 Leonis
977 2765 1049 2807 con·

121 2836 170 2892 tra
190 2831 352 2892 Lutherum
374 2832 493 2892 Romae
524 2832 670 2911 expedita
698 2830 793 2891 5115.
817 2829 912 2891 Eccio
936 2828 1048 2890 tradita

122 2921 171 2974 est
203 2916 234 2974 in
262 2914 457 2975 Germaniam
495 2913 676 2994 perferenda
716 2913 819 2993 ibique
852 2911 1046 2993 publicanda.

122 2995 170 3057 Ea
191 2997 281 3057 Bulla
302 2996 387 3077 Papa
416 3016 507 3056 unam
530 3003 561 3057 et
592 2996 795 3078 quadraginta
817 2996 1047 3076 propositiones

121 3079 256 3158 Lathon,
281 3099 319 3140 511
344 3078 426 3142 libris
449 3081 515 3140 eius
529 3080 821 3161 excerptas,partim
844 3078 1049 3139 utmanlseste

121 3163 304 3239 haereticas,
326 3164 437 3242 partim
459 3169 492 3222 ut
515 3162 715 3224 scandalosas
732 3169 762 3223 et
783 3163 960 3222 temerarias
975 3164 1047 3222 5511-

124 3244 292 3324 demnavit,
314 3252 345 3306 et
367 3246 394 3306 ei
417 3245 579 3327 sexaginta
602 3246 667 3306 dies
688 3244 846 3326 praefixit,
868 3245 948 3306 intra
970 3262 1047 3324 quos

121 3330 371 3390 retractationem
398 3330 429 3388 in
458 3329 557 3389 forma
578 3329 729 3408 probante
752 3328 881 3389 Romam
915 3328 1048 3388 mitteret

121 3419 174 3472 ant
202 3413 269 3491 ipse
306 3410 443 3490 afferret,
482 3412 585 3472 literas
619 3411 694 3471 salvi
718 3411 888 3472 conductus
911 3429 1046 3472 omnem·

121 3513 181 3575 qne
212 3495 405 3555 securitatem
429 3496 660 3575 impetraturus:
697 3494 759 3555 hoc
791 3495 816 3554 si
846 3493 984 3574 negligat
1016 3498 1048 3554 51

120 3578 283 3638 1515115515
312 3598 375 3638 non
398 3577 560 3656 observet,
591 3578 888 3639 excommunicatum
910 3575 1049 3638 declarat

120 3667 152 3722 51
172 3661 316 3741 prohibet
338 3678 456 3742 omnes,
479 3663 652 3743 quicunque
674 3666 755 3736 sunt,
777 3658 815 3722 ab
839 3659 904 3720 eius
926 3664 1045 3740 protac

119 3745 224 3824 tione,
257 3745 313 3806 sub
342 3762 445 3825 poeno
474 3744 648 3806 incurrendi
683 3741 808 3804 easdem
841 3761 987 3804 censuras
1017 3748 1049 3803 et

763 3823 835 3891 17*
