2346 4208
519 68 534 101 ἱ

274 252 309 349 ‚⁸
351 246 670 367 -eRotcrllmccplm
920 270 986 345 211

147 462 334 545 despondeo
354 470 388 525 et
413 462 483 527 dico
505 462 588 542 duo,
624 462 755 545 primunr
780 428 835 525 ‘me
862 464 985 527 uomina
1087 466 1091 473 '

94 562 160 627 tque
176 547 211 607 in
230 546 415 617 hodiernum
438 546 531 627 diem,
553 566 593 607 an
615 548 767 608 coartatio
787 547 876 608 istius
896 548 983 608 iuris-

94 628 203 693 lttionis
230 629 340 692 lecerit
368 630 448 711 hoc,
482 629 566 713 quod
591 629 822 711 praetenditur,
855 629 983 710 scilicet,

94 712 219 773 turinum
242 713 493 794 damantionem,
516 720 549 775 ct
569 711 761 775 contusionis
780 712 980 775 ablationem.
1073 740 1081 753 ·

94 794 127 857 'uc
145 802 329 859 certumest
349 796 444 879 longe
460 797 560 858 secius
582 798 739 879 eveniens,
760 814 832 857 uam
854 802 985 877 peccatu

94 880 252 941 minima
274 882 367 942 ctiam
379 880 523 943 ridentur·
538 881 570 940 in
587 880 756 943 maioribus
778 880 879 961 curiis,
903 896 983 961 quae

110 962 249 1045 propriis
268 963 442 1061 ,parochiis
475 970 605 1046 possent
636 964 844 1044 pulcherrime·
867 963 982 1044 puniri,

101 1052 249 1107 matus
261 1053 346 1108 osset
361 1046 484 1128 modus,
505 1065 597 1128 quem
618 1047 815 1107 instituerunt
835 1045 982 1127 apostoli,

105 1126 317 1193 duraverunt
338 1128 368 1192 S.
390 1130 498 1205 Patres
521 1148 621 1210 usque
641 1135 713 1211 post
735 1129 885 1190 Nicenuur
908 1146 983 1190 oon·

94 1212 173 1293 urm,
211 1211 265 1275 ubi
285 1211 445 1274 definitum
468 1220 531 1293 est,
553 1219 585 1273 st
605 1213 701 1295 longe
723 1218 796 1293 post
817 1218 983 1291 servatum,

109 1294 283 1357 dioeceoea
310 1315 373 1358 non
403 1298 676 1378 permiscerentur,
712 1302 744 1356 et
772 1296 986 1376 unusquisque

94 1378 279 1441 eniteretin
301 1398 358 1441 sua
376 1378 523 1441 dioecesi.
546 1381 594 1440 Dc
615 1397 678 1461 quo
700 1384 802 1441 exstat
823 1397 893 1439 cum
915 1379 983 1439 aliis

94 1462 307 1527 nclcrissirna
337 1464 472 1547 epistola
492 1462 638 1544 Cypriani
659 1462 699 1525 ad
723 1462 898 1524 Cornelium
920 1462 985 1522 Ro·

94 1566 181 1609 mum
204 1544 389 1607 Pontificem
409 1544 461 1611 HL
846 1582 850 1591 ,

131 1628 221 1691 Nam
242 1647 313 1689 oum
334 1634 482 1690 statutum
504 1629 544 1689 sit
574 1627 613 1689 ab
636 1626 778 1689 omnibus
808 1627 916 1707 nobis,
953 1634 985 1688 et

94 1730 189 1795 quum
214 1712 380 1792 sitparitcr
395 1718 428 1772 et
444 1712 567 1789 iustum,
589 1717 622 1771 ut
639 1712 881 1791 uniuscuiusque
890 1728 984 1771 causa

94 1814 115 1857 c
134 1794 301 1874 audiatur,
323 1796 376 1856 ubi
397 1801 445 1856 est
464 1796 579 1856 crimen
601 1792 779 1874 admissum,
802 1801 835 1855 ot
855 1794 986 1875 singulis
1081 1790 1084 1797 '

94 1879 237 1947 oloribus
259 1879 364 1959 portio
388 1879 491 1960 gregis
519 1880 558 1938 rit
579 1877 751 1959 adscripta,
782 1896 875 1957 quom
896 1884 985 1975 regat

94 1963 271 2043 utquisque
292 1968 324 2022 et
335 1961 496 2042 gubernet,
516 1962 668 2022 rationem
681 1962 729 2021 sui
751 1968 837 2021 notus
849 1958 983 2020 Donuno

94 2044 249 2123 Eiturus,
285 2050 409 2125 oportet
429 2046 535 2124 utique
557 2062 629 2122 eos,
663 2045 770 2123 quibus
792 2062 984 2124 praesumus,

94 2148 121 2189 ur
151 2130 412 2208 circumcursare,
450 2147 509 2188 nec
537 2129 754 2208 episcoporum
784 2127 982 2188 concordiam

94 2210 285 2272 haerentem.
302 2231 358 2271 sua
379 2210 511 2273 subdola
533 2224 563 2272 et
585 2212 687 2282 fallaci
718 2213 890 2272 temeritate
912 2229 983 2270 con-

94 2293 164 2373 lorc,
187 2295 244 2355 sed
269 2314 361 2374 agere
383 2295 447 2354 illic
466 2313 589 2354 oausam
616 2313 712 2372 suam,
735 2295 785 2369 ubi
809 2302 840 2355 et
861 2312 984 2354 accusa

94 2396 142 2439 res
163 2377 281 2439 habere
304 2384 336 2437 et
357 2384 453 2438 testes
471 2379 517 2437 sui
540 2379 674 2439 criminis
700 2380 820 2458 possint
842 2385 900 2440 etc.

143 2460 293 2540 Loquitur
304 2462 385 2521 enim
409 2462 507 2539 deiis,
530 2463 581 2541 qui
594 2464 624 2520 in
636 2462 741 2521 Africa
763 2468 980 2541 peccaverunt,

94 2543 153 2605 :ed
173 2545 349 2606 Romanum
371 2544 551 2606 Pontificem
575 2544 750 2604 Cornelium
775 2551 982 2614 cucurrerant,

94 2628 166 2688 tsic
187 2635 275 2708 patet
308 2648 379 2688 usus
409 2629 581 2708 primitivae
604 2629 754 2688 ecelesiae
789 2629 828 2687 de
850 2627 981 2709 ligandis

94 2728 99 2768 ;
116 2711 271 2772 solvendis
293 2710 518 2791 peccatoribus.

142 2793 217 2855 Cum
240 2800 359 2872 autem,
394 2802 425 2853 ut
448 2794 617 2875 Apostolus
653 2794 720 2856 Act.
747 2796 804 2856 20.
835 2793 983 2866 ostendit,

94 2873 143 2937 lem
164 2879 204 2938 sit
226 2879 391 2958 episcopus
415 2884 446 2937 et
456 2877 626 2958 presbyter,
649 2886 680 2936 et
701 2876 740 2936 ad
756 2877 815 2937 Tit.
840 2881 867 2939 1.
891 2895 981 2955 quae-

94 2956 137 3020 tet
156 2962 266 3021 civitas
302 2979 389 3020 suum
412 2962 593 3040 episcopum
627 2959 741 3020 habere
775 2959 888 3020 debeat
918 2961 993 3020 iure-

94 3040 181 3123 ivino,
218 3044 314 3124 longe
343 3044 446 3105 utilior
469 3051 552 3105 esset
574 3044 613 3105 ad
636 3043 831 3124 corripienda
852 3050 982 3122 peccata

94 3125 180 3219 lodus,
205 3129 230 3187 si
254 3127 382 3208 quilibet
403 3126 549 3188 sacerdos
571 3129 602 3186 in
625 3147 679 3187 sua
701 3127 849 3207 parochia
873 3126 983 3206 ligaret

94 3210 249 3273 tsolveret
269 3213 491 3290 poenitentem.
537 3209 628 3286 Quod
640 3211 813 3291 exemplum
833 3214 981 3270 monstra-

94 3288 116 3349 lt
130 3293 316 3373 Apostolus,
354 3299 382 3356 l.
405 3291 545 3356 Corinth.
569 3298 602 3372 5,
636 3294 687 3353 ubi
722 3313 790 3353 cum
814 3290 981 3355 Corinthiis

94 3387 207 3437 iterans
232 3378 339 3457 spiritu
362 3376 485 3437 tradidit
506 3378 700 3438 fornicarium
724 3385 861 3457 satanae,
884 3375 979 3438 obiur-

94 3470 142 3529 §tur
162 3461 243 3540 quod
266 3462 325 3539 ipsi
346 3479 409 3520 non
432 3460 587 3520 fecissent.

147 3542 213 3618 Quo
242 3550 327 3604 vero'
352 3545 434 3621 iure,
472 3550 524 3603 aut
559 3543 806 3622 qua«eoolesiae
832 3542 980 3603 felicitate

94 3620 123 3680 iit
137 3627 241 3687 modus
271 3626 376 3687 divino
404 3627 469 3686 iure
499 3630 704 3707 praescriptus
743 3633 774 3686 et
801 3627 833 3684 iu
863 3632 982 3685 tantum

94 3717 132 3765 [tn
150 3730 182 3770 us
215 3709 378 3771 roboratus
401 3711 440 3770 sit
460 3710 616 3789 sublatus,
649 3710 780 3770 viderint
807 3709 868 3772 alii.
913 3709 984 3790 Ego

94 3728 189 3860 tulen.
207 3812 325 3874 negare
335 3812 399 3854 non
413 3807 550 3873 possum,
567 3795 639 3872 quia
651 3793 690 3854 od
701 3794 823 3855 oculum
845 3792 984 3854 videmus

702 3879 772 3944 14*
