2346 4208
456 230 710 301 Theologletarum.
766 205 769 210 ¹
980 228 1043 296 483

124 418 255 479 eundum
283 421 384 480 varias
416 420 587 480 animorum
615 428 789 481 nostrorum
818 419 1042 504 afflictiones1)

123 523 207 562 nunc
229 505 326 583 magis
349 523 483 583 sperare,
505 523 587 564 nunc
609 505 707 584 magis
725 506 842 582 timere,
865 504 1045 584 simpliciter

124 595 226 647 tamen
250 588 347 666 magis
371 593 402 647 et
422 587 609 665 frequentius
633 587 671 647 de
690 587 899 648 misericordia
921 588 1044 647 Domini

123 668 309 749 sperandum
331 677 387 748 est,
410 689 501 748 quam
523 670 749 731 formidandum
772 670 811 731 de
833 672 1006 731 severitate.

187 756 236 814 11.
268 752 371 832 Opera
399 753 483 813 bona
511 753 651 815 omnibus
674 753 784 814 adultis
809 754 939 814 suntad
962 754 1044 813 salu-

124 843 183 896 tem
208 836 399 916 necessaria,
428 842 548 897 etcum
573 857 612 897 ex
634 836 706 897 fidei
729 844 760 897 61
781 838 915 897 caritatis
938 837 1043 917 spiritu

122 917 375 999 proficiscuntur,
408 921 452 979 ita
472 928 559 1001 grata
582 927 652 981 sunt
673 920 755 1000 Deo,
778 929 812 980 ut
833 922 876 979 eis
899 927 1044 997 tanquam

124 1003 236 1061 iustam
260 1001 433 1062 mercedem
456 1005 551 1063 vitam
573 1003 721 1064 retribuat
743 1011 909 1063 aeternam.

189 1087 238 1147 12.
267 1084 466 1146 Confirmatio
498 1093 529 1147 et
561 1092 699 1147 extrema
727 1088 831 1147 unctio
854 1092 1046 1146 sacramenta

125 1175 197 1228 sunt
219 1167 371 1228 aChristo
394 1169 540 1248 instituta,
563 1170 617 1230 sed
640 1188 704 1230 non
727 1176 760 1230 ut
781 1169 842 1230 duo
859 1169 1045 1250 praeceden-

123 1252 166 1311 tia
190 1250 228 1310 ad
251 1250 381 1311 salutem
405 1255 653 1331 necessariaiam
675 1259 853 1334 contemptu
875 1259 978 1313 tamen
991 1251 1045 1311 illa

123 1335 265 1394 omittere
288 1335 417 1395 mortale
439 1343 599 1414 peccatum
623 1346 678 1396 est.

188 1418 235 1479 13.
257 1416 293 1478 In
316 1417 519 1479 eucharistiae
535 1425 727 1480 sacramento
743 1425 789 1479 est
804 1438 839 1479 re
854 1421 922 1498 ipsa
939 1436 1044 1476 verum

124 1517 236 1579 eorpus
268 1500 392 1560 Domini
426 1504 523 1562 nostri
556 1503 625 1563 Iesu
662 1503 789 1578 Christi,
824 1501 901 1561 illud
933 1500 1045 1581 ipsum,

126 1581 209 1660 quod
233 1582 271 1642 de
295 1584 420 1663 Virgine
443 1592 547 1647 natum
572 1591 603 1645 61
623 1586 655 1644 in
677 1604 767 1644 eruce
789 1604 912 1663 passum
937 1589 992 1645 681.

190 1667 237 1727 14.
268 1665 301 1726 In
330 1668 514 1728 eucharistia
536 1688 598 1728 non
621 1675 748 1728 manent
768 1669 856 1746 panis
880 1673 911 1727 et
932 1667 1045 1742 vinum,

124 1747 178 1808 sed
202 1747 280 1808 haec
300 1748 373 1831 in2)
400 1769 511 1830 corpus
534 1760 565 1811 61
587 1753 767 1831 sauguinem
792 1750 903 1810 Christi
917 1748 1045 1808 admira-

123 1830 178 1891 bili
200 1833 340 1910 potentia
364 1833 447 1894 verbi
469 1835 565 1914 ipsius
585 1843 656 1894 sunt
670 1853 830 1910 conversa,
852 1831 1045 1893 manentibus

123 1913 267 1994 tamen³)
297 1917 385 1995 panis
409 1919 534 1996 vinique
556 1917 727 1998 speciebus.
770 1916 858 1977 Unde
880 1923 964 1976 certa
986 1913 1047 1974 lide

124 1997 291 2057 tenendum
305 2007 376 2087 est,
408 2019 526 2060 sacram
549 1999 763 2061 eucharistiam
787 2007 894 2059 sancte
915 2018 934 2058 a
955 1996 1045 2058 nobis

126 2078 265 2157 adorari,
288 2083 406 2141 sivein
430 2085 539 2158 missa,
563 2085 628 2143 sive
651 2089 738 2143 extra
759 2085 898 2159 missam,
921 2080 1045 2141 ubicun-

124 2182 184 2241 que
205 2166 342 2243 reposita
366 2164 472 2244 fuerit,
502 2172 556 2226 aut
575 2167 695 2245 quoties
718 2168 748 2225 in
772 2163 1044 2246 supplicationibus

123 2245 253 2325 publicis
278 2266 296 2305 a
318 2249 482 2311 sacerdote
504 2249 725 2312 circumfertur.

188 2332 237 2392 15.
264 2329 334 2389 Non
362 2337 409 2390 est
435 2333 522 2392 laicis
546 2335 721 2393 necessaria
749 2331 940 2393 adsalutem
964 2348 1045 2390 corn·

125 2413 229 2471 munio
252 2413 308 2473 sub
330 2420 458 2493 utraque
481 2416 600 2495 specie,
629 2417 777 2494 iustisque
809 2415 848 2474 de
877 2414 977 2473 causis
1006 2412 1044 2473 ab

125 2494 260 2555 ecclesia
282 2498 430 2556 sancitum
455 2503 510 2574 est,
534 2505 567 2558 ut
588 2497 648 2557 illis
671 2497 726 2558 sub
749 2516 809 2557 una
826 2503 943 2556 tantum
957 2497 1045 2574 panis

124 2579 229 2658 specie
246 2589 470 2640 sacramentum
495 2582 751 2658 communicetur,
781 2582 897 2658 inquo
921 2597 1045 2638 carnem

124 2669 155 2720 et
182 2663 380 2741 sanguinem,
414 2670 507 2741 atque
538 2666 581 2724 ita
603 2671 701 2724 toturn
725 2664 878 2723 Christum
901 2661 957 2722 sub
986 2680 1046 2721 una

124 2745 228 2824 specie
251 2754 381 2807 sumunt.

188 2829 235 2890 16.
266 2827 453 2888 Sacrificium
486 2831 599 2890 missae
638 2849 676 2888 ex
708 2830 899 2889 institutione
934 2826 1046 2886 Christi

125 2917 188 2969 tam
211 2911 288 2971 vivis
311 2911 447 2990 prodest,
470 2932 561 2991 quam
583 2912 744 2973 defunctis.

190 2995 237 3055 17.
261 2993 342 3054 Solis
365 2995 576 3057 sacerdotibus
600 2995 765 3056 secundum
788 2992 940 3055 ecclesiae
956 2993 1046 3051 ritum

126 3074 274 3136 ordinatis
302 3077 375 3137 data
406 3084 453 3138 est
480 3098 499 3137 a
526 3079 647 3139 Christo
676 3085 815 3158 potestas
844 3075 1046 3137 consecrandi

125 3178 229 3218 verum
253 3178 364 3240 corpus
387 3162 498 3221 Christi
521 3169 551 3222 et
573 3164 764 3243 sanguinem.

189 3241 236 3304 18.
266 3243 492 3305 Matrimonium
523 3251 713 3306 contractum
742 3252 773 3305 et
801 3248 1046 3304 consummatum

124 3326 204 3384 inter
226 3324 416 3388 Christianos
440 3336 486 3387 est
506 3328 730 3405 indissolubile,
753 3328 973 3406 qualiscunque
994 3322 1048 3384 liat

124 3408 203 3467 alter
225 3410 400 3489 coniugum,
424 3412 487 3471 sive
510 3410 638 3490 adulter,
661 3415 725 3471 sive
749 3411 870 3488 sterilis,
893 3410 958 3468 sive
974 3408 1046 3467 bae-

125 3492 247 3554 relicus.

181 3665 212 3730 1)
233 3665 264 3716 ln
284 3662 421 3718 adden:
442 3667 608 3718 affectiones.
646 3664 678 3731 2)
700 3663 729 3714 ln
751 3662 794 3715 ed.
814 3662 880 3718 1558
900 3661 990 3715 deest:
1009 3664 1046 3713 in.

126 3734 158 3802 3)
180 3737 209 3789 ln
230 3735 272 3790 ed.
290 3737 365 3790 deu:
386 3741 501 3791 tantum.
595 3779 598 3782 .

769 3805 834 3870 31*
