2346 4208
21 472 36 501 ἢ

409 263 444 319 de
461 265 593 333 passione
610 263 722 319 Christi.
948 260 1011 327 4st

173 451 342 531 Principio,
370 450 517 519 deflectas
547 452 656 513 ocutos
678 470 698 512 a
719 453 866 531 passione
888 450 1012 528 Christi,

91 554 162 595 uam
186 534 240 594 illa
261 535 322 594 iam
346 554 433 594 suum
456 554 533 615 opus
556 536 688 616 peregit,
711 542 742 595 et
762 542 951 614 perrumpes,
975 552 1012 596 aa

54 674 57 682 .
89 619 227 679 animum
262 617 373 680 Christi
415 617 540 698 plenum
579 619 776 679 humanitatis
808 618 1012 698 introspicies,

89 701 142 780 qui
173 700 254 762 adeo
284 708 314 763 ts
336 702 461 781 amavit,
485 709 518 762 ut
540 702 761 763 conscientiam
783 708 815 760 et
834 703 939 762 omnia
960 707 1012 763 tua

90 791 219 863 peccata
247 785 278 844 in
308 803 342 844 se
364 786 525 866 receperit.
569 785 678 865 Capiet
699 792 801 846 autam
825 791 857 845 et
877 783 1012 845 delectu

89 865 135 928 bit
154 867 234 928 haec
260 868 408 948 cogitatio
438 869 573 929 animum
597 876 697 947 tuum,
733 874 764 928 et
785 865 1013 951 confirmabitur

90 951 134 1010 ita
155 949 267 1010 fiducie
287 952 318 1010 iu
341 949 503 1011 Christum.

173 1033 287 1095 Postea
313 1033 374 1095 hoc
401 1053 524 1113 quoque
547 1035 657 1113 iacias,
697 1041 730 1094 ut
756 1036 786 1095 in
814 1034 869 1094 ilio
900 1033 1013 1095 Christi
1047 1038 1076 1071 ι’
1161 1094 1165 1101 .

91 1137 166 1198 erga
202 1124 232 1178 te
269 1118 373 1178 auimo
417 1116 538 1195 videas,
567 1136 720 1196 quaenam
756 1116 851 1178 Patris
879 1124 1012 1198 argete

90 1201 130 1260 sit
157 1200 310 1262 voluntas.
354 1199 432 1261 Tum
454 1201 534 1261 euim
570 1200 745 1281 apparebit,
784 1219 846 1262 non
873 1200 1013 1281 potuisse

90 1282 245 1345 Christum
266 1290 385 1365 tantun
406 1282 590 1345 beneficium
612 1285 643 1344 in
667 1291 698 1344 te
720 1282 878 1358 conferre,
901 1284 927 1343 si
949 1301 1011 1344 non

91 1373 184 1427 autea
204 1386 224 1426 a
245 1366 334 1428 Patre
356 1366 401 1427 sic
422 1367 529 1428 fuisset
552 1367 719 1428 decretum.
761 1365 840 1426 Nam
862 1365 905 1426 iiii
929 1365 1013 1427 Chri·

90 1460 156 1511 stus
176 1450 294 1530 paruit,
328 1469 398 1509 oum
432 1470 486 1531 pro
521 1457 551 1510 te
584 1458 631 1510 est
664 1469 785 1530 passus.
830 1449 931 1529 Atque
952 1449 1014 1510 hoc

91 1531 185 1594 modo
207 1550 315 1593 cernes
338 1533 463 1615 plenum
492 1533 681 1594 humanitate
710 1533 768 1593 Dei
795 1533 948 1610 animum,
982 1540 1015 1592 et
1127 1549 1129 1553 ·

90 1635 147 1696 per
167 1615 320 1676 Christum
344 1618 389 1676 sic
410 1617 539 1678 traheris
562 1615 601 1677 ad
625 1616 763 1691 Patrem,
787 1623 819 1675 ut
840 1614 1013 1696 intelligere

24 1760 38 1777 ἱ
91 1699 166 1759 iliud
189 1699 300 1760 Christi
322 1700 439 1779 possis:
475 1699 526 1760 Sic
548 1700 630 1759 Deus
659 1698 767 1758 ditexit
787 1696 951 1776 mundum,
981 1705 1015 1759 ut

90 1781 186 1842 tilium
208 1802 295 1843 suum
319 1783 509 1862 unigenitum
531 1781 634 1857 daret,
663 1788 696 1841 ut
719 1782 819 1843 omnis
842 1781 893 1860 qui
915 1776 1015 1841 credit

91 1866 122 1925 in
145 1884 225 1942 eum,
248 1883 309 1926 non
328 1872 443 1944 pereat,
467 1865 522 1925 sed
537 1864 650 1926 haheat
671 1866 764 1925 vitam
777 1871 935 1925 aeternam
954 1871 1013 1926 etc.

91 1947 132 2008 Et
162 1946 223 2010 hoc
244 1955 293 2007 est
326 1968 401 2010 vere
433 1949 531 2008 Deum
563 1967 770 2028 cognoscere,
804 1946 928 2026 quando
952 1964 1013 2006 non

91 2032 281 2092 maiestatem
302 2039 355 2092 aut
369 2033 552 2112 sapientiam
569 2030 697 2114 (quihus
715 2039 866 2092 terrentur
887 2028 1012 2109 animi),

92 2114 148 2174 sed
170 2113 339 2175 honitatem
368 2121 399 2175 et
427 2134 564 2175 amorem
592 2114 865 2195 apprehendimus,
898 2114 929 2173 iu
952 2113 1015 2191 qui·

93 2198 148 2258 hus
171 2199 340 2258 consistere
363 2203 465 2277 potest
494 2197 620 2276 fidncia,
654 2219 715 2277 qua
746 2198 839 2257 homo
870 2198 963 2276 plane
984 2197 1013 2256 in

93 2282 159 2341 Deo
182 2290 386 2361 regeneratur.

176 2363 430 2443 Quintodecimo,
454 2383 521 2424 cum
547 2366 638 2444 igitur
660 2366 705 2423 sic
727 2364 924 2424 confirmatus
947 2371 1015 2423 tuus

93 2449 213 2507 animus
235 2449 264 2507 in
288 2446 408 2508 Christo
431 2447 536 2523 fuerit,
568 2456 598 2506 et
621 2466 726 2508 revera
748 2447 807 2506 iam
832 2447 922 2507 odisti
947 2465 1015 2526 pec-

93 2537 211 2604 catum,
245 2550 305 2591 non
330 2550 451 2610 poenae
476 2536 573 2607 metu,
606 2530 660 2590 sed
683 2549 789 2589 amore
812 2550 885 2610 erga
907 2531 1016 2605 Deum,

93 2615 154 2675 hoc
181 2633 305 2693 qnoque
328 2620 439 2690 restat,
472 2620 505 2673 ut
539 2615 631 2674 totins
661 2622 730 2672 tuae
758 2614 838 2672 vitae
860 2613 1016 2694 gerendae

93 2697 285 2777 exemplum,
307 2697 337 2756 iri
361 2696 474 2758 Christi
498 2698 643 2776 passione
665 2696 867 2776 propositum,
891 2698 1015 2756 sentias.

93 2780 195 2859 Atque
218 2781 296 2840 haec
317 2782 395 2840 ratio
410 2779 607 2840 meditandae
620 2780 773 2860 passionis
789 2778 900 2840 Christi
923 2779 1016 2861 longe

93 2864 291 2943 asuperiore
322 2863 445 2924 diversa
472 2872 525 2924 est.
570 2863 726 2923 Hactenus
759 2863 840 2922 enim
873 2863 917 2922 sio
947 2870 1015 2921 eam

93 2966 198 3007 sumus
212 2946 351 3019 meditati
375 2953 521 3026 tanquam
535 2946 765 3007 Sacramentum
789 2945 924 3025 aliquod,
934 2944 1016 3024 quod

94 3032 125 3090 in
149 3029 238 3090 nobis
261 3029 447 3110 patientibus
471 3037 631 3109 operetur,
654 3031 714 3089 iam
738 3035 839 3089 autem
861 3029 906 3088 sic
925 3020 1016 3088 medi-

93 3113 226 3173 tabimur
255 3133 338 3187 eam,
376 3121 407 3172 ut
441 3115 499 3194 ipsi
530 3133 709 3193 operemur,
746 3131 856 3192 nempe
883 3113 913 3170 in
938 3111 1017 3170 hunc

95 3197 230 3258 modum.

180 3279 256 3339 Cum
281 3279 390 3340 dolore
411 3286 463 3339 aut
486 3279 594 3340 morbo
619 3279 721 3357 aliquo
746 3277 879 3353 laboras,
903 3278 1017 3357 cogita,

94 3381 185 3442 qnam
210 3363 287 3423 levis
310 3364 335 3422 is
358 3364 397 3422 sit
419 3364 589 3440 cruciatus,
622 3363 646 3420 si
676 3380 744 3421 cum
767 3359 879 3421 Christi
909 3360 1017 3440 spinea

95 3464 212 3507 corona
234 3452 264 3505 et
288 3445 382 3504 clavis
406 3452 609 3526 comparetur.

177 3528 253 3589 Cum
270 3528 371 3590 tacere
393 3536 445 3589 aut
467 3529 608 3592 omittere
640 3526 755 3606 aliquid
778 3533 902 3603 contra,
925 3545 1015 3604 qnam

95 3612 208 3691 velles,
237 3613 373 3692 cogeris,
407 3615 524 3694 cogita,
554 3611 706 3671 Christum
738 3610 871 3671 vinctum
900 3628 1017 3669 sursum

96 3715 133 3754 ac
155 3695 300 3756 deorsum
322 3696 440 3756 iactari.

179 3777 320 3841 Teutaris
344 3777 502 3859 superbia,
532 3751 630 3854 vida,
647 3795 738 3856 quam
760 3775 895 3857 indignis
917 3774 1017 3835 modis
1131 3794 1134 3799 ·

125 3864 280 3944 [summ-opp-
299 3897 322 3938 V.
334 3897 361 3938 A.
376 3897 406 3938 sd
419 3895 459 3938 roi.
475 3896 526 3936 hist.
543 3897 559 3938 t.
574 3907 595 3946 p.
612 3895 662 3939 voi.
676 3896 719 3937 ur.
842 3874 884 3944 Ἦ
