2332 4206
178 260 241 326 306
512 262 591 314 Bulla
608 262 708 315 learns
728 262 768 317 X.

179 447 353 588 specialiter
369 466 461 526 super
483 444 544 506 hoc
564 465 583 505 a
605 464 725 505 summo
743 445 915 508 Pontifice
928 448 1039 526 tradita,
1055 466 1092 508 eos

179 549 198 590 s
220 531 341 590 solvere
364 539 394 589 et
416 549 434 588 a
456 531 563 608 poeuis
585 528 783 589 incurrendis
806 528 960 592 liberare

263 613 292 674 Si
316 632 391 672 vero
414 612 612 672 obduruerint
634 611 736 692 (quod
760 611 886 694 absit),
912 615 1005 696 digna
1024 612 1092 674 affici·

179 704 267 756 entur
296 715 443 771 censura,
477 715 534 755 nec
571 696 657 774 lapso
691 696 833 758 termino
872 717 933 758 eos
955 701 984 758 in
1015 704 1091 757 vestro

179 779 286 839 Studio
309 780 437 838 teneatis
458 786 511 838 aut
532 780 661 838 foveatis
677 777 733 838 sub
759 781 883 858 poenis
907 783 939 841 in
962 780 1042 842 Bulla
1059 799 1090 839 ei·

178 865 301 942 pressis.
345 860 435 935 Quod
458 861 496 921 ad
520 881 569 921 me
602 863 726 939 attinet,
776 862 916 923 mallem
958 862 1090 945 gratificari

179 944 287 1004 Studio
311 955 424 1019 vestm,
447 963 538 1021 quam
556 945 717 1024 quicquam
730 944 947 1007 inhumanius
961 952 1090 1007 attentare

179 1027 228 1087 ile
252 1027 437 1087 commendo
461 1027 652 1088 excellentiis
674 1028 800 1088 vestris.
823 1028 880 1088 Ex
904 1030 1010 1112 Lipsia
1028 1030 1090 1090 tertis

180 1108 305 1172 Octobr.
330 1111 422 1170 Anno
445 1109 571 1171 Gratiae
592 1111 632 1170 Μ.
654 1110 689 1170 Ι).
713 1109 787 1170 XX.

260 1192 507 1273 Magnificentiae

343 1276 543 1336 Excellentiis

388 1372 419 1419 et
440 1356 709 1419 Dominationibus
727 1360 845 1418 vestris

429 1441 639 1521 Obsequiosus
661 1439 804 1500 Eccius

544 1524 680 1584 Nuncius
703 1535 734 1583 et
756 1524 881 1584 Orator
907 1525 1089 1606 Apostolicus.

177 1689 366 1773 Philippus,
396 1689 455 1755 Dei
484 1691 517 1754 at
537 1687 742 1771 spostolicae
766 1689 861 1754 sadis
906 1691 1021 1774 gratia
1042 1689 1089 1771 ltpi·

177 1772 1091 1924 itllldillillllsbbd'taltmibldbutilmt

537 1940 649 2005 variae
671 1939 730 2004 etc.

258 2058 415 2118 Universis
445 2065 475 2116 et
498 2057 625 2137 singulis
648 2055 737 2115 nobis
770 2056 802 2114 in
827 2056 965 2120 Christo
998 2058 1092 2119 dilecb

177 2140 383 2201 Ecclesiamm
413 2150 444 2199 et
473 2140 727 2200 Monasteriorum
755 2140 856 2198 etiam
899 2149 1092 2223 exemptum

178 2224 334 2300 Praelatis,
357 2222 537 2299 Abbatibus,
560 2222 723 2299 Prioribus,
736 2222 952 2303 Praepositis,
976 2225 1092 2297 neonis

178 2305 343 2384 Capitulis,
367 2305 653 2383 Perochialiumque
675 2305 894 2366 Ecclesiamm
921 2309 1093 2381 Rectoribut,

176 2388 329 2466 Plebanis,
345 2389 562 2468 Viceplebanis
572 2390 742 2466 ceterisque
753 2387 975 2470 Presbyteris,
985 2392 1093 2454 Clerids

177 2470 312 2531 Notariis
345 2480 376 2532 et
399 2471 614 2532 tabellionibus
649 2471 780 2551 publicis
818 2492 880 2551 per
906 2478 1094 2536 civitatensi

176 2554 323 2616 diocesim
336 2565 471 2615 nostram
484 2556 709 2634 Frisingensem
725 2554 859 2615 ubilibet
873 2553 1093 2632 constitutioni

176 2658 253 2718 quos
270 2648 449 2718 praesentes
472 2648 598 2698 nostrae
609 2638 714 2697 literae
727 2642 952 2722 pervenerint,
977 2657 1092 2723 quosque

174 2741 320 2801 praesens
342 2723 441 2801 tangit
460 2723 629 2800 negotium,

260 2804 395 2865 Salutem
410 2808 441 2863 in
454 2805 599 2880 Domino,
623 2810 654 2863 et
670 2803 793 2879 nostris,
817 2803 889 2866 imo
915 2811 1022 2870 verius
1034 2809 1093 2888 Apo

176 2888 308 2965 stolicis,
340 2887 467 2947 firmiter
489 2887 614 2947 obedire
647 2885 816 2945 mandatis:
854 2894 1033 2969 noveritis,
1055 2907 1093 2950 uus

175 2973 280 3052 vigore
288 2973 362 3030 certi
372 2973 566 3050 transsumpti
576 2971 729 3029 literarum
738 2971 940 3035 sanctissimi
949 2977 983 3036 in
997 2976 1093 3038 Christo

173 3056 267 3134 patris
290 3066 321 3115 et
342 3053 458 3114 domini
480 3056 590 3130 nostri,
624 3052 738 3113 domini
760 3050 883 3113 Leonis
918 3057 1027 3120 divina
1045 3074 1092 3138 pro

172 3137 308 3198 videntia
338 3137 440 3216 Papae
476 3137 604 3213 decimi,
644 3142 751 3196 contra
787 3139 961 3213 quendam
992 3144 1092 3203 fratrem

172 3220 333 3281 Martinum
357 3220 469 3279 Luther
492 3220 608 3279 ordinis
636 3219 733 3278 sancti
756 3217 937 3297 Augustini
962 3225 1092 3286 Eremita·

171 3325 235 3363 rum
261 3307 386 3382 eiusque
407 3303 609 3363 adhaerentes
633 3301 819 3381 complices,
843 3302 996 3369 fautores
1019 3316 1048 3369 et
1063 3323 1091 3366 rc

171 3396 361 3466 ceptatores,
391 3387 556 3446 occasione
578 3404 727 3445 erroneae
756 3390 853 3462 atque
878 3391 1009 3466 piarum
1032 3407 1091 3450 men·

171 3470 244 3529 tium
267 3471 445 3530 seductivae
468 3468 630 3529 doctrinae
652 3488 689 3527 ac
710 3467 942 3547 scripturarum
968 3475 1041 3535 dicti
1051 3473 1090 3533 ln·

170 3555 222 3611 tris
244 3553 364 3613 Martini
387 3572 486 3632 nuper·
505 3553 623 3613 Romae
645 3551 766 3611 decimo
789 3554 939 3630 septimo
964 3554 1089 3618 calendas

168 3635 240 3695 iulii
264 3656 346 3696 anuo
369 3638 516 3695 vicesimo
540 3642 772 3708 emanaturum,
802 3653 861 3711 per
886 3637 1087 3701 honorabilem

169 3719 258 3779 nobis
281 3722 311 3778 iu
335 3719 456 3778 Christo
480 3717 624 3779 dilectum
647 3719 799 3778 loannem
824 3717 980 3801 Eccium,
1005 3736 1085 3784 sacrat

167 3799 358 3882 'theologiae
381 3809 412 3862 et
434 3802 593 3862 eanonurn
616 3801 798 3874 Ductorem,
822 3805 966 3879 praefati
991 3802 1082 3869 donin
