2346 4208
197 251 263 320 490
417 280 420 287 ·
511 253 665 324 Disputatio
682 252 718 309 D.»
737 253 771 310 ll.
788 254 818 310 Β.

262 441 312 504 47.
334 438 369 501 In
393 436 578 500 matrimonii
596 441 697 503 causis
715 440 791 502 nihil
805 441 900 503 habet
912 459 1003 521 papa,
1025 441 1122 501 multo

201 524 300 583 minus
323 523 411 585 bruta
427 521 630 603 Magistrollia
651 530 787 585 statuere
810 531 863 585 aut
885 523 1022 596 delinire,
1046 525 1124 583 sicut

201 625 260 667 nec
282 608 313 666 in
336 606 461 687 politia,
494 607 633 684 quamvis
662 608 753 668 eliam
783 627 840 688 pro
872 606 1003 668 ruditate
1027 616 1058 667 et
1080 609 1123 666 in-

201 690 290 749 scitia
312 707 368 748 sua
389 708 451 749 non
475 690 605 769 possint.

263 789 312 852 48.
343 789 424 849 Vere
452 808 514 848 una
544 796 591 849 est
619 789 752 850 ecclesia
774 789 887 850 Christi
908 789 1063 850 catholica
1092 789 1123 849 in

201 873 298 950 terris,
321 870 375 931 sed
398 871 437 932 ad
460 890 551 951 quam
575 891 637 932 non
660 875 815 952 pertinent
836 873 984 934 haeretici
1006 878 1038 932 et
1056 871 1125 931 ido-

199 955 296 1016 latrae
333 955 542 1015 Lovanienses
584 974 652 1016 cum
692 975 748 1017 suo
791 955 875 1017 idolo
922 955 1124 1017 abominabili

201 1057 312 1184 papdl).
341 1119 497 1201 Cacolyca
529 1121 630 1180 verius
658 1127 705 1181 est
727 1122 859 1182 ccclesia
880 1139 982 1202 papae
1007 1128 1038 1180 et
1060 1120 1124 1180 Ma·

82 1216 86 1221 ·
202 1202 426 1286 gistrollorum,
449 1203 601 1266 ecclesiae
622 1202 734 1266 Christi
757 1205 955 1286 sanguinaria
977 1201 1125 1263 adversa-

203 1287 263 1346 trix
285 1292 317 1347 et
338 1287 496 1347 vastatrix.

263 1373 313 1434 50.
340 1369 477 1430 Necesse
507 1376 554 1430 est
575 1370 784 1431 Lovanienses
814 1389 883 1430 esse
915 1370 1120 1429 crassissimos

201 1471 314 1532 porcos
336 1451 459 1532 Epicuri
488 1460 519 1513 et
540 1471 666 1532 prorsus
689 1453 815 1530 atheos,
848 1453 900 1532 qui
923 1453 991 1512 sine
1014 1454 1121 1512 timore

202 1542 286 1596 tanta
319 1535 509 1615 impudentia
542 1536 728 1596 mentiuntur
762 1542 793 1595 et
828 1535 1059 1616 blasphemant,
1091 1535 1120 1593 in

202 1624 369 1699 conspectu
392 1617 449 1679 Dei
469 1625 500 1679 et
522 1619 694 1680 hominum.

264 1721 313 1781 bl.
335 1718 436 1779 Testis
459 1724 506 1778 est
527 1717 587 1778 illis
611 1737 666 1778 sua
688 1719 824 1798 ipsorum
849 1718 1052 1795 conscientia,
1073 1736 1119 1796 pa-

201 1809 306 1882 patum
327 1821 390 1862 non
413 1801 507 1862 modo
532 1803 598 1862 sine
619 1800 724 1878 verbo,
747 1799 801 1861 sed
825 1808 854 1860 et
878 1807 990 1862 contra
1001 1800 1119 1861 verbum

202 1904 271 1946 esse
294 1885 445 1945 ecelesiae
466 1887 632 1945 invectum.

263 1970 312 2032 52.
334 1967 421 2042 'Quin
445 1974 475 2028 et
497 1987 546 2028 res
574 1969 643 2049 ipsa
672 1967 760 2026 simul
787 1972 934 2044 testatur,
968 1985 1119 2045 nunquam

201 2050 294 2112 fuisse
316 2070 428 2132 papam
451 2052 544 2112 totius
567 2050 718 2111 ecclesiae
740 2057 850 2129 caput,
880 2048 966 2129 quod
990 2055 1051 2110 tam
1073 2050 1122 2109 im·

201 2132 353 2214 pudenter
376 2140 518 2194 asserunt
539 2134 685 2214 Liripipia
708 2133 959 2194 Lovaniensium.

264 2243 313 2303 53.
337 2239 391 2317 Ea,
415 2257 494 2318 quae
516 2239 645 2299 articulo
663 2241 712 2300 21.
737 2257 805 2297 cum
828 2237 1032 2318 sequentibus
1054 2246 1122 2298 octo

201 2321 315 2396 dicunt,
339 2331 409 2381 sunt
431 2322 566 2400 perfecte
580 2320 767 2399 Marcoliioa,
790 2341 848 2381 nec
870 2323 929 2381 nisi
947 2324 980 2380 in
999 2320 1122 2401 speculo

201 2404 339 2466 Marcolfi
371 2405 518 2483 visibilia,
552 2406 641 2464 simul
670 2414 771 2464 tamen
801 2405 987 2485 blasphema
1008 2413 1040 2465 et
1061 2403 1124 2463 ido·

141 2542 142 2545 ,
203 2490 319 2549 latrice.

264 2574 313 2636 54.
337 2571 383 2631 De
404 2569 562 2630 animabus
587 2578 617 2630 et
640 2571 818 2651 purgatorio
849 2571 901 2629 hui
936 2590 1031 2649 quam
1055 2568 1124 2627 certi

205 2662 275 2716 sunt
296 2655 433 2735 Magistri
455 2652 615 2731 nostrolli‚
646 2661 679 2712 ut
710 2655 760 2733 qui
785 2653 848 2712 heri
872 2653 910 2713 de
935 2653 1026 2714 coelo
1051 2651 1123 2731 lapsi

203 2747 234 2798 et
256 2757 353 2818 nuper
375 2737 413 2799 ab
436 2737 539 2796 inferis
561 2737 676 2796 reversi
699 2744 778 2796 sunt.

265 2847 314 2906 bb.
338 2842 417 2918 Quia
441 2840 712 2920 semelSoripturis
736 2842 864 2901 abiectis
887 2840 946 2901 sibi
969 2841 1121 2900 licentiam

203 2932 399 3005 sumpserunt
421 2925 544 2985 somnia
566 2930 597 2983 et
618 2927 768 2985 vanitates
790 2924 941 2983 humanas
965 2925 997 2983 in
1021 2925 1122 2982 articu-

202 3007 250 3067 los
280 3007 352 3068 fidei
386 3006 622 3084 transmutandi,
660 3006 775 3066 nullum
806 3008 969 3066 inveniunt
1004 3006 1121 3066 modum

203 3110 303 3169 neque
326 3091 418 3150 finem
440 3090 647 3150 articulorum.

265 3177 314 3238 56.
339 3175 420 3233 Vota
444 3175 608 3252 praecipue
631 3173 803 3232 monastica
825 3177 856 3231 et
872 3170 1048 3231 coelibatus
1064 3172 1122 3231 sine

204 3256 350 3316 mandato
385 3266 415 3315 et
444 3255 539 3316 verbo
561 3275 617 3335 per
638 3255 778 3314 homines
800 3257 928 3314 inventa
951 3255 1122 3315 barathrum

202 3347 272 3398 sunt
293 3339 483 3418 perditionis.

265 3427 314 3485 57.
342 3422 418 3481 Tum
439 3441 488 3481 res
510 3422 587 3501 ipsa,
612 3440 691 3499 quae
715 3426 871 3492 movetur,
900 3420 990 3480 fucus
1027 3431 1059 3480 et
1079 3420 1124 3497 hy·

201 3506 332 3582 pocrisis
355 3512 416 3583 est,
451 3503 531 3563 unde
554 3505 668 3563 fructus
691 3504 787 3563 secuti
811 3503 864 3563 tali
887 3503 1047 3583 religione
1070 3503 1124 3581 dig·

200 3587 335 3665 nissimi,
367 3587 466 3665 qualis
489 3593 536 3646 est
557 3586 719 3666 pudicitia,
749 3587 913 3664 sanctitas,
946 3588 1052 3666 pietas
1074 3587 1124 3645 Ro·

201 3689 312 3729 manae
335 3669 417 3730 sedis
440 3676 471 3729 et
493 3669 711 3749 collegiorum.

264 3754 312 3818 58.
342 3753 384 3813 Ut
410 3754 545 3814 castiora
573 3753 635 3813 sint
664 3754 792 3813 inventa
819 3750 917 3818 lustra
951 3771 1127 3834 ganconum
