2346 4208
300 258 303 265 '
365 247 373 260 '
433 261 591 323 a-llotarita
609 265 735 332 empto.
751 290 761 299 ·-
994 252 1037 324 27

123 455 222 509 tantun
250 467 369 510 sacrae*
392 448 568 533 scripturae
600 449 650 512 vel
677 450 825 512 historiae
854 447 1044 531 approbatae

122 533 147 592 ei
169 551 233 592 non
258 533 470 596 adversantur.
501 533 653 610 Quoniam
677 533 810 595 ecclesia
830 532 883 593 illa
898 532 1044 612 militana,

121 634 197 694 quae
219 624 268 676 est
287 617 373 678 velut
392 636 486 678 unum
511 637 632 699 corpus,
654 619 740 678 iuxta
761 617 795 678 D.
815 616 900 677 Pauli
923 624 1044 677 senteu-

123 699 208 773 tiam,
238 707 287 760 est
319 701 460 762 instituta
481 709 513 762 et
532 702 614 762 Ruta
635 701 675 761 a'd
697 701 862 782 imaginem
891 699 1044 761 ecclesiae

123 783 354 863 triumphantis,
389 785 419 844 in
450 804 510 866 qua
540 791 670 846 estana
693 783 872 845 monarchia
900 783 1044 844 omnibus

121 884 173 944 per
195 865 336 926 ordinem
358 866 531 949 dispositis,
548 872 652 948 usqu‘e
674 867 714 928 ad
737 887 828 927 unum
851 873 958 947 caput,
988 867 1045 927 aoi-
1129 920 1145 943 ,

121 948 191 1009 licet
213 949 323 1011 Deum.
364 951 469 1026 Quare
491 958 522 1012 et
543 951 612 1012 talis
635 951 712 1013 ordo
735 970 754 1011 a
776 950 897 1011 Christo
926 951 958 1010 iu
986 956 1044 1011 ter-

122 1031 159 1091 ris
181 1038 232 1092 est
255 1036 456 1112 constitutus,
479 1053 547 1095 eum
570 1035 701 1121 fateamur
721 1034 833 1097 Johan.
857 1039 893 1098 5:
936 1034 1045 1094 Filium

123 1133 182 1175 nou
205 1115 310 1176 iacere
332 1117 512 1198 quidquam,
542 1120 600 1178 nisi
623 1117 705 1197 quod
729 1117 838 1178 viderit
858 1116 979 1196 Patrem
1001 1117 1044 1177 ia

85 1202 89 1209 '
124 1198 265 1262 cientem.
310 1199 413 1275 Quare
434 1219 496 1261 uon
518 1200 557 1261 de
580 1201 669 1261 coelo
693 1207 756 1280 est,
789 1202 840 1283 qui
863 1201 955 1280 capiti
978 1200 1046 1261 suh

123 1290 345 1359 ueteranum,
368 1285 447 1353 sicut
468 1303 531 1345 nou
555 1284 594 1345 de
618 1284 727 1362 coelo,
760 1282 815 1344 sed
846 1283 884 1343 da
906 1283 1045 1345 Lucifero

122 1371 177 1442 est,
203 1367 255 1443 qui
277 1366 346 1426 Deo
367 1386 431 1428 nun
453 1367 519 1428 vult
540 1368 656 1428 subiici.

206 1447 294 1524 Quae
317 1451 421 1510 omnia
443 1450 592 1512 latissime
615 1449 790 1510 confirmari
812 1456 961 1529 possunt,
983 1468 1047 1510 ma-

123 1530 204 1591 xime
238 1552 294 1612 per
324 1550 444 1593 sacram
486 1534 569 1595 illam
608 1535 744 1593 animam
775 1531 809 1593 B.
863 1531 1046 1613 Dionysium

122 1613 344 1696 areopagitam
380 1615 431 1677 lib.
463 1617 503 1677 de
533 1617 745 1678 ecclesiastica
774 1615 961 1695 hierarchia,
995 1615 1047 1676 uhi

123 1697 180 1757 ait:
223 1698 338 1767 Nostra
360 1701 440 1759 euim
461 1700 645 1761 hierarchia.
662 1719 682 1760 a
702 1698 770 1765 Dec
794 1696 911 1758 traditis
934 1698 1047 1758 ordini-

122 1778 177 1840 bus
202 1789 313 1842 sancte
334 1779 484 1864 disposita
506 1785 619 1843 sanctis
651 1789 683 1842 et
715 1780 901 1841 coelestibus
933 1781 1045 1841 hierar·

121 1862 197 1922 chiis
216 1864 383 1925 conformia
414 1873 470 1926 eet.
514 1867 559 1926 lta
580 1865 747 1945 Gregorius
768 1863 884 1924 Naaan.
907 1865 938 1922 iu
961 1866 1045 1945 Apo»

122 1945 276 2026 logatico:
299 1947 503 2009 flamosanuta
526 1950 671 2030 mysteria
694 1947 772 2022 (ait)
796 1945 954 2007 adinstar
976 1964 1045 2007 ece·

123 2028 207 2088 lestis
228 2032 373 2111 imaginis
394 2031 563 2119 ‹celrsbrari²
591 2052 647 2123 per
674 2049 753 2110 quae
775 2031 880 2108 utique
902 2031 932 2089 in
958 2031 1045 2090 terris

123 2113 310 2173 coelestibus
333 2112 488 2175 ordinibus
510 2116 709 2175 associamur.
752 2113 831 2172 Nam
853 2112 936 2192 quod
959 2131 1044 2173 muu-

125 2204 216 2255 strum
241 2205 324 2257 esset
346 2199 508 2258 ecclesiam
533 2218 602 2258 esse
625 2194 829 2276 acephalam?
868 2196 950 2274 quod
981 2215 1044 2257 om-

123 2298 176 2337 ues
206 2281 302 2339 fenne
329 2281 474 2342 haeretici
504 2281 601 2341 moliu'
636 2288 706 2340 suut
745 2285 796 2354 (ut
817 2279 847 2339 S.
871 2279 1043 2359 Cyprianus

123 2361 158 2420 ad
182 2363 389 2444 Rogatianum
415 2372 446 2423 et
468 2365 658 2444 Puppienum
680 2365 795 2436 innuit)
831 2370 863 2420 ut
895 2364 939 2422 sic
962 2362 1043 2423 dehi-

123 2443 209 2505 litatu
234 2447 335 2525 capite
367 2464 486 2507 errores
515 2466 587 2507 suus
610 2453 641 2505 et
664 2448 744 2519 virus
767 2446 892 2524 impune
915 2451 1044 2524 possent

123 2529 271 2587 urientibus
299 2529 458 2588 huminum
485 2530 648 2590 inculeare.
702 2529 740 2587 Et
769 2528 847 2587 haec
880 2528 935 2588 fuit
964 2530 1042 2588 ratic

122 2612 298 2691 principalis
321 2631 387 2671 oum
412 2613 479 2672 aliis
511 2614 655 2691 annexis,
690 2618 815 2691 propter
847 2630 938 2689 quam
962 2612 1043 2696 Papl-

121 2695 222 2754 siense
239 2695 316 2754 teliu
351 2695 481 2755 studium
505 2695 679 2755 «Iohannem
702 2695 930 2761 Tornacensern
959 2695 1042 2754 dame

122 2779 213 2855 navit,
236 2784 401 2857 negantem
424 2780 587 2858 primatum
610 2777 771 2837 Ecclesiae
792 2777 962 2838 Romanae.
992 2777 1043 2838 sie

121 2870 150 2918 et
182 2879 268 2919 error
299 2863 355 2919 fuit
385 2860 629 2939 'Vuilrleffiticum
663 2862 835 2921 Romanam
870 2860 1043 2919 Ecclesium

120 2942 187 3002 aliis
210 2962 272 3003 nou
296 2963 367 3003 esse
390 2946 578 3023 superiorem
603 2945 641 3004 de
662 2943 733 3023 lege
753 2942 926 3021 Evangelii.

450 3045 488 3107 Μ.
511 3043 714 3104 Lutherus.

203 3123 335 3198 Quando
352 3127 502 3187 Dominus
515 3128 552 3188 D.
577 3128 685 3206 arguit,
709 3128 834 3191 omniuo
858 3132 1044 3209 esse-caput

122 3207 273 3267 eeclesiae
297 3211 481 3290 universale,
504 3212 621 3291 optime
642 3209 721 3269 facit.
754 3209 794 3267 Et
817 3209 840 3266 si
866 3215 913 3267 est
928 3208 1046 3291 ¹aliquis

120 3292 168 3369 qui
192 3292 313 3369 privato
336 3300 428 3372 pacto
452 3294 633 3354 convenerit
663 3310 731 3350 cum
755 3291 967 3359 dominatione
989 3309 1045 3351 sua

120 3374 156 3432 ad
182 3373 409 3449 defendendum
435 3378 632 3454 contrarium,
656 3380 761 3453 surgat
781 3375 811 3431 in
838 3373 981 3451 medium,
1004 3372 1044 3432 ad

121 3476 168 3516 me
192 3458 266 3516 nihil
288 3460 430 3538 pertinet.
955 3477 957 3481 ·

501 3542 657 3603 Ecoiuc.

146 3677 151 3687 .
202 3622 282 3696 Quia
301 3624 489 3684 reverendus
511 3626 601 3684 Pater·
625 3623 716 3697 dicit,
740 3621 814 3680 nihil
838 3621 875 3679 ad
900 3640 932 3679 se
956 3619 1045 3698 perti-

120 3725 190 3765 nere
214 3706 252 3766 de
277 3709 431 3770 contrario
462 3707 542 3768 illius
567 3706 648 3787 qued
681 3703 878 3765 intendebam
913 3701 1045 3781 probare

120 3787 157 3848 de
181 3789 246 3850 iure
269 3790 394 3868 divino,
423 3809 493 3850 esse
515 3790 724 3852 monarchiam
759 3789 789 3848 iu
814 3785 951 3849 ecclesia
971 3783 1049 3846 mili·
