2346 4208
123 248 187 317 130
346 253 500 323 Disputatio
519 253 627 322 Lipsiae
645 253 736 307 habits
755 268 781 306 o.
801 251 862 306 x1x

206 438 279 499 Dixi
300 439 395 517 enim,
417 439 448 500 in
469 438 565 499 sooris
586 437 682 499 litoris
704 436 780 499 nihil
790 436 900 499 heberi
915 435 960 499 -do
982 455 1047 517 pur-

122 521 254 601 gatorio,
276 520 347 582 ideo
369 540 432 582 uon
454 539 548 601 posse
569 538 623 582 eos
640 538 742 600 nequo
765 521 979 601 expositiones
1000 538 1045 583 on·

124 623 190 665 rum
212 603 251 664 od
271 605 430 685 negotium
454 604 622 685 purgatorii
644 604 752 685 opturi.
774 600 924 665 Redditur
945 608 1070 683 mun,

124 693 177 747 out
197 686 313 748 bonum
335 688 448 765 bonis,
482 694 536 747 out
557 685 669 747 molum
698 686 787 747 molis
815 692 1046 768 postmortem

123 768 215 830 Medii
239 776 320 850 sunt,
343 772 396 850 qui
416 772 448 832 in
461 771 640 851 purgatorio
661 776 742 849 sunt,
765 768 925 849 dequibus
948 768 1047 831 diotae

122 853 304 915 autoritates
330 872 393 915 non
414 854 599 933 loquuntur,
636 852 745 932 quibus
773 871 875 933 nsque
896 851 1046 917 mutium

123 942 172 997 est
190 935 305 997 bonum
329 955 429 1017 neque
450 937 585 1014 molum,
621 942 653 997 et
684 937 728 996 sio
760 937 973 1017 purgatorium
995 954 1047 1016 por

122 1019 256 1081 medinm
278 1021 474 1082 outoritotum
499 1038 621 1100 sempor
641 1020 768 1081 transiit.
803 1096 806 1104 Ι

513 1206 669 1268 Eooius.

205 1353 296 1433 Quod
317 1377 352 1419 ss
374 1364 521 1436 exousot,
549 1358 675 1420 eredere
696 1376 732 1417 se
752 1361 784 1417 et
804 1357 884 1429 seire
904 1362 1045 1439 purgnto

121 1441 198 1503 rium
229 1460 315 1519 esse,
350 1440 431 1502 bene
451 1442 571 1521 eooipio
594 1445 626 1502 et
647 1441 731 1521 prius
752 1441 835 1503 novi.
878 1438 949 1502 Sed·
965 1438 1056 1521 quod'

121 1531 216 1604 negot
238 1524 269 1585 iu
291 1542 380 1585 soors
401 1522 558 1605 Soripturo
579 1524 790 1606 purgatorium
810 1522 949 1604 probari,
987 1522 1046 1599 hos

122 1613 268 1687 tanquam
291 1607 399 1668 falsum
435 1614 468 1668 et
487 1608 704 1688 grseoonimrm
723 1625 837 1686 respuo
851 1628 869 1684 ‚t
882 1607 914 1666 in
935 1612 1046 1689 propo·

122 1691 181 1753 sito
204 1709 348 1771 monens,
386 1709 561 1771 quonquum
588 1709 648 1753 nec
682 1689 758 1750 illud
785 1708 843 1750 neo
865 1689 929 1750 olio
949 1689 1044 1752 mm

122 1775 240 1834 maiore
260 1781 369 1836 contro
390 1781 551 1855 protervos
575 1781 606 1834 ot
627 1774 799 1854 psrtinooes
822 1773 1045 1855 oonvinoipss

122 1858 192 1934 sint,
214 1863 248 1916 ut
270 1856 309 1918 do
330 1858 405 1918 Ario
430 1863 460 1918 st
481 1857 548 1918 eliis
571 1856 721 1920 Patribus.
754 1855 797 1917 At
818 1854 903 1935 quod
924 1862 1047 1938 proptu·

121 1959 175 2001 rso
207 1939 283 2000 illud
311 1938 448 2019 dioatur,
480 1959 544 2001 non
566 1941 692 2020 reperiri
713 1940 743 1998 in
766 1938 940 2019 Soripturo‚
975 1940 1045 2022 quio

122 2030 230 2085 eontra
250 2024 440 2103 pertinacem
460 2024 603 2084 eonvinoi
625 2042 688 2084 non
709 2023 827 2102 possit,
851 2028 899 2082 est
920 2023 1047 2084 omnino

122 2107 294 2187 ooptiosum
317 2112 348 2166 et
368 2105 512 2186 religioni
533 2112 659 2167 nostroe
680 2105 855 2166 adversum.

126 2238 128 2243 .
205 2189 252 2251 De
272 2188 357 2250 libris
379 2188 648 2269 Moohabssorum,
671 2207 749 2269 quos
771 2188 847 2250 dioit
866 2187 971 2251 fooore
991 2206 1046 2270 pro

120 2270 271 2351 fidelibus,
294 2271 348 2333 sed
370 2291 434 2332 non
450 2292 520 2335 osse
541 2274 573 2334 in
595 2291 731 2349 oenone,
754 2279 785 2332 et
804 2270 883 2348 hoo,
910 2272 1046 2352 inquom,

120 2354 231 2415 falsum
253 2361 319 2433 ost,
341 2357 481 2435 quemvis
504 2358 587 2417 enim
608 2355 690 2436 opud
711 2355 851 2417 Ebroeos
871 2355 903 2415 in
926 2373 1047 2419 oenone

120 2457 183 2499 non
204 2438 327 2517 fuerint,
349 2447 452 2500 tomen
476 2440 609 2501 eoolesio
629 2440 749 2519 rooopit
763 2456 818 2499 sos
840 2438 1046 2519 memnonem,
1082 2484 1089 2493 .

120 2527 154 2582 ut
173 2521 264 2583 Potor
283 2522 409 2584 Domini
424 2522 522 2584 Petris
538 2523 739 2603 Augustinus,
759 2520 840 2582 Libr.
861 2520 902 2582 de
925 2522 1047 2585 oivitsto

120 2604 193 2683 Dei,
216 2605 429 2684 testatum-lib.
461 2607 491 2669 8.
513 2613 544 2666 et
566 2605 596 2668 S.
617 2606 694 2686 lpho
718 2602 749 2682 ¹)
773 2606 804 2666 in
823 2605 888 2667 suis'
907 2605 1046 2668 Dwsm

120 2688 371 2750 constitutionem
391 2690 517 2768 inserit,
546 2708 607 2769 quo
639 2688 772 2750 eoolosio
805 2687 900 2750 libros
919 2688 995 2752 illos
1016 2689 1065 2772 iu⁸

119 2789 273 2832 oononem
296 2773 421 2853 reoepit.

204 2854 295 2929 Quod
315 2857 347 2917 in
369 2874 426 2916 suo
439 2856 614 2935 proposito,
635 2855 803 2935 persistere
824 2852 891 2915 vult
905 2873 1048 2917 reveren·

120 2937 176 2999 dus
197 2937 288 2999 Peter
317 2938 452 3020 allegato
476 2958 533 3018 per
560 2958 610 2998 me
637 2958 701 2999 non
723 2938 825 2998 faeere
846 2936 886 2998 od
906 2940 1045 3020 proposi·

120 3028 194 3099 tum,
217 3039 296 3100 quoe
317 3029 420 3083 tamon
442 3021 482 3083 de
503 3021 619 3082 direoto
641 3023 669 3081 ei
687 3021 923 3083 eontrarientur.
944 3020 1045 3084 Primo

119 3104 202 3165 enim
223 3103 306 3183 quod
317 3103 392 3167 dioit
408 3106 588 3167 autoritates
599 3104 669 3165 illas
680 3105 834 3184 respicere
854 3103 979 3166 ooslum
999 3103 1046 3167 rol

119 3187 281 3266 infernum,
292 3207 355 3250 non
367 3190 462 3266 iuvet
471 3190 542 3268 quio
553 3187 592 3248 de
603 3187 720 3249 dirooto
735 3188 1045 3251 fuoiuntmentiom

121 3270 161 3332 de
183 3277 264 3332 statu
275 3273 414 3333 morendi
426 3279 458 3333 et
479 3270 659 3332 demerendi
675 3279 706 3333 et
717 3271 799 3332 hono
812 3276 922 3333 statum
942 3269 1047 3335 deflui-

120 3360 175 3414 unt
188 3361 287 3416 morte
300 3356 465 3417 terminari.
487 3354 603 3415 Contra
616 3353 804 3416 reverendus
816 3354 907 3415 Potor
918 3352 1046 3417 nullon

120 3437 256 3499 Dootore
277 3440 401 3499 innixus
424 3438 518 3499 sudet
532 3438 693 3499 onimobus
714 3458 735 3498 o
757 3456 890 3518 oorpore
913 3438 1046 3499 existen·

120 3516 200 3581 tibus
222 3523 383 3583 terminum
409 3520 546 3582 merendi
568 3540 756 3602 prorogare,
795 3528 827 3581 et
847 3522 959 3582 merito
979 3540 1046 3604 pur,-

120 3605 230 3684 gotorii
253 3605 284 3664 in
307 3605 398 3667 ooelo
421 3606 631 3684 remunerari,
671 3611 703 3666 ot
729 3603 904 3685 apostolius
934 3603 1048 3666 elamat

429 3724 549 3743 -uxt---u--·¹

146 3736 455 3842 ¹1)Isoesoho¹rnotum
475 3775 588 3831 sdieoit:
625 3774 674 3829 lvo
694 3774 889 3843 eunomium,
