2346 4208
125 259 200 329 2?ss
356 264 448 317 Rssol
469 265 496 316 L.
517 280 601 332 super
620 266 816 332 Propositicm·

127 448 302 530 pnoltlccio
324 457 433 511 contra
451 464 512 511 uos
531 450 700 511 machinari
722 446 787 512 n'on
811 448 913 511 bouus
933 449 1046 529 ιιιιιιιι,

127 550 192 596 oss.
214 531 284 592 lion
306 552 382 592 sene
403 552 512 594 omnes
531 532 619 602 dico,
641 553 712 594 nam
735 541 807 594 sunt
825 532 1036 595 mrtem

129 616 191 677 mia
211 615 456 695 praeclarissima
478 617 686 678 candidissimi
708 623 742 678 ct
760 623 920 677 rectorum
929 614 1037 677 studis-

126 718 190 759 ιιι
206 700 322 778 optimi
344 706 535 776 assertores,
569 707 662 780 atque
684 700 745 761 troc
766 701 836 780 ipsc
864 707 971 760 tamen
991 716 1039 761 ns-

127 783 209 842 mine
230 782 356 842 alterius
376 782 457 842 illius
478 783 619 844 fermenti
641 782 826 857 hominibus,
847 782 935 843 velut
954 782 1040 843 sudss

127 865 278 937 moeniis,
300 872 332 924 et
353 864 571 926 offendiculum
593 887 613 926 a
633 867 739 943 latere,
762 873 798 926 ιιι
810 866 930 927 Josuae
944 864 1040 927 vsrttr

129 947 267 1009 dixerim
299 946 361 1007 Sed
394 955 425 1009 et
446 949 700 1028 prudentissimus
723 956 868 1021 senatus·
891 950 1038 1009 orntum

127 1032 229 1108 mique
251 1031 334 1090 cives
356 1036 418 1091 tam
442 1030 554 1092 absunt
579 1031 619 1092 ιιι
648 1032 710 1093 hoc
743 994 881 1110 maligue
908 1030 1041 1113 ingenis,

26 1160 31 1167 .
126 1122 159 1174 ut
179 1131 284 1173 nemo
295 1114 394 1192 magis
416 1113 610 1175 abominetur
629 1115 702 1176 hoe
699 1132 894 1229 per-versum
912 1114 1046 1177 essens.

126 1197 249 1257 literis
240 1197 400 1256 mimicum
420 1216 527 1277 genus.
806 1222 810 1229 ·

207 1278 348 1339 Omnium
372 1286 475 1341 autem
486 1282 622 1341 maxime
643 1236 816 1341 laudandus
838 1286 899 1341 est·
906 1234 1048 1349 illusisti·

126 1364 223 1425 simus
241 1362 388 1444 Princeps
407 1363 478 1423 Dux
500 1363 668 1444 Georgius
707 1364 758 1443 qul
790 1382 862 1423 vere
883 1362 1040 1445 principali

126 1446 291 1505 clementis
313 1451 344 1506 et
365 1445 574 1507 munificentia
595 1446 671 1507 nihil
693 1447 811 1521 omisit,
836 1444 921 1525 quod
943 1444 985 1507 sd
1003 1444 1045 1507 ts

127 1529 307 1591 licissimum
333 1529 421 1589 huius
456 1529 673 1609 disputationis
700 1529 828 1601 fructum
851 1528 972 1589 lasese·
977 1542 1047 1611 pose

126 1613 228 1687 sitsi
249 1611 319 1671 talis
337 1612 463 1688 inisset
495 1619 529 1673 nt
550 1632 626 1692 pum
647 1614 759 1673 veritas
781 1611 971 1692 posthabite
977 1610 1040 1693 pls

126 1695 172 1754 ric
192 1704 397 1773 quaereretur
418 1695 612 1774 Deniqneaeet
630 1693 1048 1777 sussptendidissimupns·

128 1778 227 1838 sentia
264 1776 298 1836 id
325 1779 443 1858 negotii
476 1776 623 1858 dignatus
651 1784 701 1838 est
724 1777 851 1839 mirifice
881 1777 1043 1853 inarmis,

127 1861 231 1921 omnis
253 1858 367 1920 cs'vens
384 1868 421 1920 et
440 1880 588 1937 monens,
616 1868 651 1921 ut
669 1859 808 1921 modeste
839 1866 872 1921 et
892 1868 1048 1940 quesisse·

127 1942 199 2003 dae·
207 1944 347 2004 veritatis
367 1943 470 2003 studio
492 1949 666 2024 agerentur.
707 1942 791 2004 Nihil
811 1960 887 2024 ergo
910 1944 1042 2024 opttsnss

125 2026 199 2085 huic
219 2027 412 2086 universitati
425 2047 476 2086 me
496 2026 611 2087 debere
634 2025 793 2099 confiteor,
816 2042 913 2105 qum
921 2042 1041 2089 amns!

125 2109 286 2184 honorem
314 2115 346 2167 et
360 2128 454 2169 omne
475 2108 620 2185 officium,
642 2108 792 2169 duntsxst
808 2109 1041 2189 invisimusque·

126 2191 256 2251 rundam
283 2196 335 2265 (ut
355 2199 426 2251 sunt
446 2212 497 2252 res
517 2192 691 2253 mortalium
712 2210 754 2252 ex
782 2191 866 2252 nulla
893 2194 1010 2273 parte
1002 2210 1050 2277 ιιχ

125 2279 248 2353 tegnas)
271 2273 315 2333 fat
303 2279 372 2334 teor
393 2274 465 2334 mihi
488 2275 562 2335 satis
584 2274 1056 2355 displicuisse..

206 2356 301 2436 lgitur
325 2354 405 2417 haec
430 2364 478 2417 est
506 2358 572 2418 sive
593 2356 770 2438 tragoedia
791 2356 858 2415 sive
879 2354 1040 2417 comoedis

124 2439 213 2499 huius
234 2438 452 2518 disputationis
476 2438 586 2521 (quam
609 2447 745 2520 satyram
765 2438 868 2519 potius
890 2437 1036 2511 dixerislt

124 2521 226 2582 Primo
247 2528 386 2601 ruptum
383 2529 439 2583 est
459 2530 593 2602 pactum,
615 2542 676 2601 quo
698 2521 913 2583 interllccium
932 2529 967 2581 et
987 2538 1040 2583 uos

124 2612 333 2683 convenerat,
355 2612 389 2665 ut
409 2605 504 2666 libere
530 2605 755 2685 disputaretur,
782 2611 814 2665 et
835 2610 972 2685 excepte·
989 2620 1041 2685 pss

126 2688 263 2748 notarios
284 2688 314 2746 in
337 2687 491 2767 publicum
514 2689 609 2749 totius
637 2688 719 2749 orbis
749 2686 894 2748 iudicium
917 2686 1040 2749 ederes·

126 2777 183 2843 tur,
206 2768 466 2848 quemadmodum
489 2772 520 2830 in
543 2771 641 2833 literis
653 2771 795 2849 utrinque
809 2768 898 2831 editis
922 2769 1040 2851 legitera

123 2815 200 2911 Naln
222 2853 322 2913 voluit
336 2855 439 2932 potius
460 2852 573 2913 Eocius
602 2859 709 2913 noster
729 2854 795 2913 sine
822 2853 952 2913 notariis
982 2870 1040 2913 ms

123 2936 163 2994 ris
185 2942 218 2994 et
237 2934 341 2996 liberis
361 2934 546 2996 clamoribus
566 2956 634 2996 rem
659 2936 720 3016 agi
758 2934 1020 2996 Consenserunt·
1010 2952 1040 2995 ιι

123 3015 204 3077 idem
228 3037 302 3079 snae
322 3019 466 3078 lectionis
488 3020 555 3080 riri.
578 3019 637 3081 Ubi
660 3019 723 3079 hoc
741 3017 881 3079 obtinere
901 3036 967 3079 non
989 3034 1041 3097 pc·-

36 3130 45 3143 ν
123 3107 255 3174 tuerunt
277 3101 316 3160 sd
338 3101 430 3160 sliam
453 3104 534 3180 pecti
555 3102 730 3162 illusionem
746 3102 820 3161 itum
845 3106 903 3177 est,
924 3100 1047 3161 scilieet

123 3202 162 3242 ne
190 3192 321 3262 excepte
343 3204 398 3263 per
425 3186 564 3245 notarios
586 3185 768 3259 ederentur,
806 3184 865 3243 nisi
890 3182 1037 3245 indicibus

123 3266 301 3326 nominatim
334 3274 367 3325 et
397 3269 601 3327 communiter
627 3267 734 3327 electis
756 3264 877 3343 oblata,
904 3266 1037 3347 accepis·

122 3355 191 3408 sent
210 3349 406 3409 sententiam.
437 3349 581 3409 Additum
599 3354 647 3409 est
668 3359 886 3425 commentum,
908 3367 972 3428 qno
991 3366 1037 3409 re·

123 3431 166 3490 lut
187 3430 405 3493 honestissimo
429 3433 518 3492 titulo
541 3432 601 3493 hoc
623 3432 837 3512 foediirsgium
859 3431 943 3511 apud
966 3430 1037 3493 idic-

121 3521 169 3573 tas
192 3520 363 3591 ornaretur,
383 3514 538 3591 videlicet
561 3522 706 3596 oportere
726 3514 843 3575 iudices
862 3520 967 3577 certos
987 3514 1041 3575 liv·

120 3595 210 3671 bere
239 3616 316 3676 quos
340 3599 366 3657 si
385 3608 612 3665 recusaremus
641 3599 702 3659 ism
730 3598 897 3675 heberent
925 3614 989 3677 quc
1007 3596 1036 3657 ἰι

120 3643 222 3740 odium
245 3679 330 3763 vulgi
349 3700 407 3741 nos
430 3680 585 3741 traherent
606 3683 823 3759 estimarent,
853 3679 940 3743 nolle
960 3676 1033 3743 scili·

120 3766 174 3824 cst
190 3782 248 3824 nos
269 3764 334 3844 pati
355 3762 436 3825 ullos
456 3763 582 3826 iudices
729 3782 732 3787 ·
