2346 4208
120 254 184 322 290
356 256 450 312 Resol.
469 256 498 309 t.
517 270 601 325 super
617 254 806 324 Propositlon.

127 425 280 503 divinum,
302 425 450 504 scilieet‚.
473 443 514 485 ne
536 424 665 488 solliciti
686 426 747 485 siut
767 423 809 491 ds
829 424 974 502 menno,
998 428 1021 481 rt

125 509 274 573 Melini.
298 506 400 570 dooet.
446 507 639 588 Impossibile
651 514 700 569 est
714 508 808 585 enim,
831 526 852 569 e
871 512 962 569 totst
975 510 1021 567 tu

122 593 252 653 remotis
264 589 377 653 linibus
394 591 533 665 terree¹l
559 597 678 652 tentum
689 592 749 653 iter
757 587 872 653 oonflei
893 588 934 651 eb
951 586 1022 667 lbi),
1046 620 1052 629 ·

122 676 175 754 qui
195 676 282 735 iuxta
306 674 500 755 evangelium
514 673 638 735 solliciti
661 692 724 737 non
745 680 820 735 sunt
840 673 882 735 (le
903 672 1023 749 mutus,

123 777 185 819 non
210 759 291 821 enim
314 757 474 818 lrobsbunt
494 765 643 838 sumptus.

204 839 236 901 Si
251 839 327 901 diois
336 841 387 916 3);
411 840 518 902 Potest
530 840 689 902 Romanus
702 839 845 920 pontifex
857 838 1026 901 summoue

125 925 233 984 vieinis
248 925 406 1005 episeopis
417 930 604 1004 potestatem
627 941 724 1000 suem,
745 921 943 1003 responden:
960 918 1026 983 lire

126 1025 189 1068 non
212 1008 270 1067 erit
292 1007 340 1067 ius
362 1004 500 1067 divinum
526 1025 565 1066 ex
588 1005 663 1069 urbe
685 1005 786 1067 Romu
807 1006 972 1087 episeopos
989 1020 1026 1085 ps

126 1100 202 1168 tere,
225 1090 296 1168 quie
317 1089 364 1149 ius
386 1089 520 1151 divinum
543 1108 606 1150 non
623 1094 728 1169 potest
743 1090 856 1151 mutari
877 1095 932 1151 eut
950 1092 1027 1149 trs}

126 1172 198 1233 terri
221 1173 251 1233 in
264 1171 357 1233 olium
379 1172 418 1234 sb
441 1192 491 1253 eo,
514 1173 600 1233 ouius
622 1179 678 1234 est.
721 1170 1026 1251 troarnensem

148 1252 226 1331 ue4]
262 1254 448 1317 Primstibus
482 1275 547 1316 non
578 1255 698 1316 confert
727 1254 810 1315 hono
837 1248 1028 1336 poteststqi

125 1275 206 1413 {nid
228 1339 311 1502 eniprp
343 1339 394 1399 hio
415 1339 541 1418 obstat,
580 1339 640 1399 nisi
672 1337 891 1399 detrimentum
923 1336 1046 1401 hairi-

182 1422 266 1481 tine⁶

124 1439 180 1502 gra
207 1502 268 1565 Sed
289 1502 372 1584 fingo
393 1502 528 1584 aliquem
561 1504 725 1565 eoelesiem
753 1503 793 1565 eb
815 1502 956 1567 hostibus
974 1518 1026 1583 uf·

125 1594 205 1667 tum,
229 1594 262 1647 ut
283 1606 347 1649 non
370 1587 468 1667 possit
490 1585 530 1647 nd
552 1586 683 1648 Romam
707 1588 829 1648 mittere
850 1606 909 1669 pro
930 1586 1026 1669 spis*

127 1689 176 1751 po.
220 1668 300 1745 Quid
321 1668 372 1731 hie
393 1668 507 1731 leniet?
530 1668 563 1730 Si
585 1676 633 1731 est
653 1668 863 1749 iusdivinum,
886 1668 1027 1753 septivilu

126 1772 188 1813 non
212 1759 350 1814 exeusst.
394 1754 442 1813 lus
476 1754 558 1814 enim
581 1752 720 1815 divinum
749 1759 798 1814 est
820 1752 899 1829 nulli
918 1754 962 1815 rei
978 1746 1027 1813 nii

147 1845 241 1915 utum,
263 1835 318 1897 sed
340 1854 432 1915 super
454 1837 558 1896 omnis
580 1835 830 1917 omnibnsque‘)
855 1832 1027 1899 surrentin

125 1857 157 1980 {i
179 1917 271 1979 dieis:
294 1917 413 1979 Sufficit
435 1926 539 1979 votnm
562 1918 717 1999 mittendi,
739 1919 827 1981 dieo:
849 1918 914 1983 Gur
933 1920 1027 1981 nortl

125 2005 156 2063 in
179 2001 247 2062 eliis
261 2000 490 2082 episcopatibus
501 2002 679 2066 hoovotum
696 2000 821 2082 suffieit,
843 2004 897 2084 qui
910 1996 1028 2065 extorri

125 2098 210 2163 sunt,
246 2092 277 2144 et
298 2090 360 2145 tem
383 2085 477 2165 longe
498 2104 518 2145 e
538 2084 640 2145 Rome
660 2087 771 2166 positi,
800 2093 836 2147 ut
856 2104 970 2169 magno
988 2098 1029 2145 sut

127 2168 311 2309 detrimentp
349 2168 475 2248 (eontra
511 2167 689 2249 caritatem)
729 2170 913 2250 episeopurn
948 2180 1031 2231 sm

127 2270 164 2312 oo
188 2258 278 2310 entur

167 2271 187 2331 g
210 2332 362 2409 Secunde,
385 2335 521 2413 sequitur
542 2353 581 2395 ex
603 2334 698 2396 verbo
719 2334 817 2414 Pauli,
840 2354 904 2416 quo
927 2330 1032 2397 ouilitst

127 2417 243 2477 oivitsti
267 2418 447 2496 episeopum
470 2416 575 2478 tribuit
598 2418 669 2497 (qui
696 2437 778 2478 nuno
798 2417 926 2498 plebani
947 2416 1031 2479 diem

127 2502 204 2579 tur),
227 2502 404 2580 episcopos,
416 2499 615 2580 patriarches,
628 2502 784 2582 primates,
803 2503 855 2581 qui
865 2500 1032 2575 hodtsmt,

130 2602 199 2643 esse
221 2584 293 2643 iuris
315 2583 441 2644 humsni
460 2590 586 2654 tantum,
609 2583 691 2664 quod
709 2584 886 2647 etDeoretu
906 2584 1032 2657 imiimi

129 2666 240 2746 quibus
258 2667 349 2728 Rom.
372 2665 535 2746 pontifices
557 2666 613 2728 sibi
637 2666 772 2728 tribuunt
792 2669 933 2729 omnium
953 2664 1032 2731 stult

129 2751 243 2811 siarum
258 2758 290 2811 et
311 2749 494 2830 dignitatum
516 2751 784 2830 constitutionem,
806 2759 903 2832 etque
922 2752 966 2813 ite
981 2750 1032 2811 im

126 2833 230 2894 divino
270 2832 354 2912 Psps
389 2832 465 2893 nulli
487 2840 536 2894 est
559 2834 698 2913 superior
720 2836 867 2913 omnino,
901 2830 1031 2897 entre&

128 2916 271 2997 plebanis
286 2917 432 2996 superior
453 2923 509 2978 est.
553 2916 671 2977 Ceteris
693 2917 803 2979 mediis
823 2936 862 2979 ue
884 2914 1031 2981 mutui·

126 3019 183 3061 suo
197 3001 261 3059 iure
274 3007 306 3060 et
316 3019 373 3058 usu
385 3001 525 3079 superior
539 3006 595 3077 est,
619 3018 681 3079 quo
704 3008 736 3063 et
748 2998 976 3065 Osrdinelibns.
993 2996 1030 3059 tt

128 3103 189 3165 que
212 3089 245 3143 ut
266 3082 417 3162 plebanus
440 3083 527 3143 alteri
557 3101 620 3143 non
649 3084 820 3163 praefertur
847 3082 1030 3153 turstinus,

125 3167 169 3227 ito
190 3185 249 3226 neo
271 3166 350 3225 ullus
374 3167 541 3245 episeopus
564 3165 618 3225 ulli
632 3168 790 3247 episeopo.
834 3166 949 3230 Omnia
966 3162 1028 3227 eth

126 3248 206 3310 hsee
228 3268 282 3328 per
304 3248 468 3309 eeclesiam
494 3248 639 3311 ordinate
661 3257 741 3312 sunt.
820 3296 823 3303 .

208 3331 257 3393 Ex
279 3351 340 3411 quo
363 3331 488 3393 ulterius
514 3333 661 3413 sequitur,
685 3332 769 3414 quod
791 3351 862 3393 oum
886 3352 963 3395 unus
983 3328 1027 3391 lu

128 3434 235 3475 munus
257 3417 422 3495 episeopus
457 3433 519 3475 non
553 3417 654 3495 possit
676 3417 813 3476 omnium
836 3415 1025 3497 perennium

166 3552 314 3563 ...ια-ι...-
319 3554 336 3560 --
353 3554 410 3560 ---
416 3554 429 3560 ·-
433 3554 449 3561 -

162 3623 192 3687 1)
215 3622 244 3673 ln
256 3606 317 3674 etld.
331 3620 414 3690 orig.:
434 3620 713 3673 stotfinibustsrree.
733 3619 766 3685 2)
775 3608 1023 3674 interseruerunt

125 3694 167 3745 lis.
206 3693 345 3757 3)1bid.:
369 3694 452 3745 dines.
491 3693 524 3758 t)
545 3692 633 3745 lbid.:
659 3708 708 3744 eur
732 3708 789 3745 non
818 3691 903 3745 hodie
929 3694 1022 3759 quoqu·

125 3766 157 3825 ὁ)
180 3765 263 3819 lbid.:
284 3765 399 3834 gloriae.
436 3764 465 3827 6)
489 3762 573 3818 lbid.:
595 3766 623 3815 in
643 3764 838 3833 omnibusque.
