2346 4208
116 236 181 319 418
427 233 587 306 Disputatio
605 234 636 295 D·
655 234 692 288 li.
710 231 742 289 L.

119 424 230 485 virtute
258 439 393 482 errorem
426 421 551 503 vitavit,
580 420 624 480 ita
649 419 775 481 favente
797 415 950 480 ecclesiae
970 436 1030 478 suaa

123 506 255 577 Christo.

185 591 233 651 15.
264 585 334 646 Non
369 587 450 648 enim
487 592 534 647 est
571 585 635 658 ulla
673 585 884 666 promissione
918 583 1031 664 Spiritus

122 679 246 733 sanctus
268 668 412 749 alligatus
434 667 472 729 ad
497 669 714 750 episcoporum
737 668 789 730 vel
822 667 946 729 concilii
974 685 1032 727 oon·

122 753 345 836 gregationem,
367 770 426 812 neo
447 751 508 815 hoo
528 750 658 832 possunt
679 751 824 832 probare.

186 839 234 900 16.
262 833 394 895 Proinde
422 834 554 916 superbe
582 843 613 896 et
634 834 729 912 falso,
763 854 803 899 ne
838 833 940 895 dicam
968 831 1032 893 blas·

123 919 235 1001 phome
255 917 381 996 iactant,
403 937 471 978 sese
492 918 525 978 in
550 916 662 998 Spiritu
680 924 789 979 sancto
813 916 954 999 legitime
975 934 1032 977 oon·

123 1008 270 1084 gregatos
293 1019 371 1061 esse.

115 1110 118 1121 ·
184 1088 231 1147 17.
254 1081 329 1157 ouis
351 1101 407 1144 eos
429 1089 483 1143 aut
503 1102 561 1144 nos
579 1090 679 1145 certos
701 1083 786 1163 facit,
809 1081 895 1162 quod
920 1081 1033 1163 Spiritus

123 1173 248 1227 sanctus
281 1165 320 1225 ad
351 1184 456 1227 eorum
491 1168 768 1249 congregationem
794 1166 980 1227 necessario
1004 1164 1034 1222 sit

124 1249 177 1311 alli
219 1255 278 1311 tus.

178 1269 237 1396 812.
261 1331 450 1412 Congregari
472 1330 562 1392 facile
585 1335 647 1408 est,
670 1329 778 1391 sedin
801 1330 920 1412 Spiritu
943 1335 1034 1390 sanato

125 1415 309 1497 congregari
340 1432 404 1491 non
433 1420 579 1495 possunt,
608 1414 667 1474 nisi
699 1414 918 1494 apostolorum
946 1411 1036 1474 funda·

125 1505 261 1558 mentum
284 1497 379 1557 secuti
401 1515 464 1558 non
487 1515 558 1558 suas
580 1497 794 1578 cogitationes,
819 1497 875 1559 sed
893 1495 965 1558 fidei
979 1514 1037 1556 ana·

124 1581 238 1665 logiam
262 1578 475 1660 uaaanntl).

188 1665 236 1728 19.
258 1659 327 1724 Hoc
348 1666 432 1724 recte
454 1662 569 1742 dicunt,
592 1662 675 1744 quod
696 1668 935 1742 repraesentent
956 1661 1038 1722 eccle·

126 1746 203 1827 siapn
226 1746 449 1824 universalem,
471 1765 533 1808 non
557 1748 639 1807 enim
660 1746 837 1808 necessario
861 1752 936 1809 sunt
956 1744 1039 1806 eccls-

127 1830 183 1910 sia',
205 1827 261 1889 sed
283 1829 408 1910 saepius
429 1834 664 1919 repraesentant
683 1828 849 1890 ecclesiam
871 1835 999 1890 tantum.

189 1913 240 1977 20.
270 1909 357 1972 Etsi
379 1917 497 1972 tantum
518 1918 753 1997 repraesentant
774 1912 960 1990 ecclesiam,
980 1918 1042 1970 tunc

129 2001 201 2055 sunt
224 1994 372 2074 ecclesia,
394 1995 473 2055 siout
493 1994 587 2058 homo
609 1997 709 2077 pictus
732 1995 913 2072 esthamo,
943 1995 974 2055 id
995 1999 1041 2069 est

62 2107 66 2117 s
126 2084 246 2139 tantum
267 2085 514 2159 repraesentans.

188 2163 239 2225 21.
268 2159 358 2236 Quod
381 2162 406 2220 si
428 2160 543 2241 aliquid
566 2160 697 2242 amplius
718 2167 789 2221 sunt
815 2160 865 2237 (id
890 2167 953 2239 est,
981 2178 1042 2220 vera

129 2244 292 2320 ecclesia),
315 2244 376 2304 hoc
397 2243 432 2304 fit
454 2263 526 2305 casu
551 2247 602 2322 (ut
623 2244 831 2322 dictumest),
853 2263 920 2330 non
943 2245 1043 2305 virtuts

128 2328 390 2407 repraesentantis
414 2327 575 2388 ecclesiae.

189 2411 239 2473 22.
269 2408 434 2470 Testantur
460 2410 622 2489 historiae,
658 2411 780 2491 saepius
804 2410 943 2471 concilia
964 2411 1045 2470 fuisse

129 2493 295 2557 ecclesiam
318 2498 435 2554 tantum
457 2499 761 2575 repraesentantem,
782 2512 854 2554 raro
879 2513 987 2555 veram
1007 2511 1044 2553 ec·

130 2578 268 2644 clesia‘m.

191 2663 242 2725 23.
271 2659 337 2720 Imo
374 2659 539 2719 concilium
580 2667 628 2722 est
659 2678 781 2741 semper
814 2665 1045 2741 repraesentans

130 2744 277 2819 eeclesia,
310 2761 366 2823 per
389 2761 423 2803 se
444 2742 617 2823 loquendo,
654 2741 708 2804 sed
738 2762 794 2823 per
824 2743 977 2805 accidens
1010 2746 1047 2802 est

129 2821 262 2887 ecclesia
283 2844 364 2886 vera.

190 2909 241 2971 24.
263 2907 362 2969 Nemo
375 2908 467 2988 igitur
479 2914 599 2969 tenetur
613 2907 737 2968 credere
752 2906 888 2969 decretis
904 2909 1046 2970 ecclesiae

128 2992 420 3071 repraesentativae,
442 2990 474 3051 id
496 2998 551 3070 est,
576 2989 733 3067 conciliis,
755 2990 815 3051 nisi
838 2993 1046 3073 apostolorum

130 3075 285 3154 scripturis
306 3073 443 3134 iudicent
463 3081 495 3134 et
517 3075 690 3155 loquantur,
713 3073 796 3153 quod
818 3072 854 3135 fit
878 3095 966 3137 casu.

193 3159 242 3222 25.
271 3156 381 3218 Cetera
412 3159 516 3218 omnia
545 3165 615 3218 sunt
640 3175 745 3217 merae
767 3161 1048 3237 repraesentativus

128 3239 289 3317 eeclesiae,
312 3260 366 3300 seu
388 3241 491 3320 pictae
513 3241 675 3318 ecclesiae,
696 3238 824 3319 quibus,
847 3243 876 3301 si
900 3262 967 3304 non
990 3246 1050 3302 sunt

129 3322 233 3402 impia,
256 3328 361 3402 potest
380 3323 485 3383 faveri.

192 3408 241 3470 26.
270 3405 310 3465 Et
331 3407 455 3485 ipsimet
477 3406 599 3487 dicunt,
624 3404 706 3484 quod
730 3425 810 3465 unus
832 3406 933 3469 homo
958 3414 1051 3490 potest

129 3489 185 3547 toti
208 3487 339 3549 concilio
363 3488 586 3567 contradicere,
609 3491 634 3548 si
657 3487 817 3549 meliorem
834 3492 995 3552 rationem
1008 3498 1053 3551 aut

129 3573 309 3652 scripturam
332 3570 481 3632 habuerit.

185 3748 216 3820 1)
237 3749 268 3803 In
287 3749 331 3802 ed.
351 3750 432 3805 1558:
452 3751 639 3803 tractaverint.
