2346 4208
167 270 210 337 85

352 272 462 328 Tsssar.
481 267 595 326 consol.
616 271 650 324 D.
669 270 704 325 tt.
723 268 834 324 butbsri

252 457 401 602 111,ng
447 459 498 538 (In
529 475 567 519 ea
594 458 731 520 editione
763 458 850 520 deest
879 457 1016 539 epistola
1035 457 1083 518 In·

253 544 375 603 theria
417 542 601 604 Friderioum
625 541 800 605 Eileotorem
823 542 925 618 dala.)

252 626 479 688 Tesseradeoas
501 626 711 687 consolatoria
743 645 799 707 pro
828 624 1040 686 laborantibus
1060 630 1086 685 st

254 711 388 771 oneratis
423 708 543 770 Martini
571 709 694 770 Lutheri
727 711 867 790 Augusti.
897 707 1086 771 Vnittsubar·

253 794 367 874 gensis.
409 793 531 871 Lipsiae
554 813 593 853 ex
616 792 740 854 offioina
760 791 1087 854 MelohiorisLottheri.

254 879 345 940 Anno
377 895 396 935 a
430 877 525 936 natali
547 875 720 937 Christiano
744 875 909 937 Millesimo
947 876 1088 956 quingen·

254 961 364 1020 tesimo
387 959 546 1021 vicesimo,
589 957 625 1020 In
648 958 727 1020 fine:
754 958 879 1040 Lipsiae
905 977 946 1019 ox
969 956 1087 1020 offioina

254 1042 429 1102 Malchionis
457 1041 593 1103 Lotlheri
623 1043 714 1103 Anno
745 1063 764 1103 a
799 1042 893 1103 natali
916 1041 1088 1104 Christiano

255 1125 418 1185 Millesimo
438 1127 685 1207 quingentesimo
707 1128 867 1206 vigesimo.
883 1127 914 1189 4.
996 1152 1013 1175 ·=

358 1208 493 1282 (Panner
517 1210 581 1285 Vll,
603 1211 674 1274 213.
696 1231 725 1270 v.
749 1209 777 1271 d.
800 1208 898 1270 Hardt
918 1208 956 1287 ll,
980 1205 1051 1292 68.)

254 1308 482 1370 Tessatadeeas
506 1309 716 1371 oonsolatoria
749 1329 805 1391 pro
827 1307 1042 1378 laborantibus
1063 1315 1089 1370 et

255 1393 389 1453 oneratis
411 1392 446 1452 D.
469 1393 590 1453 Martini
613 1393 736 1471 Lutheri
765 1394 926 1473 Angustia.
962 1391 1088 1456 Witten·

255 1475 380 1558 bergen.
430 1475 464 1535 In
494 1475 570 1535 fine:
606 1476 746 1557 Auguste
776 1478 808 1536 in
841 1475 948 1537 edibus
978 1474 1088 1538 Silvani

256 1556 371 1620 Otmar.
417 1560 509 1620 Anno
532 1559 572 1619 M.
594 1558 631 1620 D.
654 1559 721 1619 XX.
741 1562 771 1621 4.

731 1641 864 1718 (Panaer
884 1640 937 1714 VI,
962 1639 1052 1724 158.)

275 1742 500 1804 Tesseradeoas
524 1740 734 1803 oonsolatoria
755 1761 811 1821 pro
828 1741 1042 1804 laborantibus
1064 1747 1088 1800 et

255 1827 389 1886 oneratis
417 1825 539 1884 Mart-ini
566 1823 689 1885 Lutheri
724 1824 805 1906 Aug.
841 1824 1088 1907 Vuitlenbergen.

243 1907 368 1995 ¹(Tituli
389 1907 513 1989 pagina,
536 1908 621 1966 ouius
643 1908 798 1988 margines
820 1907 926 1968 formis
950 1914 1087 1988 typogra-

195 2037 200 2053 .
254 1991 352 2072 phiois
375 2000 446 2050 sunt
469 1991 585 2068 ornati,
618 2010 677 2051 neo
704 2010 816 2051 annum
840 2010 899 2052 neo
920 1989 1029 2053 looum
1049 1991 1088 2050 in·

255 2074 368 2147 dieat).
413 2076 443 2133 ln
467 2071 542 2133 fine:
573 2073 724 2134 Coloniae
745 2075 775 2134 in
799 2073 927 2135 aedibus
949 2072 1087 2135 Euoharii

256 2157 443 2217 Cervioorni.
487 2156 579 2216 Anno
602 2157 732 2237 virginei
753 2164 867 2238 partus.
903 2156 944 2217 M.
968 2156 1005 2221 D.
1029 2155 1087 2217 XX.

258 2238 420 2318 (Bibliolh.
444 2240 518 2318 reip.
540 2238 695 2315 Norimb.)

276 2320 500 2382 Tessaradeoas
535 2322 752 2383 Consolatoria
796 2342 851 2402 pro
884 2320 1088 2383 laborantibus

255 2411 286 2464 et
314 2406 448 2464 oneratis
477 2403 563 2466 Mart.
587 2404 675 2467 Luth.
705 2406 834 2485 August.
880 2403 1088 2486 Wittebergse

341 2571 476 2647 (Panzer
497 2570 548 2648 lx,
571 2571 620 2635 80.
643 2591 671 2632 v.
695 2569 724 2630 d.
746 2568 844 2629 Hardt
864 2570 905 2630 111
929 2590 959 2652 p.
983 2574 1051 2646 56.)

275 2671 500 2732 Tessatadeoas
523 2669 732 2731 consolatoria
753 2689 810 2750 pro
829 2670 1042 2732 laborantibus
1063 2678 1088 2730 et

254 2755 389 2814 oneratis
411 2755 533 2816 Martini
554 2754 689 2814 Lutherii
717 2753 858 2833 Augusti.
907 2751 1088 2828 Wittenber·

254 2838 358 2917 gensis
382 2839 425 2915 (s.
448 2837 468 2897 l.
491 2844 521 2897 et
538 2843 652 2912 anno).
694 2837 728 2896 ln
758 2835 819 2896 fine
836 2835 981 2915 Epistola
1002 2835 1089 2899 Udal·

254 2921 308 2980 riei
329 2919 484 3001 Hugualdi
505 2920 620 3000 Durgei
643 2920 764 2999 legitur,
787 2919 976 2999 subscripta:
1011 2920 1088 2981 Basi-

119 2997 121 3002 ’
255 3003 321 3064 leae
354 3002 456 3064 Anno.
481 3002 565 3081 xxi,
594 3002 624 3065 4.
672 3001 773 3062 Etiam
809 3003 839 3062 in
867 3001 927 3062 hao
956 3002 1089 3065 editione

255 3085 387 3166 epistola
409 3086 530 3146 Lutheri
576 3085 614 3145 ad
660 3084 836 3145 Electorem
879 3084 952 3145 data
996 3085 1088 3148 deest.

730 3167 864 3242 (Panner
885 3167 936 3245 lx,
959 3171 1052 3245 399).

274 3267 533 3328 Thessaradeoas
555 3268 765 3339 consolatoria
786 3287 842 3348 pro
879 3266 1089 3331 laborantibus

253 3357 285 3410 et
313 3352 448 3412 oneratis
478 3351 514 3411 D.
539 3350 624 3411 Mart.
648 3350 781 3413 Lutheri.
832 3350 881 3411 Ad
902 3351 1088 3414 Friderioum

253 3434 408 3495 Saxoniae
430 3435 546 3495 Ducem
569 3433 753 3498 Electorem.
799 3434 874 3494 Ourn
897 3452 983 3497 nova
1005 3453 1090 3517 prae

254 3516 371 3578 satione
392 3517 525 3580 Lutheri.
547 3515 674 3580 Witteb.
700 3518 790 3595 1535,
811 3519 841 3583 8.

602 3602 649 3677 (v.
672 3599 701 3660 d.
723 3597 822 3664 Hardt
841 3598 882 3662 Π]
903 3620 933 3680 p.
957 3602 1050 3679 252.)

273 3698 510 3761 Tesseradeoas
533 3699 751 3761 Consolatoria
786 3719 843 3779 pro
866 3699 1091 3766 Laborantibus

254 3789 287 3843 ot
308 3782 507 3846 onerantibus
542 3784 605 3862 (sio
626 3802 697 3864 pro:
728 3784 879 3862 oneratis)
909 3783 947 3850 D.
970 3785 1092 3850 Martini
