2346 4208
207 291 271 358 406
516 291 676 362 Disputatio
693 291 727 345 o.
746 290 784 349 Ι.
803 291 836 346 b·

209 483 315 542 timum
338 480 437 540 virum
459 477 687 560 sigismundum
710 478 895 561 Caesarem,
921 488 955 541 ut
977 477 1112 541 deindein

206 565 290 627 omni
312 582 346 624 re
365 563 455 623 merit
474 562 713 622 infelicissimus.

268 667 318 730 38.
340 664 438 744 Finge
449 662 601 722 Christum
615 662 777 741 reliquisse
789 662 926 725 liberam
940 664 990 729 vel
1004 664 1115 740 alteram,

206 748 258 808 vel
280 758 441 824 utramque
465 746 610 824 speeiem,
634 765 696 806 non
719 745 896 808 instituisse
915 744 1094 828 utramque.¹

269 849 318 912 39.
341 846 459 908 Tamen
481 845 565 906 firror
588 856 670 907 esset
683 845 852 926 prohibere
871 855 903 909 et
923 847 1118 924 condemnare,

207 932 290 1013 quod
299 931 437 992 Christus
451 928 800 1010 ipseneoprohibuisset
818 926 1118 1003 nee'aondemnasset

269 1033 319 1095 40.
342 1028 465 1105 Quanto
490 1031 586 1110 magis
608 1030 692 1092 furor
712 1031 851 1093 furorum
878 1041 947 1111 ast,
979 1032 1120 1114 probibere

207 1122 239 1175 et
260 1112 469 1175 condemnare
490 1112 536 1188 id,
566 1113 649 1192 quod
679 1115 758 1177 auius
788 1122 878 1177 serto
912 1117 1014 1181 Deum
1041 1117 1119 1196 ipsun

206 1199 398 1341 idrrinpsesresona
426 1197 553 1277 propria
587 1205 618 1257 et
645 1195 825 1258 immediata
855 1203 1007 1263 statuisse
1035 1206 1064 1262 et
1086 1218 1119 1299 oe

249 1381 300 1443 41.
322 1379 393 1440 Non
416 1378 497 1440 enim
520 1378 691 1442 hierimita
719 1379 785 1440 dari
819 1387 948 1460 potest,
984 1382 1065 1462 quod
1083 1400 1120 1442 ae

209 1463 305 1523 alesia
327 1461 493 1541 aliquando
518 1462 666 1542 pleraque
688 1464 808 1541 eremit,
831 1483 916 1542 quae
940 1473 1052 1546 postea
1071 1484 1121 1524 rur-

210 1548 296 1624 tavit‚
319 1553 352 1606 ut
374 1563 454 1624 quae
475 1546 588 1605 fuerint
608 1547 704 1607 libera
727 1554 757 1607 et
777 1548 808 1606 in
833 1544 905 1608 eius
931 1554 1092 1628 potestate.

269 1647 321 1710 42.
344 1645 404 1706 Hie
425 1654 527 1706 autem
549 1647 618 1724 ipse
640 1645 790 1707 Dominus
811 1646 937 1726 gloriae
962 1657 1028 1727 est,
1055 1649 1123 1709 enim

209 1730 360 1791 institutio
383 1748 446 1790 nou
470 1729 569 1789 estin
592 1735 746 1808 potestate
769 1729 944 1811 eeclesiae,
979 1732 1067 1792 Huno
1085 1750 1124 1791 an-

209 1813 282 1890 dita,
305 1812 383 1873 dixit
403 1812 465 1890 ille,
491 1813 541 1890 qui
563 1812 683 1890 quaerit
705 1820 736 1872 et
751 1812 883 1874 iudiaat.

270 1899 319 1960 43.
343 1896 409 1956 Neo
431 1901 478 1956 est
501 1895 599 1954 simile
626 1902 676 1970 (nt
697 1897 775 1955 asini
805 1896 857 1955 isti
882 1896 1034 1981 iactant),
1057 1895 1126 1977 qnod

210 1980 347 2041 Christus
376 1979 497 2059 vesperi
525 1987 674 2038 coenatus
704 1979 871 2040 instituerit
899 1993 1126 2054 sacramentnm,

209 2070 240 2124 et
263 2071 365 2122 tamen
388 2068 461 2141 post
483 2061 616 2121 eeclesia
637 2061 771 2122 diluenlo
801 2062 914 2123 ieiunis
947 2064 1125 2125 ministrarit.

271 2145 322 2208 44.
345 2145 424 2204 Nam
458 2144 594 2206 Christus
630 2163 692 2204 non
734 2145 875 2226 alligavit
910 2155 1125 2207 sacramentum

210 2229 340 2306 tempori
362 2234 417 2286 aut
437 2226 533 2306 loeis,
565 2225 620 2286 sed
648 2227 745 2288 libera
765 2229 828 2290 ista
851 2231 980 2312 statuit,
1016 2231 1124 2290 disens:

210 2311 462 2388 Quotiescunque
484 2311 627 2373 feceritis.

271 2393 320 2457 45.
345 2392 553 2453 Substantiam
591 2412 668 2453 vero
711 2394 811 2472 ipsam
855 2399 1046 2456 samamenti
1082 2414 1124 2453 seu

209 2486 369 2555 utramque
391 2478 526 2556 speeiem
549 2496 611 2536 non
625 2477 730 2536 statuit
743 2475 880 2554 liberam,
904 2479 1062 2539 ecelesiae
1080 2497 1124 2536 seu

209 2561 303 2621 asinis
327 2567 357 2620 et
378 2561 480 2640 porois
502 2561 568 2618 istis
585 2560 774 2636 mutabilem,
795 2559 861 2638 aed,
884 2561 948 2620 hoo
969 2562 1071 2639 sapite,
1090 2563 1123 2619 in·

213 2645 287 2722 quit,
309 2663 373 2703 rem
396 2644 553 2722 praesepti
575 2642 772 2702 immutabilis
796 2661 865 2702 esse
889 2643 1013 2707 volens.

273 2729 321 2790 46.
344 2726 428 2786 Idem
452 2725 614 2785 dicendum
638 2725 736 2786 estde
750 2725 902 2786 suffocato
927 2729 1125 2808 etsanguine,

208 2809 276 2871 Aet.
302 2813 367 2888 15„
397 2829 475 2888 quae
504 2815 615 2888 postea
638 2816 754 2869 mutata
776 2816 861 2887 sunt,
896 2811 972 2888 qnia
994 2811 1124 2892 gentibus

208 2891 304 2952 libera
325 2892 447 2952 fuerunt
468 2899 550 2952 ante.

270 2975 320 3039 47.
344 2976 521 3037 Substantia
543 2993 616 3034 vero
646 2974 760 3035 decreti
789 2975 956 3057 apostolici
986 2977 1123 3037 haetenus

209 3057 329 3118 duravit
350 3060 514 3135 inviolata,
549 3057 682 3134 scilieet,
716 3058 799 3136 quod
827 3067 938 3138 gentes
968 3059 1031 3121 tide
1053 3059 1123 3120 iusti·

209 3139 320 3202 flaatae
343 3143 420 3221 legis
444 3141 588 3202 oneribus
611 3159 672 3200 non
696 3148 801 3200 essent
820 3140 1006 3203 turbandae.

271 3227 320 3288 48.
344 3223 484 3303 Summa,
522 3224 637 3284 nullum
668 3225 842 3302 exemplum
872 3226 1044 3288 ostendere
1065 3244 1124 3307 pos·

208 3315 295 3387 sunt,
330 3310 361 3367 in
384 3326 445 3386 quo
468 3308 601 3367 ecelesia
623 3308 786 3367 mutaverit
808 3307 900 3367 ullam
925 3307 1064 3371 divinam
1086 3329 1123 3370 or-

207 3390 407 3452 dinationem.

270 3475 321 3539 49.
343 3475 422 3553 Ipsi,
444 3480 476 3532 ut
498 3479 569 3534 sunt
589 3474 692 3534 furore
713 3473 828 3535 diaboli
850 3476 977 3555 perciti,
1014 3475 1123 3538 temeri·

207 3563 271 3618 tate
293 3577 376 3618 mera
397 3557 473 3617 talia
484 3557 629 3637 exempla
644 3557 762 3638 tingere
783 3558 908 3634 audent,
931 3559 1123 3621 ostendentes

206 3640 265 3701 huo
299 3661 332 3701 re
365 3659 436 3700 suas
466 3641 595 3700 eximias
625 3642 763 3702 inscitias
791 3644 823 3703 et
849 3641 1029 3722 Scripturas
1058 3662 1121 3705 oon·

205 3730 362 3805 temptum.
818 3740 820 3747 ⁴

64 3782 147 3944 ἱ
222 3834 225 3847 ·
266 3811 318 3881 50.
339 3805 493 3877 Eiusdem
522 3807 694 3888 supientiae
725 3815 798 3868 sunt
826 3806 1054 3885 quidhomimas
1081 3828 1118 3871 ru·
