2346 4208
351 264 436 320 super
450 251 803 321 superaffluentem
1002 249 1043 317 bu

122 434 173 497 los
211 433 292 514 (nee
324 436 408 497 enim
440 456 549 499 omnes
583 443 614 498 ta
653 436 822 517 toabunt),
858 438 911 517 qui
936 439 1047 520 minut,

123 516 200 597 quid
234 518 275 578 sit
305 519 442 582 sinoerns
473 525 507 581 et
543 527 666 601 apertus
702 521 839 583 veritatis
871 521 1044 600 inquisitor,

124 618 233 661 eoram
253 601 365 680 quibus
396 602 475 664 liaeo
496 610 567 664 tune
589 604 773 665 sinnaritatis
794 605 942 665 iaetantia
963 605 1046 667 omni

122 684 165 745 sit
186 683 315 765 Mephiti
342 686 596 766 graveolentiori
632 685 701 748 Hos
723 693 784 765 est,
815 686 897 766 quod
919 693 1047 767 repente

123 786 250 829 oausam
272 767 335 829 alio
357 771 500 849 rapuisti,
522 769 561 832 de
581 770 679 834 libero
701 770 827 832 arbitrio
847 770 887 831 ad
909 771 1046 833 estivita-

85 919 87 924 ,
122 857 187 912 tem
215 849 304 912 liberi
331 851 462 932 arbitrii,
497 852 550 914 hui
577 871 668 933 quam
690 854 896 918 neeessariam
918 852 958 914 ed
974 873 1046 934 per·

122 931 259 995 dendum
283 939 405 1016 tempus
428 937 652 1016 quaestionem.

207 1015 297 1078 Nune
308 1017 431 1079 demum
451 1018 602 1099 intelligo,
625 1019 697 1099 quid
718 1020 767 1093 sit,
790 1019 873 1099 quod
892 1018 1046 1082 soribdudi

122 1099 283 1180 negotium
305 1120 428 1183 semper
450 1102 660 1180 exhorrueris,
680 1101 929 1163 honestissiman
949 1101 1047 1183 hypo-

123 1182 218 1244 orisie
240 1190 448 1260 sommentus,
481 1191 513 1246 te
541 1204 603 1246 non
632 1204 736 1247 amare
757 1185 931 1247 aaulaatum
953 1186 1047 1266 sarip-

122 1266 218 1327 tionis
239 1285 356 1346 genus,
389 1287 512 1348 semper
538 1275 641 1330 autem
669 1269 849 1348 provooaris
878 1267 919 1329 ed
940 1267 1046 1349 dispu-

122 1349 288 1426 tationem,
321 1350 466 1433 sedeam
489 1370 579 1430 quam
601 1357 765 1430 exeeptam
793 1369 855 1413 nou
878 1351 971 1415 liaeat
991 1351 1046 1415 sub

123 1430 207 1493 orbis
229 1431 372 1493 inditium
396 1433 505 1511 edere,
532 1436 592 1495 nisi
613 1433 765 1495 iuditibus
786 1433 841 1495 tibi
862 1433 995 1514 planitia,
1016 1440 1048 1496 et

122 1515 154 1575 vi
177 1516 307 1577 extortis
320 1515 495 1595 iudieatam,
518 1524 642 1598 paratus
665 1516 784 1578 soilioet
796 1515 856 1577 lrao
872 1515 1048 1597 disputandi

91 1619 94 1624 ·
122 1597 245 1659 ratione
272 1597 423 1681 Galliam,
444 1598 578 1678 Italiam,
600 1600 813 1678 Germaniam,
835 1599 915 1661 forte
936 1607 968 1661 et
986 1600 1047 1661 De·

123 1681 247 1743 moeniti
267 1680 417 1760 mundos,
450 1684 476 1744 si
502 1683 585 1744 hune
611 1684 679 1763 quis
699 1687 825 1743 ruousat
843 1681 886 1765 1),
920 1681 1046 1745 offerre:

124 1762 253 1841 sailieet,
275 1765 359 1844 quod
381 1766 426 1826 sio
438 1765 623 1847 disputando
638 1766 721 1827 noris
740 1783 800 1826 neo
822 1764 1047 1844 deliberationi,

124 1865 185 1907 neo
205 1845 384 1928 diligentiae
411 1849 514 1910 looum
537 1869 622 1928 esse,
655 1867 731 1928 quas
759 1854 792 1909 tu
818 1849 851 1909 in
872 1846 1049 1928 quaerenda

125 1930 257 1993 veritate
296 1931 520 1993 sincerissimus
552 1934 599 1993 vir
629 1950 751 2012 semper
773 1937 951 2011 suspeotss,
982 1933 1046 1992 imo

124 2013 236 2074 noxias
259 2012 353 2077 dueis.
389 2014 430 2075 Et
450 2014 627 2077 faoillirnum
646 2034 725 2094 esse,
748 2015 866 2075 usitatis
888 2013 1048 2076 venabulis

124 2095 259 2156 alienam
288 2095 435 2178 effingere
464 2097 735 2179 significationem,
768 2112 860 2176 quam
887 2096 939 2159 ubi
962 2114 1047 2177 prae·

125 2178 270 2240 sedentia
302 2188 333 2240 et
370 2181 532 2258 sequentia
563 2201 626 2242 non
661 2181 754 2243 lineat
787 2180 943 2254 conferre,
983 2186 1047 2241 mm

126 2278 221 2323 osnes
253 2261 355 2324 subito
389 2263 428 2324 ed
451 2265 527 2325 alias
554 2284 604 2325 res
625 2271 730 2344 rapta,
768 2261 979 2324 difficillimum
1011 2263 1050 2323 sit

125 2343 301 2419 observare,
323 2348 502 2425 praesertim
522 2348 574 2408 ubi
595 2347 625 2407 id
647 2348 757 2427 agitur,
780 2347 885 2426 speeie
903 2345 1050 2423 adhibite,

126 2446 167 2487 ne
189 2427 355 2489 observare
388 2430 454 2509 quis
488 2429 601 2491 debeat
631 2448 669 2490 ae
689 2431 798 2509 possit,
821 2429 905 2490 lalsis
927 2429 1049 2490 interim

126 2518 190 2571 tum
212 2510 412 2586 auditoribus,
436 2518 499 2573 turn
521 2509 671 2572 indicibus
689 2513 872 2572 sinceritatis
893 2513 1050 2588 iaetantia,

126 2590 210 2672 quod
224 2595 361 2656 veritatis
384 2595 555 2675 perieulum
575 2602 607 2655 et
627 2595 826 2675 impiissimae
848 2595 1050 2656 simulationis

126 2674 308 2738 seandalum
340 2679 372 2736 in
407 2678 570 2740 scribendo
604 2697 711 2757 parum
746 2676 876 2738 felieiter
911 2679 950 2737 sit
983 2694 1050 2757 pre

127 2776 295 2821 sessurum.

209 2842 280 2904 Una
307 2844 400 2925 igitur
421 2845 475 2907 tibi
501 2844 580 2905 ratio
602 2848 650 2904 est
671 2841 867 2922 quaerendas
903 2841 1051 2922 veritatis,

126 2927 349 3006 praeeipitetae
373 2925 587 3007 disputationis
618 2926 768 2988 eoniusio.
812 2923 887 3000 Quis
916 2942 1051 3004 unquam

127 3013 162 3069 et
180 3008 243 3070 boo
273 3009 478 3071 intellexisset
507 3029 576 3071 esse
598 3010 757 3071 ueritatem
780 3027 885 3070 amare
907 3013 938 3069 et
960 3025 1051 3087 quae·

126 3109 208 3170 rere,
228 3093 288 3152 nisi
309 3099 341 3153 tn
364 3112 464 3160 novus
486 3093 650 3154 verborum
667 3092 885 3173 grammaticus
907 3109 976 3151 aum
999 3095 1052 3151 tua

127 3174 264 3236 faotione
285 3176 329 3235 ita
351 3174 499 3237 doceres?
528 3175 617 3239 Adeo
639 3182 722 3238 totus
743 3194 778 3237 es
799 3173 884 3236 fiotio
907 3180 938 3234 et
959 3174 1052 3234 simu-

126 3256 213 3319 letio.
257 3259 398 3338 Denique
425 3261 455 3320 in
479 3265 545 3321 tote
565 3261 625 3321 ista
647 3258 870 3339 expurgatione
891 3256 956 3318 lere
976 3254 1052 3317 nihil

127 3358 193 3403 non
216 3341 358 3419 simulas,
388 3350 518 3422 excepta
538 3343 655 3402 furiosa
676 3342 904 3416 criminatione,
926 3339 1000 3400 lieet
1020 3343 1052 3400 et

127 3423 201 3485 lrtsie
221 3424 398 3504 penieulum
416 3425 583 3494 ,simulatae
605 3425 777 3487 modestiae
800 3421 947 3485 adhibeas
959 3419 1003 3503 ²).

173 3544 176 3551 ·
212 3507 364 3569 Dixerunt
399 3508 474 3570 mihi
508 3515 582 3570 ante
604 3507 842 3589 disputationem
865 3505 979 3587 insigni
1000 3522 1052 3564 au·

203 3759 236 3832 1)
255 3762 288 3815 Iu
307 3760 350 3815 ed.
369 3759 446 3816 dem:
466 3762 595 3832 requiret.
643 3760 677 3827 2)
699 3759 780 3817 llud:
798 3737 945 3815 adhibitus.
