2346 4208
167 260 231 338 ⁴142
432 275 476 330 lv.
502 275 619 331 ‘conso
639 276 671 330 D.
691 276 824 330 itsLuth.
837 283 857 308 ”·

169 461 207 519 tis
238 472 308 521 esse
338 469 445 540 putant
473 465 640 542 sumpsisse
672 470 923 535 sacramentum,
951 469 1093 521 ceterum·

168 550 297 624 operum
321 547 454 605 caritatis
477 547 590 606 nullam
615 566 739 626 prorsus
762 553 858 626 agant
876 560 990 604 curam.

220 635 223 645 ⁸
251 645 385 705 Necesse
420 655 478 711 est,
516 654 548 707 ut
576 665 701 727 prorsus
729 645 913 724 immuteris,
947 654 976 704 et
999 647 1089 787 sipon

95 772 97 783 .
168 730 303 790 mutatae
337 732 417 789 vitae
451 732 480 788 in
504 729 676 790 actionibus
706 736 736 788 et
758 729 892 788 moribus
917 729 976 787 tuis
1000 749 1017 786 e
1041 743 1085 787 as.

166 809 202 870 td
225 814 304 872 enim
330 813 354 872 si
377 811 439 888 fiat,
463 821 576 872 certum
606 821 653 873 est
674 817 899 893 argumentum,
924 811 1021 870 Deum
1045 818 1087 870 te-

162 913 235 958 cum
259 912 343 972 esse,
380 902 410 955 et
443 895 640 956 confirmatur
668 898 712 954 sic
741 894 816 954 fides
841 903 891 954 tua
921 914 957 954 ac
979 908 1087 954 secura

166 964 311 1038 rbdditur.
356 978 423 1038 Hoc
446 980 526 1038 enim
551 987 635 1039 certo
660 980 802 1055 sentitur,
825 988 939 1038 numa
962 980 1085 1058 sumpt'o

167 1070 360 1133 sacramento
384 1062 528 1140 quietior,
558 1072 589 1122 et
611 1061 813 1121 confidentior
844 1080 966 1140 quoque
988 1060 1087 1120 faetus

167 1145 213 1204 sit·
228 1147 356 1204 animus.
401 1145 478 1204 Nam
501 1153 593 1206 antea
616 1164 706 1223 quam
729 1147 858 1224 primum
882 1141 1002 1205 subibat
1021 1145 1086 1203 ani·

167 1240 248 1288 mum
269 1228 320 1287 vel·
341 1230 447 1288 mortis
471 1229 519 1287 vel
542 1235 741 1308 peccatorum
765 1228 874 1304 facies,
896 1235 958 1286 tum
982 1228 1085 1286 statim

165 1312 286 1372 territus
309 1313 439 1402 animus,
462 1330 523 1390 quo
546 1330 579 1370 se
601 1306 742 1389 verteret,
767 1310 932 1371 nesciebat.

190 1411 209 1421 ”
248 1411 311 1471 Eos
335 1419 476 1484 terrores,
500 1413 609 1481 sinon
633 1412 764 1490 amplius
788 1414 973 1488 scutisque
996 1416 1086 1490 putes

164 1491 196 1553 id
220 1494 360 1555 accidere
384 1501 437 1556 tua
454 1495 584 1574 quadam
602 1497 641 1574 vi,
664 1495 763 1554 maior
786 1512 822 1554 ea
844 1514 892 1554 res
915 1501 971 1570 est,
994 1512 1086 1572 quam

166 1586 246 1663 quae
278 1578 419 1638 humanis
455 1587 579 1658 paretur
601 1576 743 1638 viribus·
767 1577 874 1657 Neque
908 1577 989 1637 enim
1014 1591 1086 1635 ante

142 1653 226 1736 ‘boc
250 1661 395 1741 seculum,
420 1681 486 1721 cum
511 1660 622 1722 uostris
646 1661 752 1720 studiis
775 1669 805 1720 et
827 1659 1086 1720 satisfactionibus

166 1762 223 1804 nos
246 1746 501 1821 excruciaremus,
524 1745 684 1824 pervenire
707 1762 744 1804 eo
769 1744 857 1803 nobis
882 1743 974 1802 licuit.
1012 1740 1086 1802 Sen-

166 1828 213 1888 tiri
237 1836 267 1887 et
288 1827 342 1888 ilia
364 1835 508 1906 possunt,
547 1847 584 1887 an
608 1846 692 1904 eum,
733 1828 783 1906 qui
811 1835 840 1886 te
864 1825 1002 1902 offendit,
1025 1827 1084 1884 iam

164 1922 263 1988 ames,
287 1931 326 1971 an
351 1913 416 1970 eius
440 1912 622 1988 miserearis,
646 1913 695 1988 qui
718 1912 748 1968 in
771 1909 905 1988 aliquam
929 1908 1085 1969 calamita-

164 1997 227 2054 tc'm
250 2000 297 2054 est
319 1995 492 2069 coniectus,
524 1996 597 2056 item
621 2013 693 2052 num
722 1994 842 2072 privata
871 1994 931 2051 vita
962 1993 1001 2051 sit
1029 1990 1085 2051 ali·

163 2084 278 2155 quanto
302 2077 420 2136 redditu
443 2078 587 2138 sanctior.

246 2175 336 2251 Quod
369 2179 393 2236 si
416 2176 490 2236 nihil
514 2178 644 2238 istorum
670 2177 802 2255 sennes,
837 2177 935 2235 oratio
968 2174 1086 2255 reliqua

164 2268 228 2342 est,
243 2259 302 2336 qua
325 2257 391 2320 Deo
415 2259 453 2319 de
476 2267 527 2319 tua
550 2262 672 2320 miseria
695 2260 901 2338 conqueraris,
925 2265 958 2317 ut
979 2259 1005 2318 is
1029 2277 1085 2318 suo

164 2342 270 2420 spiritu
293 2336 460 2402 infirmitati
484 2349 555 2402 tuae
578 2342 743 2404 medeatur.
786 2343 864 2401 Nam
889 2360 958 2400 cum
981 2340 1083 2400 nullus

163 2431 302 2484 nostrum
325 2427 362 2484 sit
379 2428 542 2505 pert'ectuS,
565 2446 719 2504 nunquam
745 2444 866 2485 cessare
889 2425 927 2484 ab
945 2425 1086 2484 orations

162 2523 220 2569 nos
244 2511 398 2569 convenit.
443 2511 545 2587 Atque
567 2510 644 2569 haec
667 2510 705 2568 de
729 2514 922 2568 sacramento
946 2509 1084 2586 corporis

164 2597 195 2651 ct
216 2592 372 2672 sanguinis
396 2593 505 2654 Christi
528 2595 589 2651 iam
613 2591 774 2651 sufficiant.

581 2676 671 2738 Finis.

246 2879 298 2936 tv.
337 2879 487 2936 Concio
511 2875 711 2950 Quomodo
735 2877 784 2932 sit
807 2874 1000 2932 orandum.

248 3029 378 3091 Primum
403 3031 538 3090 omnium
562 3030 623 3090 duo
645 3030 839 3108 requiruntur
860 3028 899 3088 ad
922 3045 1024 3087 veram
1049 3045 1086 3086 ac

164 3115 232 3176 Deo
256 3121 373 3196 gratam
398 3114 590 3189 orationem,
614 3130 692 3193 quae
715 3116 799 3172 certo
821 3110 882 3170 hoc
904 3109 986 3189 quod
1008 3113 1087 3190 petit

164 3200 369 3277 consequitur.
416 3196 552 3256 Alterum
578 3203 640 3272 est,
663 3203 696 3254 nt
718 3193 886 3254 habeamus
908 3195 1085 3273 promissio-

163 3301 236 3342 nem
259 3281 332 3359 Dei,
356 3281 495 3354 alterum,
518 3288 549 3338 ut
573 3279 611 3338 de
633 3278 687 3338 illa
707 3278 913 3357 promissione
936 3277 1010 3336 nihil
1033 3277 1085 3335 du-

165 3364 304 3425 bitemus.
355 3364 484 3443 Oportet
517 3370 618 3422 autem
653 3381 719 3421 eam
754 3361 990 3439 promissionem
1027 3361 1084 3418 Dei

164 3450 224 3508 iem
254 3455 326 3508 ante
354 3446 434 3507 bene
461 3445 639 3506 meditatam
664 3463 748 3517 esse,
784 3452 817 3502 ut
838 3444 951 3502 oraturi
986 3442 1024 3500 de
1048 3462 1086 3502 ea

164 3531 476 3592 commonefaciamus
502 3530 617 3604 Deum,
641 3536 703 3586 tum
727 3527 858 3586 futurum
882 3533 946 3603 est,
979 3533 1011 3584 ut
1032 3525 1086 3584 itis

164 3616 284 3675 ratione
323 3632 380 3672 nos
415 3615 584 3672 excitemur
612 3611 650 3671 ad
684 3609 888 3670 confidentius
923 3608 1085 3669 orandum.

165 3696 231 3758 Nisi
255 3699 334 3757 enim
355 3696 500 3756 divinitus
525 3694 702 3755 mandatum
724 3692 764 3753 ad
786 3692 935 3752 orandum
957 3691 1086 3752 habere·

163 3794 241 3861 mus,
264 3781 327 3843 nisi
343 3782 416 3840 item
430 3780 623 3862 promisisset
636 3778 719 3837 Deus
731 3795 765 3837 se
786 3794 844 3863 nos
860 3774 1084 3854 exauditurum,
