2346 4208
350 39 481 91 aionem
503 40 535 90 et
556 39 693 90 valorem
706 39 749 106 ι).

433 111 594 190 Secundo,
616 112 780 172 eeatesiam
802 113 864 173 hoe
884 113 958 173 loeo
977 130 1038 173 neo
1057 110 1171 193 Papam

350 196 481 257 Romam
501 196 624 275 accipit,
645 195 701 255 aed
724 214 781 275 per
793 202 892 257 tntum
910 196 1017 256 orbem
1038 192 1171 255 diffudi

351 279 502 339 umatum
523 280 704 353 eustesium,
735 284 769 339 ut
791 298 864 340 mox
895 276 1010 339 ibidem
1032 276 1171 339 ΜΗ

350 361 524 442 Evangelio
546 364 627 421 enim
651 359 811 423 nathoiieis
836 360 1086 443 praedicantibus
1116 393 1127 410 a
1153 356 1171 406 f

434 444 490 504 Eat
518 463 593 525 ergo
619 454 849 525 argumentum,
880 463 994 524 scopus
1030 450 1064 504 et
1100 487 1104 494 .
1136 446 1153 460 ⁴

351 529 516 609 Augustini
538 546 576 588 eo
598 527 671 588 loco
689 527 855 588 eiusmodi:
875 528 972 588 Vobis
992 526 1168 589 asmata

351 613 455 673 eredo.
498 609 623 686 Quare?
653 613 723 689 quia
754 613 786 670 in
820 610 984 691 evangelio
1011 610 1089 670 nihil
1114 606 1155 671 da

350 695 433 774 lego,
455 713 525 754 oum
547 702 649 754 autern
674 693 818 754 catholici
844 713 903 754 voa
925 713 981 775 per
1001 700 1101 753 totum
1122 710 1166 753 m·

352 777 559 855 detestentur,
593 777 787 857 evangelium
809 786 912 837 autem
934 774 1162 837 commendent·

351 868 382 920 et
410 869 589 920 eonstanter
620 862 733 939 ubique
754 860 947 940 praedioeut‚
978 858 1146 941 evangalio

351 963 412 1005 non
435 942 650 1020 credidissem,
684 945 743 1003 nisi
772 952 854 1003 totus
883 942 965 1003 orbis
983 950 1048 1002 mm

350 1026 466 1087 doeens
492 1027 551 1086 hae
581 1027 746 1087 autoritate
770 1046 826 1086 sna
847 1044 898 1086 me
919 1033 1060 1086 moveret
1079 1024 1123 1085 ad
1153 1063 1164 1074 »Ὶ

350 1110 432 1187 dum,
455 1110 545 1169 simut
566 1109 675 1169 eadem
697 1111 864 1169 autoritate
884 1126 1013 1170 moveor
1031 1108 1074 1169 ad
1094 1126 1169 1171 von

349 1192 552 1269 eredendum,
587 1193 749 1272 quianitril
771 1193 813 1252 de
834 1193 924 1252 vobis
946 1192 1017 1273 tego
1039 1192 1072 1252 in
1102 1219 1126 1243 a*
1164 1227 1166 1240 ι

350 1277 400 1336 oui
419 1284 520 1336 motus
544 1278 708 1335 autoritate
725 1279 820 1335 totius
843 1276 925 1336 orbis
947 1274 1051 1336 oredo.
1092 1274 1171 1353 Ext

349 1359 465 1419 elerum
488 1366 551 1437 est,
585 1358 789 1439 Augustinum
816 1359 879 1418 hoa
899 1358 997 1436 volte,
1033 1374 1160 1437 posso-

348 1441 472 1523 probari
494 1449 598 1503 tanto'
616 1443 753 1502 omnium
777 1460 930 1503 consensu
951 1424 1165 1521 evangelittni¹

349 1526 492 1607 eteniam„
524 1534 557 1587 et
588 1524 753 1605 improbari
781 1525 925 1585 haereses
956 1524 1164 1585 sonnatius-¹¹·

347 1609 544 1686 multitudini,
566 1610 745 1688 praesertim
770 1610 820 1668 ubi
832 1607 915 1686 111²),
936 1626 1005 1667 enm
1027 1606 1154 1687 quibua*

352 1692 447 1752 libros
469 1700 641 1772 acceptant,
663 1710 702 1750 ex
725 1692 836 1770 quibua
856 1691 887 1750 id
909 1689 1064 1771 probatur.
1164 1714 1168 1723 ·

431 1775 528 1836 Hand
545 1793 614 1835 esse
636 1793 759 1835 sensnm
778 1775 810 1840 Β.
823 1775 985 1855 Augustini
1006 1771 1167 1854 putebitq

348 1857 437 1941 tibet,
460 1860 513 1937 qui
521 1856 740 1939 praecedentia
752 1867 783 1918 et
794 1858 955 1937 sequeutia
971 1855 1169 1935 conterunt&

347 1943 771 2023 pumAugustiniobservant.
793 1938 1055 2018 FrustraGeraon,

347 2044 414 2105 ron,
433 2026 544 2086 frustra
554 2031 586 2085 et
598 2025 650 2085 atii
665 2024 725 2087 hoe
734 2025 774 2085 de
786 2025 940 2105 primitiva
950 2022 1093 2101 eoelesia,
1107 2020 1162 2085 att

348 2108 517 2169 elesiaoom
525 2108 646 2169 Christo
654 2109 724 2169 Deo
734 2110 854 2168 inoluso
869 2108 1053 2187 intelligunt.
1074 2104 1165 2167 Nam·

348 2192 487 2253 consess.
500 2192 581 2252 idem
594 2191 676 2271 dicit,
700 2210 734 2252 se
755 2209 818 2252 non
829 2191 940 2251 leviter
960 2195 1079 2250 motum
1100 2186 1143 2249 ad
1168 2252 1171 2261 ,

347 2274 450 2354 fldem,
463 2276 544 2355 quod
554 2276 671 2336 videret
682 2276 777 2335 saeris
789 2276 883 2335 literia
895 2294 915 2334 a
923 2274 990 2334 Deo
1001 2281 1118 2333 tantm

348 2367 409 2420 tam
422 2362 626 2436 autoritatem,
640 2358 723 2438 quod
736 2367 802 2419 toto
815 2358 889 2418 orbe
901 2357 1087 2418 haberentur
1096 2356 1167 2417 in'a

348 2444 519 2504 autoritatis
541 2444 676 2525 fastigio.
719 2443 771 2503 Sia
806 2442 857 2502 hio
885 2440 959 2502 diait
976 2461 1014 2541 se
1036 2444 1162 2511 motum,

385 2617 413 2679 1)
435 2616 464 2668 lu
492 2616 553 2669 edd.
579 2618 680 2685 origin.
706 2615 806 2668 desunt
825 2617 923 2671 verba:
952 2614 1060 2668 Deinde
1085 2628 1135 2684 per
1158 2624 1171 2665 t

348 2694 429 2742 tatem
449 2717 484 2726 -
503 2689 664 2755 opinionem
682 2694 708 2739 et
726 2687 858 2740 valorem.
894 2687 927 2751 2)
947 2687 1033 2741 Ibida
1051 2689 1081 2741 ii.
