<?xml version="1.0" encoding="UTF-8"?>
<!DOCTYPE html PUBLIC "-//W3C//DTD XHTML 1.0 Transitional//EN"
    "http://www.w3.org/TR/xhtml1/DTD/xhtml1-transitional.dtd">
<html xmlns="http://www.w3.org/1999/xhtml" xml:lang="en" lang="en">
 <head>
  <title>
</title>
<meta http-equiv="Content-Type" content="text/html;charset=utf-8" />
  <meta name='ocr-system' content='tesseract 3.04.00' />
  <meta name='ocr-capabilities' content='ocr_page ocr_carea ocr_par ocr_line ocrx_word'/>
</head>
<body>
  <div class='ocr_page' id='page_1' title='image "./dmartinilutheri04luthgoog_0284.png"; bbox 0 0 2346 4208; ppageno 0'>
   <div class='ocr_carea' id='block_1_1' title="bbox 285 240 1002 314">
    <p class='ocr_par' dir='ltr' id='par_1_1' title="bbox 285 240 1002 314">
     <span class='ocr_line' id='line_1_1' title="bbox 285 240 1002 314; baseline 0.011 -20"><span class='ocrx_word' id='word_1_1' title='bbox 285 241 345 313; x_wconf 73' lang='lat' dir='ltr'>orris</span> <span class='ocrx_word' id='word_1_2' title='bbox 365 241 472 310; x_wconf 86' lang='lat' dir='ltr'>lipsiae</span> <span class='ocrx_word' id='word_1_3' title='bbox 492 242 635 314; x_wconf 85' lang='lat' dir='ltr'>disputatis</span> <span class='ocrx_word' id='word_1_4' title='bbox 655 259 680 295; x_wconf 82' lang='lat' dir='ltr'>a</span> <span class='ocrx_word' id='word_1_5' title='bbox 701 240 772 299; x_wconf 85' lang='lat' dir='ltr'><strong>XIX.</strong></span> <span class='ocrx_word' id='word_1_6' title='bbox 940 240 1002 309; x_wconf 73' lang='grc'>273</span> 
     </span>
    </p>
   </div>
   <div class='ocr_carea' id='block_1_2' title="bbox 103 427 1003 3747">
    <p class='ocr_par' dir='ltr' id='par_1_2' title="bbox 397 427 681 492">
     <span class='ocr_line' id='line_1_2' title="bbox 397 427 681 492; baseline 0.011 -3"><span class='ocrx_word' id='word_1_7' title='bbox 397 427 608 491; x_wconf 79' lang='lat' dir='ltr'>Conclusio</span> <span class='ocrx_word' id='word_1_8' title='bbox 629 429 681 492; x_wconf 88' lang='lat'>111.</span> 
     </span>
    </p>

    <p class='ocr_par' dir='ltr' id='par_1_3' title="bbox 105 508 981 924">
     <span class='ocr_line' id='line_1_3' title="bbox 160 508 981 594; baseline 0.006 -23"><span class='ocrx_word' id='word_1_9' title='bbox 160 508 220 589; x_wconf 77' lang='lat' dir='ltr'>Qui</span> <span class='ocrx_word' id='word_1_10' title='bbox 242 529 322 592; x_wconf 91' lang='lat' dir='ltr'>opus</span> <span class='ocrx_word' id='word_1_11' title='bbox 344 510 459 573; x_wconf 90' lang='lat' dir='ltr'>bonum</span> <span class='ocrx_word' id='word_1_12' title='bbox 483 520 537 573; x_wconf 86' lang='lat' dir='ltr'>cut</span> <span class='ocrx_word' id='word_1_13' title='bbox 552 514 774 594; x_wconf 88' lang='lat' dir='ltr'>poenitentiam</span> <span class='ocrx_word' id='word_1_14' title='bbox 798 534 816 573; x_wconf 91' lang='lat' dir='ltr'>a</span> <span class='ocrx_word' id='word_1_15' title='bbox 837 522 981 594; x_wconf 86' lang='lat' dir='ltr'>peceato·</span> 
     </span>
     <span class='ocr_line' id='line_1_4' title="bbox 108 594 981 677; baseline 0.005 -22"><span class='ocrx_word' id='word_1_16' title='bbox 108 613 163 655; x_wconf 85' lang='lat' dir='ltr'>rom</span> <span class='ocrx_word' id='word_1_17' title='bbox 184 594 394 655; x_wconf 85' lang='lat' dir='ltr'>detestatione</span> <span class='ocrx_word' id='word_1_18' title='bbox 415 602 487 655; x_wconf 89' lang='lat' dir='ltr'>ante</span> <span class='ocrx_word' id='word_1_19' title='bbox 508 595 705 657; x_wconf 89' lang='lat' dir='ltr'>dilectionem</span> <span class='ocrx_word' id='word_1_20' title='bbox 721 598 855 656; x_wconf 86' lang='lat' dir='ltr'>iustitiae</span> <span class='ocrx_word' id='word_1_21' title='bbox 878 598 981 677; x_wconf 79' lang='lat' dir='ltr'>incipi,</span> 
     </span>
     <span class='ocr_line' id='line_1_5' title="bbox 108 678 980 761; baseline 0.003 -23"><span class='ocrx_word' id='word_1_22' title='bbox 108 696 156 739; x_wconf 87' lang='lat' dir='ltr'>nec</span> <span class='ocrx_word' id='word_1_23' title='bbox 173 679 206 739; x_wconf 92' lang='lat' dir='ltr'>in</span> <span class='ocrx_word' id='word_1_24' title='bbox 229 696 270 743; x_wconf 84' lang='lat' dir='ltr'>eo</span> <span class='ocrx_word' id='word_1_25' title='bbox 292 679 561 758; x_wconf 64' lang='lat' dir='ltr'>percusseserit,</span> <span class='ocrx_word' id='word_1_26' title='bbox 588 678 670 739; x_wconf 92' lang='lat' dir='ltr'>huuc</span> <span class='ocrx_word' id='word_1_27' title='bbox 695 680 775 740; x_wconf 91' lang='lat' dir='ltr'>inter</span> <span class='ocrx_word' id='word_1_28' title='bbox 796 678 980 761; x_wconf 79' lang='lat' dir='ltr'>Pelagianos</span> 
     </span>
     <span class='ocr_line' id='line_1_6' title="bbox 107 758 981 845; baseline 0 -22"><span class='ocrx_word' id='word_1_29' title='bbox 107 758 270 823; x_wconf 72' lang='lat' dir='ltr'>hereticos</span> <span class='ocrx_word' id='word_1_30' title='bbox 292 779 498 840; x_wconf 79' lang='lat' dir='ltr'><strong>numeramus,</strong></span> <span class='ocrx_word' id='word_1_31' title='bbox 520 761 575 823; x_wconf 90' lang='lat' dir='ltr'>sed</span> <span class='ocrx_word' id='word_1_32' title='bbox 597 770 981 845; x_wconf 84' lang='lat' dir='ltr'>etcontrasacruprsuum</span> 
     </span>
     <span class='ocr_line' id='line_1_7' title="bbox 105 842 657 924; baseline 0.005 -19"><span class='ocrx_word' id='word_1_33' title='bbox 105 842 296 907; x_wconf 70' lang='lat' dir='ltr'><strong>Aristotelem</strong></span> <span class='ocrx_word' id='word_1_34' title='bbox 320 842 460 924; x_wconf 82' lang='lat' dir='ltr'><strong>desipere</strong></span> <span class='ocrx_word' id='word_1_35' title='bbox 481 844 657 924; x_wconf 81' lang='lat' dir='ltr'>probamus.</span> 
     </span>
    </p>

    <p class='ocr_par' dir='ltr' id='par_1_4' title="bbox 104 926 1003 1919">
     <span class='ocr_line' id='line_1_8' title="bbox 148 926 1000 1008; baseline -0.002 -17"><span class='ocrx_word' id='word_1_36' title='bbox 148 926 224 999; x_wconf 67' lang='lat' dir='ltr'>=loto</span> <span class='ocrx_word' id='word_1_37' title='bbox 246 927 406 988; x_wconf 71' lang='lat' dir='ltr'>conclusio</span> <span class='ocrx_word' id='word_1_38' title='bbox 420 946 459 989; x_wconf 83' lang='lat' dir='ltr'>ex</span> <span class='ocrx_word' id='word_1_39' title='bbox 477 928 731 1008; x_wconf 78' lang='lat' dir='ltr'>praecedentibus</span> <span class='ocrx_word' id='word_1_40' title='bbox 743 927 870 989; x_wconf 88' lang='lat' dir='ltr'>firmiter</span> <span class='ocrx_word' id='word_1_41' title='bbox 892 928 1000 1008; x_wconf 90' lang='lat' dir='ltr'>proba-</span> 
     </span>
     <span class='ocr_line' id='line_1_9' title="bbox 104 1009 1000 1091; baseline -0.001 -20"><span class='ocrx_word' id='word_1_42' title='bbox 104 1028 136 1073; x_wconf 82' lang='lat' dir='ltr'>n.</span> <span class='ocrx_word' id='word_1_43' title='bbox 174 1009 208 1072; x_wconf 80' lang='lat' dir='ltr'>si</span> <span class='ocrx_word' id='word_1_44' title='bbox 231 1010 315 1070; x_wconf 91' lang='lat' dir='ltr'>enim</span> <span class='ocrx_word' id='word_1_45' title='bbox 338 1029 443 1071; x_wconf 85' lang='lat' dir='ltr'>varum</span> <span class='ocrx_word' id='word_1_46' title='bbox 461 1019 517 1091; x_wconf 83' lang='lat' dir='ltr'>est,</span> <span class='ocrx_word' id='word_1_47' title='bbox 540 1010 619 1072; x_wconf 91' lang='lat' dir='ltr'>adeo</span> <span class='ocrx_word' id='word_1_48' title='bbox 646 1011 764 1070; x_wconf 89' lang='lat' dir='ltr'>nullum</span> <span class='ocrx_word' id='word_1_49' title='bbox 786 1030 863 1091; x_wconf 91' lang='lat' dir='ltr'>opus</span> <span class='ocrx_word' id='word_1_50' title='bbox 887 1012 1000 1072; x_wconf 92' lang='lat' dir='ltr'>bonum</span> 
     </span>
     <span class='ocr_line' id='line_1_10' title="bbox 104 1091 998 1175; baseline 0 -22"><span class='ocrx_word' id='word_1_51' title='bbox 104 1098 149 1155; x_wconf 86' lang='lat' dir='ltr'>uto</span> <span class='ocrx_word' id='word_1_52' title='bbox 161 1094 296 1175; x_wconf 78' lang='lat' dir='ltr'>gratiam</span> <span class='ocrx_word' id='word_1_53' title='bbox 312 1091 379 1154; x_wconf 82' lang='lat' dir='ltr'>fieri</span> <span class='ocrx_word' id='word_1_54' title='bbox 389 1112 493 1173; x_wconf 87' lang='lat' dir='ltr'>posse,</span> <span class='ocrx_word' id='word_1_55' title='bbox 515 1101 549 1154; x_wconf 91' lang='lat' dir='ltr'>ut</span> <span class='ocrx_word' id='word_1_56' title='bbox 564 1112 623 1155; x_wconf 88' lang='lat' dir='ltr'>nec</span> <span class='ocrx_word' id='word_1_57' title='bbox 635 1095 776 1174; x_wconf 83' lang='lat' dir='ltr'>ingratia</span> <span class='ocrx_word' id='word_1_58' title='bbox 788 1114 863 1174; x_wconf 91' lang='lat' dir='ltr'>pure</span> <span class='ocrx_word' id='word_1_59' title='bbox 885 1095 998 1155; x_wconf 90' lang='lat' dir='ltr'>bonum</span> 
     </span>
     <span class='ocr_line' id='line_1_11' title="bbox 104 1176 1000 1257; baseline -0.001 -20"><span class='ocrx_word' id='word_1_60' title='bbox 104 1182 143 1255; x_wconf 79' lang='lat' dir='ltr'>tt,</span> <span class='ocrx_word' id='word_1_61' title='bbox 178 1176 376 1257; x_wconf 88' lang='lat' dir='ltr'>poenitentia</span> <span class='ocrx_word' id='word_1_62' title='bbox 408 1184 512 1237; x_wconf 88' lang='lat' dir='ltr'>autem</span> <span class='ocrx_word' id='word_1_63' title='bbox 545 1177 659 1238; x_wconf 90' lang='lat' dir='ltr'>bonum</span> <span class='ocrx_word' id='word_1_64' title='bbox 684 1196 762 1256; x_wconf 91' lang='lat' dir='ltr'>opus</span> <span class='ocrx_word' id='word_1_65' title='bbox 785 1179 926 1238; x_wconf 89' lang='lat' dir='ltr'>nimirum</span> <span class='ocrx_word' id='word_1_66' title='bbox 951 1178 1000 1255; x_wconf 78' lang='lat' dir='ltr'>sit,</span> 
     </span>
     <span class='ocr_line' id='line_1_12' title="bbox 104 1260 1003 1340; baseline -0.001 -19"><span class='ocrx_word' id='word_1_67' title='bbox 104 1276 208 1321; x_wconf 80' lang='lat' dir='ltr'>ecesse</span> <span class='ocrx_word' id='word_1_68' title='bbox 231 1264 281 1320; x_wconf 88' lang='lat' dir='ltr'>est</span> <span class='ocrx_word' id='word_1_69' title='bbox 301 1278 370 1319; x_wconf 87' lang='lat' dir='ltr'>eam</span> <span class='ocrx_word' id='word_1_70' title='bbox 399 1261 498 1340; x_wconf 82' lang='lat' dir='ltr'>gratia</span> <span class='ocrx_word' id='word_1_71' title='bbox 525 1261 745 1340; x_wconf 82' lang='lat' dir='ltr'>praeveniente</span> <span class='ocrx_word' id='word_1_72' title='bbox 765 1260 915 1322; x_wconf 88' lang='lat' dir='ltr'>inchoari.</span> <span class='ocrx_word' id='word_1_73' title='bbox 956 1261 1003 1322; x_wconf 92' lang='lat' dir='ltr'>De</span> 
     </span>
     <span class='ocr_line' id='line_1_13' title="bbox 106 1342 1003 1423; baseline 0 -20"><span class='ocrx_word' id='word_1_74' title='bbox 106 1342 273 1405; x_wconf 77' lang='lat' dir='ltr'>penitentia</span> <span class='ocrx_word' id='word_1_75' title='bbox 293 1343 376 1403; x_wconf 90' lang='lat' dir='ltr'>enim</span> <span class='ocrx_word' id='word_1_76' title='bbox 398 1343 524 1403; x_wconf 87' lang='lat' dir='ltr'>salutari</span> <span class='ocrx_word' id='word_1_77' title='bbox 551 1343 716 1423; x_wconf 83' lang='lat' dir='ltr'>loquimur,</span> <span class='ocrx_word' id='word_1_78' title='bbox 752 1362 814 1404; x_wconf 92' lang='lat' dir='ltr'>non</span> <span class='ocrx_word' id='word_1_79' title='bbox 838 1343 876 1403; x_wconf 90' lang='lat' dir='ltr'>de</span> <span class='ocrx_word' id='word_1_80' title='bbox 897 1345 1003 1423; x_wconf 89' lang='lat' dir='ltr'>poeni·</span> 
     </span>
     <span class='ocr_line' id='line_1_14' title="bbox 104 1424 1003 1506; baseline 0.001 -21"><span class='ocrx_word' id='word_1_81' title='bbox 104 1426 173 1485; x_wconf 74' lang='lat' dir='ltr'>entia</span> <span class='ocrx_word' id='word_1_82' title='bbox 193 1425 312 1501; x_wconf 81' lang='lat' dir='ltr'>Judae‚</span> <span class='ocrx_word' id='word_1_83' title='bbox 341 1432 395 1485; x_wconf 88' lang='lat' dir='ltr'>aut</span> <span class='ocrx_word' id='word_1_84' title='bbox 416 1424 639 1488; x_wconf 91' lang='lat' dir='ltr'>damnatorum.</span> <span class='ocrx_word' id='word_1_85' title='bbox 682 1426 738 1487; x_wconf 80' lang='lat' dir='ltr'>Est</span> <span class='ocrx_word' id='word_1_86' title='bbox 759 1445 833 1506; x_wconf 83' lang='lat' dir='ltr'>ergo</span> <span class='ocrx_word' id='word_1_87' title='bbox 856 1445 1003 1505; x_wconf 81' lang='lat' dir='ltr'>expresse</span> 
     </span>
     <span class='ocr_line' id='line_1_15' title="bbox 104 1506 1001 1590; baseline -0.001 -21"><span class='ocrx_word' id='word_1_88' title='bbox 104 1508 219 1569; x_wconf 68' lang='lat' dir='ltr'>menis</span> <span class='ocrx_word' id='word_1_89' title='bbox 240 1506 410 1588; x_wconf 82' lang='lat' dir='ltr'>Pelagiana</span> <span class='ocrx_word' id='word_1_90' title='bbox 432 1508 550 1584; x_wconf 77' lang='lat' dir='ltr'>dicere,</span> <span class='ocrx_word' id='word_1_91' title='bbox 573 1510 794 1590; x_wconf 88' lang='lat' dir='ltr'>poenitentiam</span> <span class='ocrx_word' id='word_1_92' title='bbox 817 1519 889 1570; x_wconf 88' lang='lat' dir='ltr'>aute</span> <span class='ocrx_word' id='word_1_93' title='bbox 912 1510 1001 1569; x_wconf 89' lang='lat' dir='ltr'>dilec-</span> 
     </span>
     <span class='ocr_line' id='line_1_16' title="bbox 104 1591 1002 1672; baseline 0.001 -21"><span class='ocrx_word' id='word_1_94' title='bbox 104 1609 194 1652; x_wconf 88' lang='lat' dir='ltr'>ouem</span> <span class='ocrx_word' id='word_1_95' title='bbox 206 1591 344 1651; x_wconf 88' lang='lat' dir='ltr'>iustitiae</span> <span class='ocrx_word' id='word_1_96' title='bbox 355 1591 459 1671; x_wconf 91' lang='lat' dir='ltr'>incipi.</span> <span class='ocrx_word' id='word_1_97' title='bbox 488 1591 621 1652; x_wconf 89' lang='lat' dir='ltr'>Dilectio</span> <span class='ocrx_word' id='word_1_98' title='bbox 634 1601 736 1653; x_wconf 91' lang='lat' dir='ltr'>autem</span> <span class='ocrx_word' id='word_1_99' title='bbox 752 1592 885 1652; x_wconf 86' lang='lat' dir='ltr'>iustitiae</span> <span class='ocrx_word' id='word_1_100' title='bbox 903 1594 1002 1672; x_wconf 82' lang='lat' dir='ltr'>gratia</span> 
     </span>
     <span class='ocr_line' id='line_1_17' title="bbox 104 1674 1002 1755; baseline 0 -20"><span class='ocrx_word' id='word_1_101' title='bbox 104 1674 134 1735; x_wconf 69' lang='lat' dir='ltr'>tei</span> <span class='ocrx_word' id='word_1_102' title='bbox 153 1680 228 1749; x_wconf 47' lang='lat' dir='ltr'>est„</span> <span class='ocrx_word' id='word_1_103' title='bbox 251 1691 314 1735; x_wconf 91' lang='lat' dir='ltr'>non</span> <span class='ocrx_word' id='word_1_104' title='bbox 336 1680 456 1735; x_wconf 87' lang='lat' dir='ltr'>natura.</span> <span class='ocrx_word' id='word_1_105' title='bbox 498 1675 611 1735; x_wconf 89' lang='lat' dir='ltr'>Verum</span> <span class='ocrx_word' id='word_1_106' title='bbox 635 1684 668 1734; x_wconf 91' lang='lat' dir='ltr'>ut</span> <span class='ocrx_word' id='word_1_107' title='bbox 688 1674 842 1737; x_wconf 84' lang='lat' dir='ltr'>Eccianae</span> <span class='ocrx_word' id='word_1_108' title='bbox 864 1676 1002 1755; x_wconf 87' lang='lat' dir='ltr'>proposi-</span> 
     </span>
     <span class='ocr_line' id='line_1_18' title="bbox 104 1755 1000 1837; baseline 0.002 -22"><span class='ocrx_word' id='word_1_109' title='bbox 104 1755 170 1819; x_wconf 88' lang='lat' dir='ltr'>onis</span> <span class='ocrx_word' id='word_1_110' title='bbox 194 1757 387 1837; x_wconf 85' lang='lat' dir='ltr'>impietatem</span> <span class='ocrx_word' id='word_1_111' title='bbox 410 1756 599 1819; x_wconf 87' lang='lat' dir='ltr'>manifestius</span> <span class='ocrx_word' id='word_1_112' title='bbox 622 1757 797 1835; x_wconf 86' lang='lat' dir='ltr'>videamus,</span> <span class='ocrx_word' id='word_1_113' title='bbox 825 1777 888 1817; x_wconf 90' lang='lat' dir='ltr'>rem</span> <span class='ocrx_word' id='word_1_114' title='bbox 907 1758 1000 1837; x_wconf 90' lang='lat' dir='ltr'>paulo</span> 
     </span>
     <span class='ocr_line' id='line_1_19' title="bbox 104 1836 384 1919; baseline 0.011 -20"><span class='ocrx_word' id='word_1_115' title='bbox 104 1836 168 1901; x_wconf 85' lang='lat' dir='ltr'>llius</span> <span class='ocrx_word' id='word_1_116' title='bbox 189 1840 384 1919; x_wconf 89' lang='lat' dir='ltr'>incipiamus.</span> 
     </span>
    </p>

    <p class='ocr_par' dir='ltr' id='par_1_5' title="bbox 103 1922 1001 2748">
     <span class='ocr_line' id='line_1_20' title="bbox 156 1922 1001 2003; baseline 0.001 -20"><span class='ocrx_word' id='word_1_117' title='bbox 156 1922 261 1983; x_wconf 90' lang='lat' dir='ltr'>Doeui</span> <span class='ocrx_word' id='word_1_118' title='bbox 291 1941 350 2003; x_wconf 83' lang='lat' dir='ltr'>ego</span> <span class='ocrx_word' id='word_1_119' title='bbox 384 1923 415 1981; x_wconf 94' lang='lat' dir='ltr'>in</span> <span class='ocrx_word' id='word_1_120' title='bbox 438 1922 692 1984; x_wconf 85' lang='lat' dir='ltr'>Resolutionibus</span> <span class='ocrx_word' id='word_1_121' title='bbox 726 1931 758 1984; x_wconf 93' lang='lat' dir='ltr'>et</span> <span class='ocrx_word' id='word_1_122' title='bbox 778 1922 927 1985; x_wconf 87' lang='lat' dir='ltr'>Sermone</span> <span class='ocrx_word' id='word_1_123' title='bbox 963 1923 1001 1984; x_wconf 92' lang='lat' dir='ltr'>de</span> 
     </span>
     <span class='ocr_line' id='line_1_21' title="bbox 106 2006 1000 2086; baseline -0.001 -19"><span class='ocrx_word' id='word_1_124' title='bbox 106 2006 284 2082; x_wconf 79' lang='lat' dir='ltr'>oscitantia,</span> <span class='ocrx_word' id='word_1_125' title='bbox 304 2012 502 2086; x_wconf 89' lang='lat' dir='ltr'>peccatorum</span> <span class='ocrx_word' id='word_1_126' title='bbox 516 2006 763 2067; x_wconf 84' lang='lat' dir='ltr'>recordationem</span> <span class='ocrx_word' id='word_1_127' title='bbox 782 2012 854 2067; x_wconf 87' lang='lat' dir='ltr'>ante</span> <span class='ocrx_word' id='word_1_128' title='bbox 864 2026 1000 2067; x_wconf 90' lang='lat' dir='ltr'>amorem</span> 
     </span>
     <span class='ocr_line' id='line_1_22' title="bbox 104 2089 999 2166; baseline 0.002 -18"><span class='ocrx_word' id='word_1_129' title='bbox 104 2090 213 2149; x_wconf 89' lang='lat' dir='ltr'>utitiae</span> <span class='ocrx_word' id='word_1_130' title='bbox 235 2089 350 2150; x_wconf 91' lang='lat' dir='ltr'>nemini</span> <span class='ocrx_word' id='word_1_131' title='bbox 374 2108 444 2150; x_wconf 91' lang='lat' dir='ltr'>esse</span> <span class='ocrx_word' id='word_1_132' title='bbox 465 2090 648 2166; x_wconf 80' lang='lat' dir='ltr'>salutarem,</span> <span class='ocrx_word' id='word_1_133' title='bbox 671 2089 725 2150; x_wconf 90' lang='lat' dir='ltr'>sed</span> <span class='ocrx_word' id='word_1_134' title='bbox 748 2091 883 2150; x_wconf 86' lang='lat' dir='ltr'>noxiam.</span> <span class='ocrx_word' id='word_1_135' title='bbox 924 2090 999 2150; x_wconf 92' lang='lat' dir='ltr'>Ideo</span> 
     </span>
     <span class='ocr_line' id='line_1_23' title="bbox 104 2171 999 2254; baseline 0.001 -23"><span class='ocrx_word' id='word_1_136' title='bbox 104 2171 210 2232; x_wconf 91' lang='lat' dir='ltr'>rimum</span> <span class='ocrx_word' id='word_1_137' title='bbox 232 2173 417 2248; x_wconf 74' lang='lat' dir='ltr'>conandum,</span> <span class='ocrx_word' id='word_1_138' title='bbox 440 2183 473 2232; x_wconf 91' lang='lat' dir='ltr'>ut</span> <span class='ocrx_word' id='word_1_139' title='bbox 493 2174 610 2233; x_wconf 90' lang='lat' dir='ltr'>iustitia</span> <span class='ocrx_word' id='word_1_140' title='bbox 632 2172 785 2254; x_wconf 79' lang='lat' dir='ltr'>diligatur,</span> <span class='ocrx_word' id='word_1_141' title='bbox 808 2184 870 2233; x_wconf 89' lang='lat' dir='ltr'>tum</span> <span class='ocrx_word' id='word_1_142' title='bbox 892 2191 999 2235; x_wconf 89' lang='lat' dir='ltr'>amore</span> 
     </span>
     <span class='ocr_line' id='line_1_24' title="bbox 104 2254 1000 2335; baseline 0 -19"><span class='ocrx_word' id='word_1_143' title='bbox 104 2256 211 2316; x_wconf 83' lang='lat' dir='ltr'>otiliae</span> <span class='ocrx_word' id='word_1_144' title='bbox 235 2261 365 2335; x_wconf 87' lang='lat' dir='ltr'>peccata</span> <span class='ocrx_word' id='word_1_145' title='bbox 387 2254 587 2317; x_wconf 87' lang='lat' dir='ltr'>detestentur.</span> <span class='ocrx_word' id='word_1_146' title='bbox 631 2255 729 2330; x_wconf 76' lang='lat' dir='ltr'>Quam</span> <span class='ocrx_word' id='word_1_147' title='bbox 752 2256 924 2317; x_wconf 83' lang='lat' dir='ltr'>doctrinam</span> <span class='ocrx_word' id='word_1_148' title='bbox 944 2257 1000 2316; x_wconf 84' lang='lat' dir='ltr'>Ec-</span> 
     </span>
     <span class='ocr_line' id='line_1_25' title="bbox 103 2337 1000 2417; baseline 0.003 -21"><span class='ocrx_word' id='word_1_149' title='bbox 103 2338 167 2399; x_wconf 86' lang='lat' dir='ltr'>iana</span> <span class='ocrx_word' id='word_1_150' title='bbox 190 2337 345 2398; x_wconf 87' lang='lat' dir='ltr'>modestia</span> <span class='ocrx_word' id='word_1_151' title='bbox 367 2357 430 2399; x_wconf 91' lang='lat' dir='ltr'>non</span> <span class='ocrx_word' id='word_1_152' title='bbox 452 2339 640 2399; x_wconf 85' lang='lat' dir='ltr'>haereticam</span> <span class='ocrx_word' id='word_1_153' title='bbox 669 2340 790 2417; x_wconf 87' lang='lat' dir='ltr'>quidem</span> <span class='ocrx_word' id='word_1_154' title='bbox 821 2343 1000 2416; x_wconf 86' lang='lat' dir='ltr'>nominavit,</span> 
     </span>
     <span class='ocr_line' id='line_1_26' title="bbox 104 2419 999 2500; baseline 0.001 -19"><span class='ocrx_word' id='word_1_155' title='bbox 104 2419 132 2481; x_wconf 83' lang='lat' dir='ltr'>ed</span> <span class='ocrx_word' id='word_1_156' title='bbox 167 2421 333 2500; x_wconf 83' lang='lat' dir='ltr'>evangelio</span> <span class='ocrx_word' id='word_1_157' title='bbox 368 2432 399 2481; x_wconf 90' lang='lat' dir='ltr'>et</span> <span class='ocrx_word' id='word_1_158' title='bbox 420 2421 450 2481; x_wconf 83' lang='lat' dir='ltr'>S.</span> <span class='ocrx_word' id='word_1_159' title='bbox 473 2423 612 2482; x_wconf 89' lang='lat' dir='ltr'>Patribus</span> <span class='ocrx_word' id='word_1_160' title='bbox 649 2424 832 2482; x_wconf 87' lang='lat' dir='ltr'>contrariam</span> <span class='ocrx_word' id='word_1_161' title='bbox 862 2425 999 2484; x_wconf 87' lang='lat' dir='ltr'>asseruit.</span> 
     </span>
     <span class='ocr_line' id='line_1_27' title="bbox 104 2501 1000 2586; baseline 0.004 -23"><span class='ocrx_word' id='word_1_162' title='bbox 104 2501 150 2565; x_wconf 90' lang='lat' dir='ltr'>leo</span> <span class='ocrx_word' id='word_1_163' title='bbox 173 2502 343 2584; x_wconf 83' lang='lat' dir='ltr'>magnifico</span> <span class='ocrx_word' id='word_1_164' title='bbox 367 2505 455 2565; x_wconf 91' lang='lat' dir='ltr'>titulo</span> <span class='ocrx_word' id='word_1_165' title='bbox 484 2506 546 2564; x_wconf 88' lang='lat' dir='ltr'>suis</span> <span class='ocrx_word' id='word_1_166' title='bbox 568 2505 834 2585; x_wconf 85' lang='lat' dir='ltr'>Propositionibus</span> <span class='ocrx_word' id='word_1_167' title='bbox 862 2507 1000 2586; x_wconf 83' lang='lat' dir='ltr'>praefixo</span> 
     </span>
     <span class='ocr_line' id='line_1_28' title="bbox 104 2586 1000 2668; baseline 0.002 -21"><span class='ocrx_word' id='word_1_168' title='bbox 104 2594 187 2649; x_wconf 77' lang='lat' dir='ltr'>cutm</span> <span class='ocrx_word' id='word_1_169' title='bbox 209 2605 324 2647; x_wconf 87' lang='lat' dir='ltr'>novam</span> <span class='ocrx_word' id='word_1_170' title='bbox 360 2586 532 2647; x_wconf 87' lang='lat' dir='ltr'>doctrinam</span> <span class='ocrx_word' id='word_1_171' title='bbox 557 2588 684 2665; x_wconf 89' lang='lat' dir='ltr'>(eadem</span> <span class='ocrx_word' id='word_1_172' title='bbox 707 2589 876 2668; x_wconf 78' lang='lat' dir='ltr'>modestia)</span> <span class='ocrx_word' id='word_1_173' title='bbox 902 2611 936 2651; x_wconf 88' lang='lat' dir='ltr'>se</span> <span class='ocrx_word' id='word_1_174' title='bbox 958 2591 1000 2650; x_wconf 94' lang='lat' dir='ltr'>di-</span> 
     </span>
     <span class='ocr_line' id='line_1_29' title="bbox 104 2669 493 2748; baseline 0 -17"><span class='ocrx_word' id='word_1_175' title='bbox 104 2677 270 2748; x_wconf 84' lang='lat' dir='ltr'>putoturum</span> <span class='ocrx_word' id='word_1_176' title='bbox 293 2669 493 2733; x_wconf 89' lang='lat' dir='ltr'>ebuccinsvit.</span> 
     </span>
    </p>

    <p class='ocr_par' dir='ltr' id='par_1_6' title="bbox 104 2753 1001 3664">
     <span class='ocr_line' id='line_1_30' title="bbox 158 2753 1000 2835; baseline 0.005 -21"><span class='ocrx_word' id='word_1_177' title='bbox 158 2755 241 2835; x_wconf 82' lang='lat' dir='ltr'>Age,</span> <span class='ocrx_word' id='word_1_178' title='bbox 263 2753 389 2812; x_wconf 88' lang='lat' dir='ltr'>Paulum</span> <span class='ocrx_word' id='word_1_179' title='bbox 402 2753 578 2834; x_wconf 89' lang='lat' dir='ltr'>apostolum</span> <span class='ocrx_word' id='word_1_180' title='bbox 601 2753 768 2833; x_wconf 85' lang='lat' dir='ltr'>videamus,</span> <span class='ocrx_word' id='word_1_181' title='bbox 791 2757 842 2833; x_wconf 89' lang='lat' dir='ltr'>qui</span> <span class='ocrx_word' id='word_1_182' title='bbox 858 2755 947 2816; x_wconf 90' lang='lat' dir='ltr'>Rom.</span> <span class='ocrx_word' id='word_1_183' title='bbox 970 2758 1000 2818; x_wconf 82' lang='lat'>4.</span> 
     </span>
     <span class='ocr_line' id='line_1_31' title="bbox 104 2834 1000 2917; baseline 0.003 -22"><span class='ocrx_word' id='word_1_184' title='bbox 104 2834 168 2897; x_wconf 88' lang='lat' dir='ltr'>icit:</span> <span class='ocrx_word' id='word_1_185' title='bbox 205 2836 270 2896; x_wconf 84' lang='lat' dir='ltr'>Lex</span> <span class='ocrx_word' id='word_1_186' title='bbox 302 2838 378 2896; x_wconf 88' lang='lat' dir='ltr'>iram</span> <span class='ocrx_word' id='word_1_187' title='bbox 402 2845 560 2916; x_wconf 85' lang='lat' dir='ltr'>operatur,</span> <span class='ocrx_word' id='word_1_188' title='bbox 596 2838 645 2897; x_wconf 91' lang='lat' dir='ltr'>ubi</span> <span class='ocrx_word' id='word_1_189' title='bbox 683 2840 763 2897; x_wconf 87' lang='lat' dir='ltr'>enim</span> <span class='ocrx_word' id='word_1_190' title='bbox 786 2857 848 2898; x_wconf 88' lang='lat' dir='ltr'>non</span> <span class='ocrx_word' id='word_1_191' title='bbox 871 2846 919 2898; x_wconf 91' lang='lat' dir='ltr'>est</span> <span class='ocrx_word' id='word_1_192' title='bbox 939 2839 1000 2917; x_wconf 82' lang='lat' dir='ltr'>lex,</span> 
     </span>
     <span class='ocr_line' id='line_1_32' title="bbox 104 2919 999 3000; baseline 0.004 -24"><span class='ocrx_word' id='word_1_193' title='bbox 104 2935 136 2979; x_wconf 77' lang='lat' dir='ltr'>res</span> <span class='ocrx_word' id='word_1_194' title='bbox 157 2919 399 3000; x_wconf 79' lang='lat' dir='ltr'>praevaricatio,</span> <span class='ocrx_word' id='word_1_195' title='bbox 431 2927 462 2979; x_wconf 89' lang='lat' dir='ltr'>et</span> <span class='ocrx_word' id='word_1_196' title='bbox 482 2925 516 2984; x_wconf 77' lang='lat'>5:</span> <span class='ocrx_word' id='word_1_197' title='bbox 539 2919 603 2979; x_wconf 89' lang='lat' dir='ltr'>Lex</span> <span class='ocrx_word' id='word_1_198' title='bbox 626 2921 821 2999; x_wconf 80' lang='lat' dir='ltr'>subintravit,</span> <span class='ocrx_word' id='word_1_199' title='bbox 852 2928 885 2981; x_wconf 90' lang='lat' dir='ltr'>ut</span> <span class='ocrx_word' id='word_1_200' title='bbox 907 2921 999 2981; x_wconf 90' lang='lat' dir='ltr'>abun·</span> 
     </span>
     <span class='ocr_line' id='line_1_33' title="bbox 104 3000 999 3084; baseline 0.001 -21"><span class='ocrx_word' id='word_1_201' title='bbox 104 3000 165 3063; x_wconf 78' lang='lat' dir='ltr'>bret</span> <span class='ocrx_word' id='word_1_202' title='bbox 187 3003 343 3081; x_wconf 85' lang='lat' dir='ltr'>delictum,</span> <span class='ocrx_word' id='word_1_203' title='bbox 367 3009 399 3064; x_wconf 90' lang='lat' dir='ltr'>et</span> <span class='ocrx_word' id='word_1_204' title='bbox 417 3002 518 3063; x_wconf 85' lang='lat' dir='ltr'>Galat.</span> <span class='ocrx_word' id='word_1_205' title='bbox 541 3008 575 3066; x_wconf 80' lang='lat'>3:</span> <span class='ocrx_word' id='word_1_206' title='bbox 597 3002 662 3062; x_wconf 84' lang='lat' dir='ltr'>Lex</span> <span class='ocrx_word' id='word_1_207' title='bbox 685 3012 810 3084; x_wconf 90' lang='lat' dir='ltr'>propter</span> <span class='ocrx_word' id='word_1_208' title='bbox 832 3013 999 3083; x_wconf 86' lang='lat' dir='ltr'>transgres-</span> 
     </span>
     <span class='ocr_line' id='line_1_34' title="bbox 104 3081 998 3166; baseline 0.009 -26"><span class='ocrx_word' id='word_1_209' title='bbox 104 3081 198 3146; x_wconf 85' lang='lat' dir='ltr'>ionem</span> <span class='ocrx_word' id='word_1_210' title='bbox 222 3087 325 3165; x_wconf 90' lang='lat' dir='ltr'>posita</span> <span class='ocrx_word' id='word_1_211' title='bbox 348 3091 404 3164; x_wconf 83' lang='lat' dir='ltr'>est,</span> <span class='ocrx_word' id='word_1_212' title='bbox 428 3093 459 3145; x_wconf 90' lang='lat' dir='ltr'>et</span> <span class='ocrx_word' id='word_1_213' title='bbox 481 3085 659 3148; x_wconf 82' lang='lat' dir='ltr'>l.Corinth.</span> <span class='ocrx_word' id='word_1_214' title='bbox 686 3092 739 3151; x_wconf 78' lang='lat'>15:</span> <span class='ocrx_word' id='word_1_215' title='bbox 764 3087 865 3147; x_wconf 87' lang='lat' dir='ltr'>Virtus</span> <span class='ocrx_word' id='word_1_216' title='bbox 877 3091 998 3166; x_wconf 89' lang='lat' dir='ltr'>peccati</span> 
     </span>
     <span class='ocr_line' id='line_1_35' title="bbox 104 3168 1001 3251; baseline 0.004 -25"><span class='ocrx_word' id='word_1_217' title='bbox 104 3182 140 3229; x_wconf 81' lang='lat' dir='ltr'>ex.</span> <span class='ocrx_word' id='word_1_218' title='bbox 183 3168 301 3243; x_wconf 79' lang='lat' dir='ltr'>Quibus</span> <span class='ocrx_word' id='word_1_219' title='bbox 325 3168 465 3229; x_wconf 88' lang='lat' dir='ltr'>omnibus</span> <span class='ocrx_word' id='word_1_220' title='bbox 488 3168 519 3228; x_wconf 93' lang='lat' dir='ltr'>id</span> <span class='ocrx_word' id='word_1_221' title='bbox 541 3169 605 3229; x_wconf 90' lang='lat' dir='ltr'>vult</span> <span class='ocrx_word' id='word_1_222' title='bbox 625 3170 810 3249; x_wconf 86' lang='lat' dir='ltr'>Apostolus,</span> <span class='ocrx_word' id='word_1_223' title='bbox 834 3171 916 3250; x_wconf 92' lang='lat' dir='ltr'>quod</span> <span class='ocrx_word' id='word_1_224' title='bbox 946 3191 1001 3251; x_wconf 92' lang='lat' dir='ltr'>per</span> 
     </span>
     <span class='ocr_line' id='line_1_36' title="bbox 105 3253 1001 3332; baseline 0.003 -20"><span class='ocrx_word' id='word_1_225' title='bbox 105 3266 179 3329; x_wconf 72' lang='lat' dir='ltr'>egem</span> <span class='ocrx_word' id='word_1_226' title='bbox 201 3261 331 3332; x_wconf 85' lang='lat' dir='ltr'>peccata</span> <span class='ocrx_word' id='word_1_227' title='bbox 354 3253 456 3331; x_wconf 85' lang='lat' dir='ltr'>potius</span> <span class='ocrx_word' id='word_1_228' title='bbox 478 3260 638 3332; x_wconf 84' lang='lat' dir='ltr'>augentur,</span> <span class='ocrx_word' id='word_1_229' title='bbox 661 3272 751 3331; x_wconf 88' lang='lat' dir='ltr'>quam</span> <span class='ocrx_word' id='word_1_230' title='bbox 775 3255 936 3331; x_wconf 84' lang='lat' dir='ltr'>tolluntur,</span> <span class='ocrx_word' id='word_1_231' title='bbox 970 3264 1001 3315; x_wconf 90' lang='lat' dir='ltr'>et</span> 
     </span>
     <span class='ocr_line' id='line_1_37' title="bbox 104 3335 998 3417; baseline 0.007 -26"><span class='ocrx_word' id='word_1_232' title='bbox 104 3335 332 3413; x_wconf 73' lang='lat' dir='ltr'>oncupiscentia</span> <span class='ocrx_word' id='word_1_233' title='bbox 354 3337 452 3416; x_wconf 88' lang='lat' dir='ltr'>magis</span> <span class='ocrx_word' id='word_1_234' title='bbox 465 3337 605 3410; x_wconf 82' lang='lat' dir='ltr'>irritetur,</span> <span class='ocrx_word' id='word_1_235' title='bbox 625 3355 685 3414; x_wconf 91' lang='lat' dir='ltr'>quo</span> <span class='ocrx_word' id='word_1_236' title='bbox 700 3338 797 3416; x_wconf 83' lang='lat' dir='ltr'>magis</span> <span class='ocrx_word' id='word_1_237' title='bbox 811 3337 998 3417; x_wconf 90' lang='lat' dir='ltr'>prohibetur.</span> 
     </span>
     <span class='ocr_line' id='line_1_38' title="bbox 104 3407 998 3482; baseline 0.01 -11"><span class='ocrx_word' id='word_1_238' title='bbox 104 3407 144 3475; x_wconf 81' lang='lat' dir='ltr'>led</span> <span class='ocrx_word' id='word_1_239' title='bbox 165 3419 301 3478; x_wconf 90' lang='lat' dir='ltr'>omnium</span> <span class='ocrx_word' id='word_1_240' title='bbox 325 3418 572 3478; x_wconf 88' lang='lat' dir='ltr'>manifestissime</span> <span class='ocrx_word' id='word_1_241' title='bbox 594 3418 682 3480; x_wconf 90' lang='lat' dir='ltr'>Rom.</span> <span class='ocrx_word' id='word_1_242' title='bbox 706 3424 739 3482; x_wconf 80' lang='lat'>7:</span> <span class='ocrx_word' id='word_1_243' title='bbox 764 3422 929 3480; x_wconf 87' lang='lat' dir='ltr'>occasione</span> <span class='ocrx_word' id='word_1_244' title='bbox 950 3441 998 3480; x_wconf 91' lang='lat' dir='ltr'>ac-</span> 
     </span>
     <span class='ocr_line' id='line_1_39' title="bbox 104 3501 999 3581; baseline 0.012 -27"><span class='ocrx_word' id='word_1_245' title='bbox 104 3509 172 3576; x_wconf 83' lang='lat' dir='ltr'>cepta</span> <span class='ocrx_word' id='word_1_246' title='bbox 191 3509 352 3579; x_wconf 89' lang='lat' dir='ltr'>peccatum</span> <span class='ocrx_word' id='word_1_247' title='bbox 374 3520 429 3580; x_wconf 90' lang='lat' dir='ltr'>per</span> <span class='ocrx_word' id='word_1_248' title='bbox 451 3501 627 3561; x_wconf 87' lang='lat' dir='ltr'>mandatum</span> <span class='ocrx_word' id='word_1_249' title='bbox 647 3510 805 3581; x_wconf 89' lang='lat' dir='ltr'>operatum</span> <span class='ocrx_word' id='word_1_250' title='bbox 829 3505 928 3564; x_wconf 88' lang='lat' dir='ltr'>estin</span> <span class='ocrx_word' id='word_1_251' title='bbox 951 3524 999 3565; x_wconf 79' lang='lat' dir='ltr'>ure</span> 
     </span>
     <span class='ocr_line' id='line_1_40' title="bbox 104 3585 528 3664; baseline 0.005 -24"><span class='ocrx_word' id='word_1_252' title='bbox 104 3591 202 3643; x_wconf 73' lang='lat' dir='ltr'>omnem</span> <span class='ocrx_word' id='word_1_253' title='bbox 227 3585 528 3664; x_wconf 89' lang='lat' dir='ltr'>concupiscentiam.-</span> 
     </span>
    </p>

    <p class='ocr_par' dir='ltr' id='par_1_7' title="bbox 163 3664 996 3747">
     <span class='ocr_line' id='line_1_41' title="bbox 163 3664 996 3747; baseline 0.006 -21"><span class='ocrx_word' id='word_1_254' title='bbox 163 3664 227 3727; x_wconf 80' lang='lat' dir='ltr'>Stat</span> <span class='ocrx_word' id='word_1_255' title='bbox 247 3686 322 3747; x_wconf 87' lang='lat' dir='ltr'>ergo</span> <span class='ocrx_word' id='word_1_256' title='bbox 345 3668 506 3744; x_wconf 80' lang='lat' dir='ltr'>sententia,</span> <span class='ocrx_word' id='word_1_257' title='bbox 530 3665 613 3746; x_wconf 90' lang='lat' dir='ltr'>quod</span> <span class='ocrx_word' id='word_1_258' title='bbox 635 3669 702 3726; x_wconf 90' lang='lat' dir='ltr'>sine</span> <span class='ocrx_word' id='word_1_259' title='bbox 724 3669 823 3747; x_wconf 85' lang='lat' dir='ltr'>gratia</span> <span class='ocrx_word' id='word_1_260' title='bbox 844 3669 896 3729; x_wconf 82' lang='lat' dir='ltr'>lex</span> <span class='ocrx_word' id='word_1_261' title='bbox 919 3674 996 3733; x_wconf 91' lang='lat' dir='ltr'>occi-</span> 
     </span>
    </p>
   </div>
   <div class='ocr_carea' id='block_1_3' title="bbox 104 3735 995 3916">
    <p class='ocr_par' dir='ltr' id='par_1_8' title="bbox 104 3735 995 3916">
     <span class='ocr_line' id='line_1_42' title="bbox 104 3735 995 3831; baseline 0.012 -27"><span class='ocrx_word' id='word_1_262' title='bbox 104 3735 135 3802; x_wconf 73' lang='lat' dir='ltr'>iit</span> <span class='ocrx_word' id='word_1_263' title='bbox 151 3756 177 3807; x_wconf 89' lang='lat' dir='ltr'>et</span> <span class='ocrx_word' id='word_1_264' title='bbox 203 3759 297 3830; x_wconf 88' lang='lat' dir='ltr'>auget</span> <span class='ocrx_word' id='word_1_265' title='bbox 318 3757 494 3830; x_wconf 82' lang='lat' dir='ltr'>peccatum,</span> <span class='ocrx_word' id='word_1_266' title='bbox 533 3751 589 3810; x_wconf 90' lang='lat' dir='ltr'>etsi</span> <span class='ocrx_word' id='word_1_267' title='bbox 610 3750 684 3811; x_wconf 89' lang='lat' dir='ltr'>foris</span> <span class='ocrx_word' id='word_1_268' title='bbox 707 3751 832 3812; x_wconf 89' lang='lat' dir='ltr'>cohibet</span> <span class='ocrx_word' id='word_1_269' title='bbox 862 3772 995 3831; x_wconf 73' lang='lat' dir='ltr'>manum,</span> 
     </span>
     <span class='ocr_line' id='line_1_43' title="bbox 123 3837 896 3916; baseline 0.008 -12"><span class='ocrx_word' id='word_1_270' title='bbox 123 3856 198 3904; x_wconf 63' lang='lat' dir='ltr'>muse</span> <span class='ocrx_word' id='word_1_271' title='bbox 210 3877 262 3916; x_wconf 77' lang='lat' dir='ltr'>opp.</span> <span class='ocrx_word' id='word_1_272' title='bbox 277 3867 303 3907; x_wconf 91' lang='lat' dir='ltr'>v.</span> <span class='ocrx_word' id='word_1_273' title='bbox 316 3867 344 3907; x_wconf 77' lang='lat' dir='ltr'>s.</span> <span class='ocrx_word' id='word_1_274' title='bbox 359 3867 388 3906; x_wconf 76' lang='lat' dir='ltr'>aa</span> <span class='ocrx_word' id='word_1_275' title='bbox 401 3867 442 3906; x_wconf 75' lang='lat' dir='ltr'>rer.</span> <span class='ocrx_word' id='word_1_276' title='bbox 455 3867 506 3906; x_wconf 72' lang='lat' dir='ltr'>uns</span> <span class='ocrx_word' id='word_1_277' title='bbox 520 3867 535 3906; x_wconf 86' lang='lat' dir='ltr'>r.</span> <span class='ocrx_word' id='word_1_278' title='bbox 547 3860 570 3916; x_wconf 73' lang='grc' dir='ltr'>ρ’.</span> <span class='ocrx_word' id='word_1_279' title='bbox 585 3868 634 3909; x_wconf 81' lang='lat' dir='ltr'>vor.</span> <span class='ocrx_word' id='word_1_280' title='bbox 643 3869 684 3908; x_wconf 85' lang='lat'>111.</span> <span class='ocrx_word' id='word_1_281' title='bbox 857 3837 896 3902; x_wconf 77' lang='grc'>18</span> 
     </span>
    </p>
   </div>
   <div class='ocr_carea' id='block_1_4' title="bbox 0 0 1178 4208">
    <p class='ocr_par' dir='ltr' id='par_1_9' title="bbox 0 0 1178 4208">
     <span class='ocr_line' id='line_1_44' title="bbox 0 0 1178 4208; baseline 0 1"><span class='ocrx_word' id='word_1_282' title='bbox 0 0 1178 4208; x_wconf 95' lang='lat' dir='ltr'> </span> 
     </span>
    </p>
   </div>
  </div>
 </body>
</html>
