2346 4208
302 275 304 278 ’
382 257 478 314 libror.
496 256 531 314 D.
549 258 627 314 Mart
647 259 767 314 lutheri.
975 254 1039 324 175

195 443 318 503 aienses
341 448 373 505 et
394 443 597 506 Colonienses
618 444 709 504 iacta.
732 441 905 523 Responsio
928 442 1035 505 Luthe·

196 527 283 585 tiana
314 525 354 585 ad
386 528 516 587 eandem
548 527 850 589 condemnationem.
899 527 1037 588 Vuitten·

195 607 327 688 bergae,
350 609 433 688 apud
453 610 652 670 Melchiorem
674 609 851 671 Lottherum
873 610 1037 690 Iuniorem,

195 689 288 753 Anno
309 690 402 774 M.]D.
424 693 490 771 XX,
512 695 542 755 4.
567 694 701 772 (Panzer
716 694 797 754 Anu.
813 700 878 773 typ.
891 692 942 772 IX,
965 696 1036 767 76).

106 872 110 879 ί
156 792 393 854 Vetustissimae
417 795 481 853 eius
505 793 572 853 libri
595 793 746 854 editiones
769 801 857 854 suut:

198 889 424 953 condemnatio
454 893 631 954 doctrinalis
659 893 816 954 Librorum
839 892 960 953 Martini
981 892 1037 952 Lu-

198 974 286 1052 theri,
309 994 363 1055 per
385 976 534 1055 quosdam
547 977 711 1057 Magistros
733 984 857 1037 nostros
871 973 1038 1036 Lovanien.

198 1063 229 1118 et
258 1057 420 1127 colonien.
456 1059 545 1120 iacta.
589 1060 762 1138 Responsio
785 1059 969 1119 Lutheriana
997 1058 1036 1118 ad

197 1138 328 1201 eandem
360 1136 660 1205 condemnationem.
715 1151 755 1219 (8.
778 1141 813 1224 l.)
836 1142 875 1202 M.
898 1143 934 1202 D.
971 1141 1037 1202 XX.

200 1223 234 1283 ln
256 1222 333 1285 line:
355 1225 435 1284 Laus
459 1225 528 1286 dec.
552 1227 579 1287 4.

674 1325 809 1405 (Panzer
830 1323 881 1405 lx,
905 1325 995 1408 122).

149 1455 153 1461 ·
198 1424 423 1487 condemnatio
452 1424 630 1486 doctrinalis
656 1424 805 1486 librorum
831 1425 958 1487 Martini·
982 1426 1037 1486 Lu·

198 1507 276 1568 theri
311 1528 367 1589 per
385 1507 545 1587 ¹quosdam
568 1508 732 1589 Magistros
760 1518 884 1569 nostros
906 1508 1037 1570 Lovani-

198 1609 288 1651 enses
311 1599 342 1651 et
363 1591 568 1652 Colonienses
589 1591 681 1654 iacta.
725 1591 900 1671 Responsio
927 1592 1035 1653 Luthe-

198 1675 285 1734 riana
299 1673 338 1734 ad
354 1674 484 1734 eandem
507 1674 815 1753 condemnationem,
836 1674 885 1734 Ad
904 1674 1036 1736 Christo·

199 1756 327 1837 phorum
353 1757 518 1836 Blancum,
542 1758 562 1817 l.
586 1758 622 1818 U.
645 1757 759 1819 Licent.
783 1757 868 1820 Witt.
894 1760 983 1823 1520.
1005 1760 1036 1820 4.

362 1847 408 1916 (v.
431 1839 460 1904 d.
483 1840 581 1900 Hardt
601 1842 731 1920 Autogr.
753 1840 841 1900 Luth.
863 1840 899 1919 lI,
923 1839 992 1922 68).

198 1937 424 2001 condemnatio
459 1939 637 2001 doctrinalis
662 1941 808 2002 librorum
830 1941 951 2001 Martini
980 1941 1037 2000 Lu-

198 2021 276 2082 theri
304 2042 361 2102 per
388 2023 538 2102 quosdam
573 2025 737 2104 Magistros
764 2023 972 2085 Levanienses
1008 2032 1038 2085 et

198 2104 400 2167 Colonienses
428 2107 518 2167 tacta.
561 2106 734 2187 Responsio
756 2106 878 2167 lutheri
906 2107 945 2167 ad
967 2127 1038 2168 ean·

199 2186 269 2246 dem
284 2189 586 2251 condemnationem.
615 2180 778 2251 Selestadii
800 2189 881 2271 apud
890 2191 1036 2251 Lazarum

196 2268 389 2332 Schurerium
418 2274 449 2331 in
471 2274 601 2353 gratiam
629 2275 786 2353 utriusque
808 2275 913 2354 partis.
936 2275 976 2334 M.
999 2275 1035 2335 D.

195 2352 263 2414 XX.
307 2354 343 2415 In
371 2354 447 2415 line:
503 2355 665 2416 Selestadii
699 2358 730 2416 in
764 2356 891 2419 aedibus
931 2357 1036 2418 Lazari

195 2435 347 2498 Schurerii
379 2439 485 2498 Mense
506 2439 588 2499 Maio
610 2439 650 2500 M.
673 2440 710 2501 D.
732 2437 803 2502 XX.
845 2441 879 2501 ln
908 2442 1035 2520 gratiam

196 2521 478 2602 utriusquepartis.
501 2525 532 2584 4.
661 2522 795 2598 (Penuer
816 2523 881 2602 Vll,
904 2523 993 2605 291.)

197 2617 250 2702 (ln
272 2620 330 2681 hac
363 2641 457 2682 causa
478 2623 601 2682 Lutheri
629 2640 698 2681 cum
729 2621 972 2683 lovaniensibus
1008 2630 1039 2684 et

116 2718 354 2781 Coloniensibus
382 2728 471 2801 gesta
498 2723 678 2802 prodierunt
706 2725 797 2784 etiem
826 2724 857 2784 hi
887 2723 954 2784 libri
976 2744 1037 2785 me-

112 2810 233 2864 moratu
256 2803 357 2886 digni:

199 2903 314 2964 Contra
354 2904 556 2966 doctrinalem
594 2906 785 2986 quorundam
821 2908 1035 2990 Magistrorum

199 2993 374 3047 nostrorum
395 2987 640 3068 damnationem,
669 2990 871 3051 Lovaniensis
894 2991 1037 3052 610616-

196 3071 312 3130 niensis
335 3071 443 3148 studii,
473 3071 623 3133 Johannis
646 3073 804 3135 Doelsohii
827 3074 1037 3136 Veltlrirchen-

198 3154 239 3212 sis
259 3173 277 3213 e
298 3154 393 3214 literis
416 3156 510 3214 sacris
533 3158 628 3235 petita
641 3157 790 3218 Defensio
812 3176 868 3236 pro
892 3157 1036 3218 Christia-

195 3238 323 3297 nissimo
345 3246 547 3318 praeceptore
569 3259 624 3301 suo
643 3240 927 3301 MartinoLuthero
953 3241 1037 3302 Vuit-

199 3319 366 3400 tenbergae
391 3319 433 3402 (s.
458 3320 517 3403 a).
539 3322 574 3382 ln
595 3320 671 3383 line:
697 3326 772 3409 Θεῷ
794 3321 889 3398 δόξα.
911 3325 939 3386 4.
971 3322 1037 3405 (Τί-

191 3407 246 3467 tuli
269 3406 382 3485 pagina
403 3407 498 3485 signis
521 3407 756 3487 typographicis·
772 3413 819 3467 est
841 3410 978 3481 ornata).

200 3507 307 3568 Simon
331 3507 446 3567 Hessus
468 3508 602 3570 Luthero
625 3507 761 3570 ostendit
783 3527 918 3588 caussas,
942 3528 1037 3588 quare

198 3590 383 3650 Lutheriaua
405 3592 553 3669 opuscula
583 3612 602 3652 6
625 3592 861 3655 coloniensibus
889 3603 921 3654 et
940 3593 1036 3654 Lorn-

197 3673 354 3734 niensibus
376 3675 438 3734 sint
457 3675 617 3737 combusta
638 3683 696 3738 etc.
739 3677 888 3757 Dialogus
902 3678 1036 3740 Simonis

200 3756 291 3817 Hessi
320 3765 351 3818 et
372 3757 493 3818 Martini
515 3758 638 3821 Lutheri
661 3760 837 3822 Wormacie
865 3782 963 3843 nuper
982 3764 1035 3823 ha
