2346 4208
193 256 258 325 214
426 255 583 325 Disputatio
604 257 710 324 Lipsiae
728 256 824 308 habita
842 270 866 309 a.
885 253 950 307 XIX

200 446 284 528 quod
305 464 363 506 nos
385 447 579 526 puniremus,
614 446 639 504 si
667 446 753 508 Deus
776 445 870 507 vellet
897 445 1025 528 punire,
1063 445 1117 504 iarn
1162 446 1166 497 t

197 531 244 594 bis
266 530 389 611 puniret
410 528 441 589 id
462 530 573 609 ipsum.

281 613 448 673 Praeterea
470 613 555 672 clara
575 612 698 672 luerunt
721 610 867 692 Cypriani
887 610 998 689 verba,
1028 609 1116 691 θὴν]-

197 697 355 774 sostomi,
370 695 513 776 Gregorii
534 696 592 773 IV,
615 695 811 776 Hieronymi,
844 694 926 775 quod
955 712 1061 774 poena
1079 694 1116 754 in

198 782 307 843 iuncto
328 799 346 839 a
369 778 531 840 sacerdote
552 780 582 839 in
602 779 843 845 satisfactionem
866 784 914 839 est
936 797 1042 859 poena
1056 777 1115 837 Deo
1157 838 1160 843 .

198 863 321 941 debita,
350 868 382 922 ct
410 863 453 922 ita
474 862 598 939 Victor,
633 863 789 941 quianon
812 862 997 942 impleverat
1017 860 1113 941 poeni-
1138 872 1166 935 ,“

199 948 329 1009 tentiam
355 946 524 1006 iniunctam
547 965 566 1005 a
589 945 763 1026 cypriano,
786 945 896 1006 dicitur
916 943 1056 1007 nondum
1075 962 1113 1003 aa

201 1030 356 1091 tisfecissc
378 1028 456 1092 Deo.
500 1027 591 1102 Quod
622 1036 653 1089 ct
673 1029 854 1090 Theodorus
886 1029 917 1088 in
941 1026 1118 1108 suo'poeni·

206 1112 341 1189 tentiali,
383 1131 473 1190 quem
508 1114 644 1191 sequitur
677 1114 764 1191 quasi
790 1111 830 1173 ad
862 1111 991 1173 verbum
1028 1108 1111 1185 Beda,

204 1195 235 1257 id
252 1197 353 1276 ipsum
376 1200 514 1273 testatur,
525 1196 665 1274 quamvis
686 1195 766 1256 forte
786 1214 844 1256 nec
856 1196 877 1255 ii
901 1201 1028 1255 autores
1048 1194 1112 1254 sicat
1152 1200 1156 1207 '

203 1298 263 1340 nec
284 1276 416 1338 isidorus
438 1278 468 1339 ei
490 1278 730 1352 satisfaciunt¹].
1146 1296 1155 1309 ²

286 1359 377 1422 Unde
398 1360 544 1440 quidquid
567 1360 650 1422 dicat
672 1380 735 1437 ore,
757 1362 936 1423 autoritates
953 1378 1062 1421 omnes
1079 1357 1109 1419 ie

205 1464 276 1520 cere
298 1461 354 1524 pro
378 1463 432 1522 eo,
465 1451 568 1504 tamen
591 1446 799 1505 necessarium
829 1450 893 1522 est,
925 1442 1011 1523 quod
1032 1438 1111 1503 corde
1157 1500 1160 1505 .

204 1527 381 1588 dissentiat:
417 1546 484 1587 cum
523 1527 584 1588 hae
611 1529 799 1588 autoritates·
814 1527 984 1588 doctrinam
1008 1526 1112 1586 eiuset
1157 1510 1166 1613 i

197 1609 437 1688 ,conclusionem
460 1610 647 1673 subvertant.
684 1610 714 1672 Si
744 1613 825 1670 enim
848 1608 995 1670 sacerdos
1017 1609 1112 1690 peccat

205 1713 267 1755 non
298 1692 490 1754 absolvendo
520 1714 538 1754 a
567 1707 677 1773 poena·
703 1701 734 1754 et
756 1694 861 1773 culpa,
892 1701 966 1753 tunc
988 1688 1111 1773 episcopi

204 1782 388 1859 peccassent
418 1796 479 1838 non
511 1776 709 1837 absolventes
733 1777 890 1837 Victorem
919 1795 940 1836 a
959 1776 1111 1855 poenaet
1153 1780 1156 1785 '

204 1860 313 1940 culpa,
348 1867 379 1920 et
405 1878 513 1920 omnes
547 1859 722 1921 sacerdotes
751 1866 917 1940 peccarent
943 1877 1001 1939 per
1022 1854 1110 1919 urbm

207 1942 412 2004 Christianum
436 1942 633 2003 absolventes
656 1948 744 2003 extra
765 1942 983 2024 indulgentias.

288 2025 397 2104 Neque
424 2025 578 2085 relevatur
604 2027 635 2085 in
667 2046 722 2102 eo,
755 2025 837 2105 quod
870 2023 984 2087 debeat
1005 2037 1110 2089 cruam

207 2114 347 2188 portare,
380 2115 410 2168 et
441 2108 521 2168 hanc
550 2127 683 2188 poenam
706 2111 811 2190 exigat
833 2109 926 2170 Deus.
969 2106 1048 2182 Quia
1066 2105 1109 2165 tra

206 2192 307 2251 crucis
326 2192 459 2270 portatio
483 2211 544 2252 uon
568 2200 615 2252 cst
637 2191 729 2271 aliud,
753 2212 846 2270 quam
868 2193 932 2252 vita
944 2190 1108 2260 Christiana

207 2275 288 2334 sicut
319 2275 386 2353 ipse
407 2275 593 2349 reverendus
627 2274 718 2335 Pater
755 2275 846 2335 docte
875 2273 936 2335 hoc
966 2270 1107 2352 exposuit,

207 2356 263 2417 sed
285 2374 354 2416 cum
376 2357 436 2418 hoc
467 2365 591 2436 oportet
622 2357 661 2417 de
682 2359 856 2437 praeteritis
879 2354 1107 2433 satisfeceras

209 2439 372 2500 Dominum
397 2440 556 2519 deprecari
578 2441 616 2500 de
638 2441 820 2520 praeteritis.

290 2522 337 2583 De
358 2526 570 2584 reservatione
601 2542 727 2584 casuum
755 2523 926 2586 Conclusio
951 2542 1021 2583 mea
1050 2512 1107 2581 nibil

208 2604 317 2683 habet,
352 2614 455 2666 tamen
479 2608 706 2667 reservationes
736 2606 912 2668 moderatas
939 2605 1032 2667 credo
1053 2616 1109 2663 csoe

209 2688 309 2767 utiles,
333 2690 415 2768 quod
440 2691 532 2750 etiam
551 2690 681 2751 Praelati
703 2692 733 2750 in
756 2691 950 2751 monasteriis
970 2686 1107 2768 experiun-

164 2846 167 2851 μ
209 2779 267 2833 tur.
290 2771 402 2834 Fateor
424 2774 573 2853 ingenue,
596 2793 644 2834 me
667 2793 736 2834 esse
757 2774 789 2833 in
811 2780 886 2834 voto
908 2770 1070 2843 Gcrsonis,
1084 2766 1107 2822 i!

209 2854 341 2915 concilio
377 2856 607 2917 constantiensi
647 2856 870 2935 interpellantis
903 2874 960 2935 pro
998 2844 1110 2935 dolend·

209 2938 375 2998 immodica
398 2941 608 3000 reservatione
631 2959 772 3016 casuum,
803 2945 834 2999 et
856 2939 1046 3018 potissimum
1065 2931 1109 3022 dits

209 3021 305 3101 plicet
328 3023 401 3082 mihi
423 3023 473 3082 illa
497 3023 684 3097 reservatio,
720 3023 799 3081 sicut
828 3029 860 3082 et
880 3021 1016 3082 Domino
1036 3020 1109 3080 Palus

209 3104 333 3183 quando
359 3105 452 3166 habet
475 3106 633 3165 avaritiam
657 3107 822 3185 comitem,
843 3104 875 3165 id
898 3111 965 3182 est,
987 3098 1109 3185 pecual&

209 3207 274 3247 rum
298 3206 430 3266 poenam
453 3208 617 3250 annexam.
1088 3259 1092 3271 Ι

292 3271 464 3347 Ecclesiam
497 3291 559 3331 non
583 3271 657 3331 dicit
679 3273 841 3347 ruituram,
875 3270 900 3328 si
923 3267 1065 3330 sacerdos
1086 3274 1112 3318 ¹ss

210 3373 267 3414 sua
290 3354 437 3434 parochia
459 3363 543 3416 esset
570 3358 733 3435 opiscopus
756 3362 787 3414 ct
808 3373 911 3433 papa,
933 3359 1017 3413 certe
1038 3359 1113 3429 app*

210 3444 258 3497 ret
282 3437 372 3516 mihi,
402 3440 426 3499 si
456 3447 538 3500 esset
559 3439 638 3498 illius
661 3437 856 3518 pulcherrimi
879 3434 998 3497 ordinis
1020 3435 1115 3494 hienr-

212 3520 291 3581 chici
323 3523 497 3602 corruptio,
534 3521 617 3601 quod
653 3523 745 3582 etiam
775 3526 859 3580 esset
885 3519 1039 3580 ecclesiae
1060 3505 1118 3575 sul

211 3622 322 3666 versio.

214 3744 632 3755 ——-—-—·—·-—---—--—-

248 3794 277 3861 t)
298 3795 328 3848 ln
346 3792 390 3849 cd.
410 3795 497 3866 σήμ
518 3794 659 3847 satisfacit.
