2346 4208
111 249 176 320 tot
446 250 603 319 Centies&
621 255 695 307 ¹⁸6⁰

196 438 258 501 Sed
274 441 334 501 ism
353 457 403 499 me
423 440 525 518 piget,
546 438 660 515 taedet,
680 437 785 518 pudet,
808 441 939 501 miseret
958 441 1043 500 istius

111 522 222 585 induiti
244 522 348 583 Cabos
369 523 637 602 superstitionum,
659 523 788 600 quasin
811 532 1041 583 sacramentum

111 604 192 668 istud
222 606 426 667 consessionis
454 605 674 665 saluberrimae
701 606 819 665 invexit
848 606 963 666 infelix
991 605 1043 666 ills

112 689 287 751 sincerioris
310 688 486 768 theologiae
517 689 712 768 ignorantia,
740 707 822 766 quse
843 689 1042 767 tyrannidem

116 792 202 834 suam
225 773 328 851 egita
351 779 489 850 tempore
512 773 763 832 constitutionum
784 771 1005 833 humanarum.

487 887 668 949 Undecimo.

195 1004 348 1082 Consulo,
378 1004 462 1084 quod
484 1012 515 1064 et
542 1005 695 1066 lohannes
724 1005 846 1067 Gerson
876 1007 1044 1087 aliquoties

21 1110 28 1126 ·
115 1085 286 1165 consuluit,
316 1085 535 1165 utaliquando
565 1108 634 1148 cum
657 1089 800 1169 scrupulo
831 1092 1046 1153 conscientiae

116 1172 183 1253 quis
205 1168 334 1230 accedat
356 1169 395 1230 ad
417 1170 514 1231 altare
536 1191 591 1231 seu
624 1180 865 1249 sacramentum,
901 1173 1070 1236 videlicet‘

114 1273 177 1316 non
199 1250 367 1331 confitens,
396 1254 421 1313 si
453 1253 665 1315 immodestius
688 1255 739 1315 vel
761 1255 889 1334 biberit,
922 1256 1045 1336 dixerit,

116 1335 275 1398 dormierit
297 1344 349 1396 aut
370 1334 453 1396 aliud
482 1336 554 1417 quid
582 1338 704 1416 lecerit,
739 1346 790 1398 aut
817 1338 928 1400 horam
952 1361 1044 1402 unam

116 1418 250 1501 aliquam
267 1437 331 1480 non
344 1420 487 1481 oraverit.
510 1420 564 1480 Vis
580 1422 668 1499 scire,
691 1419 785 1500 quare
798 1421 831 1482 id
843 1423 1046 1485 consulatur?

116 1502 212 1564 Audi:
235 1510 266 1562 ut
276 1501 369 1564 homo
384 1502 519 1567 discatiu
529 1504 586 1563 Dei
602 1505 841 1566 misericordiam
850 1506 925 1585 plus
939 1506 1045 1580 fidere,

118 1605 209 1667 quam
233 1587 371 1646 insuam
402 1585 629 1648 confessionem
652 1595 704 1649 aut
732 1587 937 1668 diligentiam.
961 1590 1044 1653 Nihil

115 1670 195 1730 eninr
219 1669 293 1729 satis
322 1666 387 1729 fieri
419 1674 523 1749 potest
550 1669 697 1730 adversus
729 1670 926 1732 maledictam
959 1673 1044 1735 illam

115 1751 257 1813 fiduciam
282 1770 407 1830 operum
430 1759 615 1814 nostrorum.

200 1833 300 1895 Etiam
323 1834 404 1912 idea,
428 1842 469 1912 ut,
492 1837 518 1896 si
540 1854 619 1915 quae
631 1835 680 1896 vel
702 1837 882 1896 tentat-ionis
893 1837 944 1898 vel
968 1859 1045 1901 mor·

117 1916 157 1980 tis
179 1919 302 2000 ingruat
323 1918 503 1997 necessitas,
526 1927 556 1980 et
566 1919 727 1998 coeperint
747 1937 898 1999 apparere
921 1922 1046 1984 occulta

117 2001 174 2063 illa
198 2008 336 2084 peccata,
357 2020 436 2082 quse
458 2021 612 2081 nunquam
638 2001 741 2063 videre
763 2009 816 2062 aut
828 2002 973 2065 confiteri
995 2024 1046 2086 po

116 2086 182 2163 tuit,
206 2091 268 2146 tum
290 2085 350 2146 iam
380 2092 521 2166 paratum
558 2084 672 2147 habeat
700 2104 788 2144 usum
811 2083 993 2149 confidendi
1013 2089 1044 2149 iu

113 2168 170 2229 Dei
193 2167 432 2229 misericordiam
454 2167 588 2249 indiguis
611 2169 804 2248 praestitam,
839 2169 926 2230 iuxta
949 2170 1043 2232 illud:

114 2251 254 2313 Paratum
289 2271 344 2311 cor
385 2253 449 2311 eius
479 2271 603 2331 sperare
636 2253 667 2310 iu
703 2251 845 2312 Domino.
893 2253 1043 2334 Alioquin

114 2334 272 2414 quomodo
296 2334 430 2415 sperabit
448 2334 478 2393 iu
495 2336 587 2394 tantis
605 2334 735 2394 molibus
747 2341 948 2414 peccatorum
973 2346 1051 2403 tunc·

116 2419 293 2479 irruentium
317 2417 435 2493 subito,
458 2419 508 2497 qui
532 2418 562 2477 iu
584 2417 642 2477 hac
664 2418 736 2494 vita,
756 2417 828 2477 dum
851 2420 950 2479 otium
974 2428 1045 2497 erat,

116 2520 172 2562 nco
194 2504 223 2562 in
249 2501 373 2561 minimo
405 2501 453 2560 vel
481 2499 552 2561 licto
576 2506 705 2582 peccato
736 2499 841 2560 didicit
863 2521 994 2582 sperare
1014 2506 1043 2567 in

39 2615 41 2623 ·
117 2585 271 2647 Domino?

197 2668 229 2731 si
253 2668 342 2729 dicis:
387 2665 467 2743 Quid
501 2667 526 2725 si
559 2667 620 2727 hoc
648 2669 689 2726 sit
719 2675 919 2728 contemnere
944 2689 1043 2732 sacra

115 2760 249 2815 mentum
272 2751 346 2828 Dei,
370 2756 400 2810 et
422 2756 540 2810 tentare
563 2750 682 2810 Deum?
726 2749 931 2828 Respondes:
974 2753 1043 2816 Non

114 2839 171 2899 crit
194 2835 322 2897 tentatio
346 2832 419 2913 Dei,
443 2834 467 2892 si
490 2832 528 2893 ad
550 2833 679 2914 gloriam
703 2832 760 2892 Dei
782 2831 851 2910 fiat,
875 2834 907 2893 id
930 2844 995 2911 est,
1018 2839 1043 2898 si

114 2919 183 2981 ideo
207 2919 312 2998 facias,
337 2935 396 2977 uon
420 2915 502 2996 quod
526 2923 706 2977 contemnas
729 2924 960 2979 sacramentum
977 2920 1043 2998 Dei,

114 3021 172 3067 nec
194 3023 262 3065 eum
286 3008 400 3080 tentes,
424 3017 492 3059 oum
515 3001 556 3060 sis
578 3007 702 3079 paratus
727 3001 817 3059 etiem
842 3003 949 3061 omnia
973 3022 1042 3066 con·

114 3085 209 3165 flteri,
242 3084 296 3146 sed
327 3088 359 3144 ut
382 3084 523 3144 miseram
554 3083 774 3144 conscientiam
799 3084 992 3146 assuefacias
1013 3088 1042 3148 in

114 3170 212 3232 Deum
236 3166 408 3244 confidere,
444 3174 475 3226 et
511 3186 570 3227 uon
595 3166 634 3225 ad
657 3185 779 3226 ornnem
812 3167 948 3228 sonitum
979 3169 1043 3231 folii

113 3252 245 3314 volantis
280 3270 403 3332 pavere.
447 3249 515 3308 Nou
555 3247 691 3327 dubites,
724 3250 828 3307 omnia
856 3268 937 3329 quae
968 3251 1043 3314 fiunt

114 3336 173 3396 hoc
196 3335 272 3412 flue,
305 3341 337 3393 ut
364 3332 475 3392 fiducia
502 3333 532 3392 in
556 3332 653 3392 Deum
683 3330 848 3410 habeatur,
877 3341 952 3394 sunt
975 3335 1040 3397 Deo

113 3419 296 3499 gratissima,
319 3435 387 3476 cum
411 3423 476 3477 tota
491 3415 591 3496 gloria
613 3417 677 3475 eius
701 3416 740 3474 sit
760 3414 848 3492 haec,
871 3417 897 3476 si
921 3419 955 3478 in
979 3421 1041 3487 eius

115 3501 353 3565 misericordiam
369 3520 460 3580 quam
470 3496 869 3580 magnanimissimeoanfisi
884 3500 1041 3567 fuerimus.

114 3582 183 3646 Non
207 3591 309 3646 tamen
332 3583 415 3661 volo,
439 3590 470 3643 ut
492 3602 615 3662 semper
636 3580 760 3660 itafiat,
784 3581 838 3641 sed
862 3582 1042 3667 aliquando,

111 3666 252 3750 inquam,
290 3673 406 3728 tautum
437 3666 475 3727 ad
505 3664 683 3748 erigendam
705 3663 847 3725 fiduciam
876 3667 908 3728 iu
931 3669 1041 3752 Deum,

115 3765 153 3811 ao
175 3748 392 3815 destruendam
415 3748 558 3817 fiduciam
581 3754 706 3810 nostrae
728 3747 947 3816 confessionis.

9 3802 124 3936 ἱ
