2346 4208
180 258 244 327 492
350 260 459 333 Diaput
478 259 513 316 D.
534 260 568 315 ll.
587 260 614 314 L.
636 263 732 322 contra
753 265 805 315 art.
828 258 932 316 Lovan.

244 445 296 509 71.
324 443 374 524 Ut,
398 444 496 524 qualis
526 450 573 506 est
602 444 749 526 populus,
772 443 850 506 talen
878 442 1110 527 hamatilem,

181 529 263 589 iusto
297 526 412 589 iudicio
447 529 522 609 nei,
557 529 642 589 euius
674 528 803 591 verbum
838 530 1060 590 contemnunt
1080 533 1110 588 et

125 622 129 627 ’
183 609 408 692 blasphemant.
1077 639 1080 645 ·

244 697 294 758 72.
323 694 381 756 Hie
403 713 471 754 eum
494 692 564 754 Elia
591 692 667 754 libet
696 694 756 754 illis
791 693 939 755 illudere:
970 693 1110 754 Clamate

183 795 262 837 voaa
284 777 410 859 maiore,
433 779 504 838 sunt
525 778 606 837 enim
631 776 688 855 dii,
710 777 883 838 orationem
905 777 1109 852 habentsres

181 866 287 957 egunt,
309 867 514 941 aut'peregre
533 860 675 943 profecti,
698 867 752 920 aut
774 867 858 921 carte
880 860 1055 938 dormiunt,
1078 865 1110 919 ut

181 948 424 1100 excssgntrbrssam
452 1024 580 1104 turpiter
609 1032 640 1086 et
670 1033 798 1087 aeterna
824 1025 895 1086 labe
919 1025 1109 1087 dedecorant

184 1109 324 1170 Caesaris
346 1107 465 1187 Oarali,
498 1113 546 1170 tot
566 1109 752 1190 populorum
774 1109 941 1189 Prinaipis,
977 1108 1110 1168 alerissi·

183 1211 265 1253 mum
295 1211 427 1270 noman,
459 1197 490 1251 et
517 1211 603 1251 suum
637 1193 791 1269 seculum,
824 1210 893 1252 eum
925 1193 1110 1272 praetexunt

183 1295 251 1337 eum
274 1274 473 1337 aonfirmaese
494 1281 556 1335 tam
579 1275 730 1357 sacrilega
752 1282 782 1336 et
798 1275 939 1336 satanica
964 1280 1108 1355 portenta

79 1421 83 1426 .
133 1400 136 1406 ⁴
183 1376 300 1421 eorum.

144 1496 146 1500 Α
244 1443 294 1506 74.
322 1441 391 1501 Νοη
414 1447 589 1521 astragum
617 1447 669 1501 aut
689 1442 863 1521 principum
885 1442 979 1501 etiam
1003 1443 1105 1500 veram
1141 1491 1143 1495 .

182 1523 355 1586 doctrinam
378 1522 574 1602 confirmare,
598 1524 652 1585 sed
675 1525 704 1584 ai
726 1524 835 1585 subiici
864 1530 895 1584 at
916 1525 1049 1602 servire,
1077 1529 1109 1582 ut

183 1608 293 1670 Psalm.
316 1610 336 1670 2
365 1605 488 1668 dieitur:
532 1608 572 1668 Et
592 1624 674 1668 nunc
694 1626 784 1688 rages
806 1606 985 1687 intelligite,
1015 1605 1108 1667 erudi·

183 1691 257 1752 mini
278 1690 395 1751 iudices
418 1698 529 1752 terrae.

97 1851 104 1858 ,
244 1778 294 1839 75.
317 1774 413 1834 Multo
436 1775 536 1834 minue
557 1773 678 1834 illorum
703 1780 759 1852 est,
780 1773 892 1854 impia,
917 1771 1109 1853 blasphema,

180 1856 343 1920 idolatriae
365 1856 512 1938 dogmata
526 1855 719 1935 eonfirmara
742 1862 794 1918 aut
811 1857 900 1934 tueri,
922 1857 987 1917 imo
1003 1861 1110 1916 eontra

181 1941 243 2003 illis
266 1960 334 2001 eum
358 1940 490 2002 aeclesia
510 1941 654 2002 resistere
678 1945 709 2001 et
730 1940 886 2000 damnare.

247 2026 296 2090 76.
325 2025 417 2085 Disce
439 2042 530 2104 argo,
563 2024 657 2084 frater
679 2023 863 2101 christiane,
899 2021 938 2083 ab
964 2021 1109 2101 exemplo

184 2108 354 2169 miserrimo
376 2106 636 2186 hammensium,
660 2126 770 2169 navare
792 2106 830 2166 ab
854 2105 1016 2167 hominum
1041 2104 1110 2165 doe-

185 2194 264 2255 tn'na
287 2198 318 2252 et
339 2190 515 2272 diligentius
537 2188 714 2252 incumbere
735 2190 830 2251 saeris
853 2189 950 2253 libris.
