2346 4208
444 268 542 316 conns
560 261 738 318 Antinomos.
777 272 784 285 '
984 265 1047 329 441

128 467 189 529 qua
210 449 401 530 relinquere,
435 457 483 512 est
511 450 650 513 morbum
680 453 798 532 peccati
830 462 862 512 et
882 454 987 513 mortis
1009 453 1048 514 ed

127 533 293 612 perniciem
316 533 490 594 horninibus
513 534 677 597 occultare.

188 618 239 679 70.
262 615 397 677 Sublatis
421 624 520 678 morte
541 624 573 678 et
593 622 724 698 peccato
742 617 1045 695 [utShristusfecitj

127 697 259 758 feliciter
282 698 449 778 tolleretur,
472 702 535 761 imo
559 701 611 761 lex
632 699 825 778 stabiliretur,
848 701 938 761 Rom.
961 703 990 765 3.

170 904 407 994 Disputatio
435 922 546 975 sexta
576 915 613 978 D.
641 915 802 987 Martini,
828 916 1006 996 Lutherl,

386 1002 523 1058 contra
547 997 788 1062 Antinomos.

440 1133 530 1194 Auno
553 1132 592 1196 Μ.
616 1133 652 1193 Ι).
674 1132 734 1195 XL.

209 1270 237 1329 1.
260 1267 323 1327 lsta
344 1269 565 1347 consequentia
586 1267 616 1332 S.
639 1267 735 1345 Pauli,
757 1269 808 1330 ubi
831 1289 894 1331 non
916 1275 962 1329 est
983 1270 1046 1347 lex,

125 1349 168 1410 ibi
191 1369 249 1410 nec
272 1351 511 1430 praevaricatio,
544 1371 606 1412 non
638 1351 737 1413 solum
769 1353 959 1434 theologice,
991 1353 1046 1414 sed

126 1433 218 1494 etiam
241 1433 368 1513 politice
391 1443 422 1494 et
443 1435 621 1495 naturaliter
642 1435 725 1496 bone
747 1443 803 1496 est.

208 1518 237 1580 2.
268 1515 414 1578 Similiter
435 1525 466 1578 et
485 1517 550 1594 illa,
573 1516 623 1578 ubi
644 1537 709 1579 uon
731 1525 780 1579 est
799 1524 977 1598 peccatum,
1005 1518 1047 1579 ibi

125 1617 184 1659 nec
205 1618 309 1679 poena
330 1619 389 1660 nec
409 1601 560 1663 remissio.

208 1684 237 1748 3.
261 1682 405 1744 Similiter
427 1690 459 1744 et
478 1683 541 1760 illa,
564 1680 615 1743 ubi
638 1701 701 1745 non
723 1691 771 1744 est
794 1703 899 1765 poeno
920 1702 978 1744 uec
999 1704 1045 1744 re-

125 1764 242 1847 missio,
264 1764 306 1825 ibi
329 1784 388 1827 nec
408 1768 453 1826 ira
476 1786 534 1826 nec
556 1767 664 1847 gratia.

208 1850 237 1911 4.
260 1847 405 1909 Similiter
428 1857 459 1909 et
479 1849 542 1928 illa,
565 1848 616 1911 ubi
638 1868 701 1909 non
724 1857 772 1911 est
792 1851 837 1911 ira
859 1869 917 1910 nec
938 1850 1047 1930 gratia,

123 1929 165 1990 ibi
190 1950 248 1991 nec
269 1930 373 1992 diviua
394 1951 454 1993 nec
473 1932 609 1993 humane
629 1932 822 2012 gubernatio,

208 2017 237 2078 5.
261 2013 406 2075 Similiter
428 2021 459 2075 et
479 2014 543 2093 illa,
566 2013 617 2076 ubi
639 2033 702 2076 non
725 2022 773 2076 est
794 2014 897 2077 divina
918 2035 977 2076 nec
994 2016 1047 2075 hu-

125 2115 218 2157 mana
240 2096 432 2178 gubernatio,
454 2097 496 2158 ibi
518 2117 577 2159 nec
593 2099 676 2159 Deus
697 2117 756 2158 nec
776 2098 880 2160 homo.

207 2182 236 2244 6.
260 2178 405 2241 Similiter
427 2187 458 2242 et
478 2181 541 2260 illa,
563 2181 614 2242 ubi
630 2199 693 2242 uon
711 2190 758 2242 est
769 2182 851 2242 Deus
867 2201 925 2242 nec
940 2181 1046 2259 homo,

121 2261 164 2322 ibi
188 2262 261 2323 nihil
285 2264 344 2322 uisi
366 2263 446 2324 forte
468 2263 619 2326 diabolus.

204 2349 236 2409 7.
256 2344 325 2420 Quo
347 2343 390 2422 fit,
413 2352 447 2406 ut
464 2347 625 2410 Antinomi
640 2347 718 2427 legis
739 2347 846 2408 hostes
869 2348 930 2409 sint
951 2347 1045 2429 plane

122 2427 171 2486 vel
193 2429 252 2507 ipsi
275 2426 405 2505 diaboli,
422 2429 472 2489 vel
494 2429 610 2491 diaboli
631 2429 749 2492 frames.

208 2511 237 2574 8.
265 2510 348 2570 Nihil
369 2514 455 2572 iuvat
476 2514 678 2592 Antinomos,
712 2511 795 2592 quod
818 2513 989 2594 gloriantur
1012 2532 1045 2574 se

122 2591 162 2653 de
185 2593 262 2668 Deo,
285 2593 416 2671 Christo,
438 2596 546 2675 gratia,
569 2596 639 2675 lege
662 2602 720 2656 etc.
742 2594 874 2676 plurima
895 2596 1018 2657 docere.

207 2679 235 2740 9.
258 2676 327 2737 Nou
350 2695 464 2738 novum
487 2697 545 2738 nec
566 2698 666 2740 rarum
691 2686 751 2757 est,
784 2698 898 2739 nomen
922 2678 1046 2740 Domini
1118 2746 1121 2751 ,

122 2760 154 2820 in
178 2778 289 2819 vanum
313 2761 403 2837 sumi,
426 2762 517 2821 etiam
542 2761 580 2822 ab
602 2762 678 2841 ipsis
700 2761 909 2826 daemonibus.
1042 2761 1047 2768 “

187 2839 234 2905 10.
264 2843 501 2904 Antinomorum
525 2844 678 2905 confessio
701 2845 808 2904 similis
836 2853 883 2905 est
904 2845 962 2920 illi,
996 2843 1046 2904 ubi

122 2925 292 2986 daemones
309 2925 457 2986 clamant:
480 2926 526 2986 Tu
551 2946 584 2987 es
606 2926 839 3008 filiusDeivivi,
861 2926 1045 2991 Luc.4ct8.

187 3011 235 3070 11.
263 3007 304 3068 Et
335 3007 457 3068 illorum
492 3009 831 3090 pseudoprophetarum
863 3013 1045 3088 iuramento,

122 3091 208 3150 Vivit
236 3090 402 3166 Dominus,
437 3111 504 3153 oum
538 3097 642 3154 tamen
675 3092 754 3154 falso
781 3094 934 3173 iurarent,
968 3101 1046 3154 teste

121 3173 203 3234 lsaia
225 3180 257 3233 et
276 3173 414 3238 Ieremia.

185 3258 233 3320 12.
256 3254 315 3330 Qui
336 3257 436 3337 legem
460 3256 656 3319 damnantem
674 3267 767 3338 negat
780 3258 954 3320 docendam
967 3279 1045 3337 esse,

121 3357 156 3400 re
177 3340 245 3420 ipse
266 3338 367 3420 legem
390 3338 569 3420 simpliciter
590 3349 692 3422 negat.

187 3423 234 3486 13.
264 3422 312 3482 Αο
333 3424 359 3483 ai
382 3422 454 3503 quid
478 3422 516 3484 de
548 3424 618 3504 lege
651 3424 759 3502 docet,
794 3423 933 3486 velamen
956 3422 1046 3505 Masi,

123 3523 186 3566 non
209 3504 318 3565 faciem
343 3505 455 3566 cleram
480 3514 512 3567 et
533 3526 654 3586 veram,
676 3506 708 3567 id
731 3512 795 3586 est,
818 3509 981 3570 carnaliter
1002 3509 1046 3569 in-

123 3587 279 3649 tellectam
302 3587 403 3653 docet.

188 3673 234 3735 14.
264 3671 328 3732 Lex
364 3691 426 3733 non
456 3672 605 3733 damnans
635 3677 682 3732 est
714 3672 766 3733 lex
794 3671 866 3735 licta
893 3680 924 3737 et
953 3677 1045 3757 picta,

122 3753 202 3815 sicut
223 3750 385 3817 Chimaera
405 3761 459 3816 aut
479 3754 703 3837 Tragelaphus.
