<?xml version="1.0" encoding="UTF-8"?>
<!DOCTYPE html PUBLIC "-//W3C//DTD XHTML 1.0 Transitional//EN"
    "http://www.w3.org/TR/xhtml1/DTD/xhtml1-transitional.dtd">
<html xmlns="http://www.w3.org/1999/xhtml" xml:lang="en" lang="en">
 <head>
  <title>
</title>
<meta http-equiv="Content-Type" content="text/html;charset=utf-8" />
  <meta name='ocr-system' content='tesseract 3.04.00' />
  <meta name='ocr-capabilities' content='ocr_page ocr_carea ocr_par ocr_line ocrx_word'/>
</head>
<body>
  <div class='ocr_page' id='page_1' title='image "./dmartinilutheri04luthgoog_0724.png"; bbox 0 0 2346 4208; ppageno 0'>
   <div class='ocr_carea' id='block_1_1' title="bbox 289 252 1047 320">
    <p class='ocr_par' dir='ltr' id='par_1_1' title="bbox 289 252 1047 320">
     <span class='ocr_line' id='line_1_1' title="bbox 289 252 1047 320; baseline 0 -10"><span class='ocrx_word' id='word_1_1' title='bbox 289 256 325 310; x_wconf 92' lang='lat' dir='ltr'><strong>ad</strong></span> <span class='ocrx_word' id='word_1_2' title='bbox 344 255 609 312; x_wconf 67' lang='lat' dir='ltr'><strong>condemnationem</strong></span> <span class='ocrx_word' id='word_1_3' title='bbox 628 254 820 311; x_wconf 67' lang='lat' dir='ltr'><strong>doctrinalem.</strong></span> <span class='ocrx_word' id='word_1_4' title='bbox 985 252 1047 320; x_wconf 78' lang='lat'><strong>201</strong></span> 
     </span>
    </p>
   </div>
   <div class='ocr_carea' id='block_1_2' title="bbox 121 426 1120 691">
    <p class='ocr_par' dir='ltr' id='par_1_2' title="bbox 121 426 1120 691">
     <span class='ocr_line' id='line_1_2' title="bbox 121 426 1120 507; baseline -0.004 0"><span class='ocrx_word' id='word_1_5' title='bbox 121 444 173 507; x_wconf 83' lang='lat' dir='ltr'><strong>vel</strong></span> <span class='ocrx_word' id='word_1_6' title='bbox 193 444 384 505; x_wconf 75' lang='lat' dir='ltr'><strong>mittentium</strong></span> <span class='ocrx_word' id='word_1_7' title='bbox 408 461 473 504; x_wconf 87' lang='lat' dir='ltr'><strong>eos.</strong></span> <span class='ocrx_word' id='word_1_8' title='bbox 516 442 650 505; x_wconf 83' lang='lat' dir='ltr'><strong>Proinde</strong></span> <span class='ocrx_word' id='word_1_9' title='bbox 678 461 807 504; x_wconf 87' lang='lat' dir='ltr'><strong>necesse</strong></span> <span class='ocrx_word' id='word_1_10' title='bbox 824 448 876 503; x_wconf 85' lang='lat' dir='ltr'><strong>¹est</strong></span> <span class='ocrx_word' id='word_1_11' title='bbox 895 442 1047 504; x_wconf 74' lang='lat' dir='ltr'><strong>haeresim</strong></span> <span class='ocrx_word' id='word_1_12' title='bbox 1111 426 1120 442; x_wconf 76' lang='grc'>’</span> 
     </span>
     <span class='ocr_line' id='line_1_3' title="bbox 121 524 1048 608; baseline -0.003 -19"><span class='ocrx_word' id='word_1_13' title='bbox 121 525 277 590; x_wconf 86' lang='lat' dir='ltr'><strong>hocloco</strong></span> <span class='ocrx_word' id='word_1_14' title='bbox 301 526 454 608; x_wconf 82' lang='lat' dir='ltr'><strong>Magistris</strong></span> <span class='ocrx_word' id='word_1_15' title='bbox 475 527 588 587; x_wconf 88' lang='lat' dir='ltr'><strong>nostris</strong></span> <span class='ocrx_word' id='word_1_16' title='bbox 616 525 805 608; x_wconf 82' lang='lat' dir='ltr'><strong>significare,</strong></span> <span class='ocrx_word' id='word_1_17' title='bbox 839 524 870 586; x_wconf 88' lang='lat' dir='ltr'><strong>id</strong></span> <span class='ocrx_word' id='word_1_18' title='bbox 895 525 978 604; x_wconf 92' lang='lat' dir='ltr'><strong>quod</strong></span> <span class='ocrx_word' id='word_1_19' title='bbox 1001 533 1048 586; x_wconf 89' lang='lat' dir='ltr'><strong>est</strong></span> 
     </span>
     <span class='ocr_line' id='line_1_4' title="bbox 122 602 1048 691; baseline -0.003 -20"><span class='ocrx_word' id='word_1_20' title='bbox 122 610 292 691; x_wconf 85' lang='lat' dir='ltr'><strong>disputare,</strong></span> <span class='ocrx_word' id='word_1_21' title='bbox 314 609 354 670; x_wconf 88' lang='lat' dir='ltr'><strong>de</strong></span> <span class='ocrx_word' id='word_1_22' title='bbox 368 628 409 670; x_wconf 89' lang='lat' dir='ltr'><strong>·re</strong></span> <span class='ocrx_word' id='word_1_23' title='bbox 429 609 560 689; x_wconf 84' lang='lat' dir='ltr'><strong>primum</strong></span> <span class='ocrx_word' id='word_1_24' title='bbox 582 609 796 687; x_wconf 89' lang='lat' dir='ltr'><strong>incertissima,</strong></span> <span class='ocrx_word' id='word_1_25' title='bbox 818 602 931 669; x_wconf 87' lang='lat' dir='ltr'><strong>deinde</strong></span> <span class='ocrx_word' id='word_1_26' title='bbox 948 608 1048 671; x_wconf 89' lang='lat' dir='ltr'><strong>inutili</strong></span> 
     </span>
    </p>
   </div>
   <div class='ocr_carea' id='block_1_3' title="bbox 121 690 1049 3849">
    <p class='ocr_par' dir='ltr' id='par_1_3' title="bbox 121 690 1048 1583">
     <span class='ocr_line' id='line_1_5' title="bbox 123 690 1047 769; baseline 0 -14"><span class='ocrx_word' id='word_1_27' title='bbox 123 699 156 755; x_wconf 87' lang='lat' dir='ltr'><strong>et</strong></span> <span class='ocrx_word' id='word_1_28' title='bbox 177 709 239 755; x_wconf 88' lang='lat' dir='ltr'><strong>uon</strong></span> <span class='ocrx_word' id='word_1_29' title='bbox 262 693 453 754; x_wconf 87' lang='lat' dir='ltr'><strong>necessaria:</strong></span> <span class='ocrx_word' id='word_1_30' title='bbox 497 698 624 753; x_wconf 88' lang='lat' dir='ltr'><strong>econtra</strong></span> <span class='ocrx_word' id='word_1_31' title='bbox 637 691 833 769; x_wconf 87' lang='lat' dir='ltr'><strong>catholicum,</strong></span> <span class='ocrx_word' id='word_1_32' title='bbox 855 692 975 752; x_wconf 87' lang='lat' dir='ltr'><strong>etiamei</strong></span> <span class='ocrx_word' id='word_1_33' title='bbox 995 690 1047 755; x_wconf 83' lang='lat' dir='ltr'><strong>du·</strong></span> 
     </span>
     <span class='ocr_line' id='line_1_6' title="bbox 122 774 1048 853; baseline -0.005 -14"><span class='ocrx_word' id='word_1_34' title='bbox 122 775 214 853; x_wconf 79' lang='lat' dir='ltr'><strong>bites,</strong></span> <span class='ocrx_word' id='word_1_35' title='bbox 235 795 275 837; x_wconf 90' lang='lat' dir='ltr'><strong>an</strong></span> <span class='ocrx_word' id='word_1_36' title='bbox 296 774 374 836; x_wconf 76' lang='lat' dir='ltr'><strong>tides</strong></span> <span class='ocrx_word' id='word_1_37' title='bbox 398 776 429 835; x_wconf 90' lang='lat' dir='ltr'><strong>in</strong></span> <span class='ocrx_word' id='word_1_38' title='bbox 451 792 515 836; x_wconf 89' lang='lat' dir='ltr'><strong>rem</strong></span> <span class='ocrx_word' id='word_1_39' title='bbox 539 776 723 836; x_wconf 88' lang='lat' dir='ltr'><strong>sacramenti</strong></span> <span class='ocrx_word' id='word_1_40' title='bbox 744 776 784 837; x_wconf 89' lang='lat' dir='ltr'><strong>sit</strong></span> <span class='ocrx_word' id='word_1_41' title='bbox 805 775 991 852; x_wconf 83' lang='lat' dir='ltr'><strong>necessaria,</strong></span> <span class='ocrx_word' id='word_1_42' title='bbox 1016 781 1048 835; x_wconf 89' lang='lat' dir='ltr'><strong>ct</strong></span> 
     </span>
     <span class='ocr_line' id='line_1_7' title="bbox 121 856 1047 941; baseline 0 -23"><span class='ocrx_word' id='word_1_43' title='bbox 121 856 315 941; x_wconf 82' lang='lat' dir='ltr'><strong>poenitentia</strong></span> <span class='ocrx_word' id='word_1_44' title='bbox 351 857 479 938; x_wconf 87' lang='lat' dir='ltr'><strong>incipiat</strong></span> <span class='ocrx_word' id='word_1_45' title='bbox 511 858 549 919; x_wconf 89' lang='lat' dir='ltr'><strong>ab</strong></span> <span class='ocrx_word' id='word_1_46' title='bbox 584 875 692 919; x_wconf 86' lang='lat' dir='ltr'><strong>amore</strong></span> <span class='ocrx_word' id='word_1_47' title='bbox 721 858 788 919; x_wconf 87' lang='lat' dir='ltr'><strong>Dei.</strong></span> <span class='ocrx_word' id='word_1_48' title='bbox 831 858 898 918; x_wconf 85' lang='lat' dir='ltr'><strong>Neo</strong></span> <span class='ocrx_word' id='word_1_49' title='bbox 927 858 1047 939; x_wconf 87' lang='lat' dir='ltr'><strong>mirum,</strong></span> 
     </span>
     <span class='ocr_line' id='line_1_8' title="bbox 125 938 1048 1022; baseline 0.001 -20"><span class='ocrx_word' id='word_1_50' title='bbox 125 942 209 1022; x_wconf 85' lang='lat' dir='ltr'><strong>quia,</strong></span> <span class='ocrx_word' id='word_1_51' title='bbox 228 942 257 1002; x_wconf 90' lang='lat' dir='ltr'><strong>si</strong></span> <span class='ocrx_word' id='word_1_52' title='bbox 278 938 496 1022; x_wconf 87' lang='lat' dir='ltr'><strong>philosophiae</strong></span> <span class='ocrx_word' id='word_1_53' title='bbox 509 940 724 1020; x_wconf 75' lang='lat' dir='ltr'><strong>detraxissent,</strong></span> <span class='ocrx_word' id='word_1_54' title='bbox 747 942 825 1003; x_wconf 87' lang='lat' dir='ltr'><strong>sieut</strong></span> <span class='ocrx_word' id='word_1_55' title='bbox 846 959 916 1022; x_wconf 86' lang='lat' dir='ltr'><strong>ego,</strong></span> <span class='ocrx_word' id='word_1_56' title='bbox 938 959 1048 1003; x_wconf 87' lang='lat' dir='ltr'><strong>aenon</strong></span> 
     </span>
     <span class='ocr_line' id='line_1_9' title="bbox 122 1022 1047 1106; baseline 0 -20"><span class='ocrx_word' id='word_1_57' title='bbox 122 1024 227 1106; x_wconf 85' lang='lat' dir='ltr'><strong>potius</strong></span> <span class='ocrx_word' id='word_1_58' title='bbox 249 1022 370 1087; x_wconf 83' lang='lat' dir='ltr'><strong>Christo</strong></span> <span class='ocrx_word' id='word_1_59' title='bbox 393 1030 581 1103; x_wconf 81' lang='lat' dir='ltr'><strong>aequassent</strong></span> <span class='ocrx_word' id='word_1_60' title='bbox 607 1030 654 1100; x_wconf 90' lang='lat' dir='ltr'><strong>et,</strong></span> <span class='ocrx_word' id='word_1_61' title='bbox 682 1027 828 1104; x_wconf 89' lang='lat' dir='ltr'><strong>quantum</strong></span> <span class='ocrx_word' id='word_1_62' title='bbox 858 1030 905 1084; x_wconf 87' lang='lat' dir='ltr'><strong>eet</strong></span> <span class='ocrx_word' id='word_1_63' title='bbox 926 1025 957 1084; x_wconf 90' lang='lat' dir='ltr'><strong>in</strong></span> <span class='ocrx_word' id='word_1_64' title='bbox 979 1041 1047 1105; x_wconf 79' lang='lat' dir='ltr'><strong>usu,</strong></span> 
     </span>
     <span class='ocr_line' id='line_1_10' title="bbox 125 1106 1048 1189; baseline -0.001 -20"><span class='ocrx_word' id='word_1_65' title='bbox 125 1107 354 1189; x_wconf 78' lang='lat' dir='ltr'><strong>praetulissent,</strong></span> <span class='ocrx_word' id='word_1_66' title='bbox 377 1106 534 1188; x_wconf 87' lang='lat' dir='ltr'><strong>quomode</strong></span> <span class='ocrx_word' id='word_1_67' title='bbox 547 1113 608 1168; x_wconf 88' lang='lat' dir='ltr'><strong>tam</strong></span> <span class='ocrx_word' id='word_1_68' title='bbox 631 1107 773 1169; x_wconf 89' lang='lat' dir='ltr'><strong>subtilem</strong></span> <span class='ocrx_word' id='word_1_69' title='bbox 797 1115 829 1169; x_wconf 89' lang='lat' dir='ltr'><strong>et</strong></span> <span class='ocrx_word' id='word_1_70' title='bbox 838 1126 952 1168; x_wconf 88' lang='lat' dir='ltr'><strong>noram</strong></span> <span class='ocrx_word' id='word_1_71' title='bbox 974 1107 1048 1168; x_wconf 63' lang='lat' dir='ltr'><strong>heca</strong></span> 
     </span>
     <span class='ocr_line' id='line_1_11' title="bbox 124 1188 1046 1333; baseline -0.001 -82"><span class='ocrx_word' id='word_1_72' title='bbox 124 1190 204 1251; x_wconf 80' lang='lat' dir='ltr'><strong>resia</strong></span> <span class='ocrx_word' id='word_1_73' title='bbox 226 1191 253 1250; x_wconf 89' lang='lat' dir='ltr'><strong>ei</strong></span> <span class='ocrx_word' id='word_1_74' title='bbox 297 1188 484 1267; x_wconf 77' lang='lat' dir='ltr'><strong>iflcationem</strong></span> <span class='ocrx_word' id='word_1_75' title='bbox 507 1191 682 1333; x_wconf 82' lang='lat' dir='ltr'><strong>potuissent</strong></span> <span class='ocrx_word' id='word_1_76' title='bbox 703 1189 961 1275; x_wconf 78' lang='lat' dir='ltr'><strong>invenirei·Quis</strong></span> <span class='ocrx_word' id='word_1_77' title='bbox 984 1210 1046 1252; x_wconf 89' lang='lat' dir='ltr'><strong>non</strong></span> 
     </span>
     <span class='ocr_line' id='line_1_12' title="bbox 124 1264 1048 1355; baseline 0.002 -22"><span class='ocrx_word' id='word_1_78' title='bbox 124 1272 235 1334; x_wconf 88' lang='lat' dir='ltr'><strong>merito</strong></span> <span class='ocrx_word' id='word_1_79' title='bbox 279 1291 338 1334; x_wconf 90' lang='lat' dir='ltr'><strong>ano</strong></span> <span class='ocrx_word' id='word_1_80' title='bbox 360 1273 506 1354; x_wconf 89' lang='lat' dir='ltr'><strong>philosop</strong></span> <span class='ocrx_word' id='word_1_81' title='bbox 528 1274 590 1334; x_wconf 88' lang='lat' dir='ltr'><strong>iem</strong></span> <span class='ocrx_word' id='word_1_82' title='bbox 613 1264 780 1354; x_wconf 78' lang='lat' dir='ltr'><strong>suipiciat,¹</strong></span> <span class='ocrx_word' id='word_1_83' title='bbox 806 1293 897 1354; x_wconf 88' lang='lat' dir='ltr'><strong>quam</strong></span> <span class='ocrx_word' id='word_1_84' title='bbox 919 1273 970 1334; x_wconf 89' lang='lat' dir='ltr'><strong>ubi</strong></span> <span class='ocrx_word' id='word_1_85' title='bbox 992 1292 1048 1355; x_wconf 85' lang='lat' dir='ltr'><strong>per</strong></span> 
     </span>
     <span class='ocr_line' id='line_1_13' title="bbox 123 1355 1047 1438; baseline 0.001 -22"><span class='ocrx_word' id='word_1_86' title='bbox 123 1357 355 1438; x_wconf 80' lang='lat' dir='ltr'><strong>grammaticam</strong></span> <span class='ocrx_word' id='word_1_87' title='bbox 369 1355 523 1435; x_wconf 86' lang='lat' dir='ltr'><strong>didiceris,</strong></span> <span class='ocrx_word' id='word_1_88' title='bbox 545 1364 577 1418; x_wconf 90' lang='lat' dir='ltr'><strong>et</strong></span> <span class='ocrx_word' id='word_1_89' title='bbox 587 1357 786 1437; x_wconf 86' lang='lat' dir='ltr'><strong>grammatice</strong></span> <span class='ocrx_word' id='word_1_90' title='bbox 800 1357 886 1437; x_wconf 90' lang='lat' dir='ltr'><strong>loqui</strong></span> <span class='ocrx_word' id='word_1_91' title='bbox 902 1356 1047 1437; x_wconf 87' lang='lat' dir='ltr'><strong>volueris,</strong></span> 
     </span>
     <span class='ocr_line' id='line_1_14' title="bbox 124 1437 1046 1520; baseline 0 -21"><span class='ocrx_word' id='word_1_92' title='bbox 124 1456 208 1499; x_wconf 85' lang='lat' dir='ltr'><strong>nora</strong></span> <span class='ocrx_word' id='word_1_93' title='bbox 240 1438 294 1500; x_wconf 89' lang='lat' dir='ltr'><strong>tibi</strong></span> <span class='ocrx_word' id='word_1_94' title='bbox 330 1445 362 1500; x_wconf 87' lang='lat' dir='ltr'><strong>et</strong></span> <span class='ocrx_word' id='word_1_95' title='bbox 399 1437 541 1501; x_wconf 88' lang='lat' dir='ltr'><strong>omnibus</strong></span> <span class='ocrx_word' id='word_1_96' title='bbox 563 1442 672 1520; x_wconf 86' lang='lat' dir='ltr'><strong>ignota</strong></span> <span class='ocrx_word' id='word_1_97' title='bbox 703 1438 849 1520; x_wconf 86' lang='lat' dir='ltr'><strong>lingenda</strong></span> <span class='ocrx_word' id='word_1_98' title='bbox 879 1445 927 1500; x_wconf 90' lang='lat' dir='ltr'><strong>est</strong></span> <span class='ocrx_word' id='word_1_99' title='bbox 948 1458 1046 1520; x_wconf 79' lang='lat' dir='ltr'><strong>gram·</strong></span> 
     </span>
     <span class='ocr_line' id='line_1_15' title="bbox 124 1521 248 1583; baseline 0.016 -2"><span class='ocrx_word' id='word_1_100' title='bbox 124 1521 248 1583; x_wconf 86' lang='lat' dir='ltr'><strong>metica.</strong></span> 
     </span>
    </p>

    <p class='ocr_par' dir='ltr' id='par_1_4' title="bbox 123 1592 1049 2599">
     <span class='ocr_line' id='line_1_16' title="bbox 207 1592 1048 1685; baseline 0.004 -21"><span class='ocrx_word' id='word_1_101' title='bbox 207 1603 304 1664; x_wconf 79' lang='lat' dir='ltr'><strong>‘Aiunt</strong></span> <span class='ocrx_word' id='word_1_102' title='bbox 325 1592 445 1682; x_wconf 73' lang='lat' dir='ltr'><strong>autem,</strong></span> <span class='ocrx_word' id='word_1_103' title='bbox 469 1604 607 1666; x_wconf 87' lang='lat' dir='ltr'><strong>conciliis</strong></span> <span class='ocrx_word' id='word_1_104' title='bbox 629 1604 836 1685; x_wconf 87' lang='lat' dir='ltr'><strong>indulgentias</strong></span> <span class='ocrx_word' id='word_1_105' title='bbox 858 1623 928 1666; x_wconf 89' lang='lat' dir='ltr'><strong>esse</strong></span> <span class='ocrx_word' id='word_1_106' title='bbox 948 1603 1048 1667; x_wconf 90' lang='lat' dir='ltr'><strong>flrma-</strong></span> 
     </span>
     <span class='ocr_line' id='line_1_17' title="bbox 124 1686 1047 1770; baseline 0 -21"><span class='ocrx_word' id='word_1_107' title='bbox 124 1693 184 1766; x_wconf 86' lang='lat' dir='ltr'><strong>tas,</strong></span> <span class='ocrx_word' id='word_1_108' title='bbox 206 1687 323 1770; x_wconf 76' lang='lat' dir='ltr'><strong>egregii</strong></span> <span class='ocrx_word' id='word_1_109' title='bbox 344 1687 461 1748; x_wconf 90' lang='lat' dir='ltr'><strong>domini</strong></span> <span class='ocrx_word' id='word_1_110' title='bbox 477 1687 690 1766; x_wconf 83' lang='lat' dir='ltr'><strong>Colonienaes,</strong></span> <span class='ocrx_word' id='word_1_111' title='bbox 701 1686 774 1749; x_wconf 88' lang='lat' dir='ltr'><strong>ideo</strong></span> <span class='ocrx_word' id='word_1_112' title='bbox 789 1707 839 1748; x_wconf 90' lang='lat' dir='ltr'><strong>me</strong></span> <span class='ocrx_word' id='word_1_113' title='bbox 856 1692 964 1748; x_wconf 87' lang='lat' dir='ltr'><strong>contra</strong></span> <span class='ocrx_word' id='word_1_114' title='bbox 975 1688 1047 1749; x_wconf 90' lang='lat' dir='ltr'><strong>aon&#39;·</strong></span> 
     </span>
     <span class='ocr_line' id='line_1_18' title="bbox 126 1769 1047 1851; baseline 0.002 -20"><span class='ocrx_word' id='word_1_115' title='bbox 126 1769 199 1832; x_wconf 88' lang='lat' dir='ltr'><strong>cilia</strong></span> <span class='ocrx_word' id='word_1_116' title='bbox 216 1770 352 1832; x_wconf 90' lang='lat' dir='ltr'><strong>looutum</strong></span> <span class='ocrx_word' id='word_1_117' title='bbox 361 1771 546 1832; x_wconf 86' lang='lat' dir='ltr'><strong>haereticum</strong></span> <span class='ocrx_word' id='word_1_118' title='bbox 560 1789 639 1851; x_wconf 88' lang='lat' dir='ltr'><strong>esse,</strong></span> <span class='ocrx_word' id='word_1_119' title='bbox 655 1771 774 1832; x_wconf 87' lang='lat' dir='ltr'><strong>scilieet</strong></span> <span class='ocrx_word' id='word_1_120' title='bbox 791 1790 831 1831; x_wconf 89' lang='lat' dir='ltr'><strong>ex</strong></span> <span class='ocrx_word' id='word_1_121' title='bbox 851 1774 876 1835; x_wconf 83' lang='lat'><strong>1.</strong></span> <span class='ocrx_word' id='word_1_122' title='bbox 895 1770 1047 1833; x_wconf 88' lang='lat' dir='ltr'><strong>Posterio-</strong></span> 
     </span>
     <span class='ocr_line' id='line_1_19' title="bbox 123 1853 1048 1935; baseline 0 -21"><span class='ocrx_word' id='word_1_123' title='bbox 123 1870 192 1914; x_wconf 85' lang='lat' dir='ltr'><strong>rum</strong></span> <span class='ocrx_word' id='word_1_124' title='bbox 202 1854 429 1933; x_wconf 87' lang='lat' dir='ltr'><strong>sicloquuntur,</strong></span> <span class='ocrx_word' id='word_1_125' title='bbox 439 1853 501 1931; x_wconf 90' lang='lat' dir='ltr'><strong>ubi,</strong></span> <span class='ocrx_word' id='word_1_126' title='bbox 513 1859 547 1915; x_wconf 91' lang='lat' dir='ltr'><strong>ut</strong></span> <span class='ocrx_word' id='word_1_127' title='bbox 555 1873 613 1935; x_wconf 87' lang='lat' dir='ltr'><strong>pro</strong></span> <span class='ocrx_word' id='word_1_128' title='bbox 624 1854 783 1916; x_wconf 87' lang='lat' dir='ltr'><strong>rhetoricis</strong></span> <span class='ocrx_word' id='word_1_129' title='bbox 795 1853 1048 1915; x_wconf 70' lang='lat' dir='ltr'><strong>diseuntanadin·</strong></span> 
     </span>
     <span class='ocr_line' id='line_1_20' title="bbox 126 1936 1049 2018; baseline -0.001 -21"><span class='ocrx_word' id='word_1_130' title='bbox 126 1936 248 2014; x_wconf 83' lang='lat' dir='ltr'><strong>lectica,</strong></span> <span class='ocrx_word' id='word_1_131' title='bbox 270 1937 313 1996; x_wconf 89' lang='lat' dir='ltr'><strong>ita</strong></span> <span class='ocrx_word' id='word_1_132' title='bbox 324 1938 550 2017; x_wconf 87' lang='lat' dir='ltr'><strong>quaestionem,</strong></span> <span class='ocrx_word' id='word_1_133' title='bbox 563 1938 595 2000; x_wconf 82' lang='lat' dir='ltr'><strong>si</strong></span> <span class='ocrx_word' id='word_1_134' title='bbox 612 1944 669 2018; x_wconf 87' lang='lat' dir='ltr'><strong>est,</strong></span> <span class='ocrx_word' id='word_1_135' title='bbox 687 1944 718 1999; x_wconf 89' lang='lat' dir='ltr'><strong>et</strong></span> <span class='ocrx_word' id='word_1_136' title='bbox 728 1938 952 2017; x_wconf 89' lang='lat' dir='ltr'><strong>quaestionem,</strong></span> <span class='ocrx_word' id='word_1_137' title='bbox 967 1936 1049 2013; x_wconf 78' lang='lat' dir='ltr'><strong>Quid</strong></span> 
     </span>
     <span class='ocr_line' id='line_1_21' title="bbox 126 2019 1048 2102; baseline 0.001 -22"><span class='ocrx_word' id='word_1_138' title='bbox 126 2025 185 2097; x_wconf 89' lang='lat' dir='ltr'><strong>est,</strong></span> <span class='ocrx_word' id='word_1_139' title='bbox 207 2036 264 2101; x_wconf 88' lang='lat' dir='ltr'><strong>pre</strong></span> <span class='ocrx_word' id='word_1_140' title='bbox 287 2019 534 2082; x_wconf 85' lang='lat' dir='ltr'><strong>eademhabent.</strong></span> <span class='ocrx_word' id='word_1_141' title='bbox 576 2021 645 2102; x_wconf 84' lang='lat' dir='ltr'><strong>Ego</strong></span> <span class='ocrx_word' id='word_1_142' title='bbox 669 2022 761 2100; x_wconf 87' lang='lat' dir='ltr'><strong>enim,</strong></span> <span class='ocrx_word' id='word_1_143' title='bbox 782 2039 821 2081; x_wconf 93' lang='lat' dir='ltr'><strong>an</strong></span> <span class='ocrx_word' id='word_1_144' title='bbox 837 2019 1048 2100; x_wconf 83' lang='lat' dir='ltr'><strong>indulgentiae</strong></span> 
     </span>
     <span class='ocr_line' id='line_1_22' title="bbox 125 2103 1047 2184; baseline -0.001 -21"><span class='ocrx_word' id='word_1_145' title='bbox 125 2109 247 2180; x_wconf 84' lang='lat' dir='ltr'><strong>essent,</strong></span> <span class='ocrx_word' id='word_1_146' title='bbox 273 2103 431 2181; x_wconf 89' lang='lat' dir='ltr'><strong>quomodo</strong></span> <span class='ocrx_word' id='word_1_147' title='bbox 453 2105 540 2184; x_wconf 91' lang='lat' dir='ltr'><strong>potui</strong></span> <span class='ocrx_word' id='word_1_148' title='bbox 562 2103 700 2166; x_wconf 82' lang='lat' dir='ltr'><strong>dubitare</strong></span> <span class='ocrx_word' id='word_1_149' title='bbox 721 2111 775 2165; x_wconf 91' lang='lat' dir='ltr'><strong>aut</strong></span> <span class='ocrx_word' id='word_1_150' title='bbox 795 2121 926 2184; x_wconf 83' lang='lat' dir='ltr'><strong>negare,</strong></span> <span class='ocrx_word' id='word_1_151' title='bbox 960 2109 994 2162; x_wconf 91' lang='lat' dir='ltr'><strong>ut</strong></span> <span class='ocrx_word' id='word_1_152' title='bbox 1015 2103 1047 2162; x_wconf 91' lang='lat' dir='ltr'><strong>in</strong></span> 
     </span>
     <span class='ocr_line' id='line_1_23' title="bbox 124 2185 1047 2267; baseline 0.001 -22"><span class='ocrx_word' id='word_1_153' title='bbox 124 2185 187 2247; x_wconf 88' lang='lat' dir='ltr'><strong>hee</strong></span> <span class='ocrx_word' id='word_1_154' title='bbox 213 2191 321 2246; x_wconf 86' lang='lat' dir='ltr'><strong>contra</strong></span> <span class='ocrx_word' id='word_1_155' title='bbox 343 2187 475 2247; x_wconf 86' lang='lat' dir='ltr'><strong>eoncilia</strong></span> <span class='ocrx_word' id='word_1_156' title='bbox 497 2206 648 2267; x_wconf 80' lang='lat' dir='ltr'><strong>saperem,</strong></span> <span class='ocrx_word' id='word_1_157' title='bbox 672 2187 723 2267; x_wconf 93' lang='lat' dir='ltr'><strong>qui</strong></span> <span class='ocrx_word' id='word_1_158' title='bbox 745 2194 792 2248; x_wconf 91' lang='lat' dir='ltr'><strong>tot</strong></span> <span class='ocrx_word' id='word_1_159' title='bbox 813 2187 920 2267; x_wconf 79' lang='lat' dir='ltr'><strong>scripsi</strong></span> <span class='ocrx_word' id='word_1_160' title='bbox 943 2185 983 2247; x_wconf 90' lang='lat' dir='ltr'><strong>ds</strong></span> <span class='ocrx_word' id='word_1_161' title='bbox 1003 2187 1047 2246; x_wconf 93' lang='lat' dir='ltr'><strong>in·</strong></span> 
     </span>
     <span class='ocr_line' id='line_1_24' title="bbox 124 2266 1047 2351; baseline 0.003 -23"><span class='ocrx_word' id='word_1_162' title='bbox 124 2266 317 2350; x_wconf 82' lang='lat' dir='ltr'><strong>dulgentiisl</strong></span> <span class='ocrx_word' id='word_1_163' title='bbox 352 2271 415 2330; x_wconf 91' lang='lat' dir='ltr'><strong>Aut</strong></span> <span class='ocrx_word' id='word_1_164' title='bbox 442 2271 509 2349; x_wconf 91' lang='lat' dir='ltr'><strong>quis</strong></span> <span class='ocrx_word' id='word_1_165' title='bbox 539 2276 585 2331; x_wconf 91' lang='lat' dir='ltr'><strong>est</strong></span> <span class='ocrx_word' id='word_1_166' title='bbox 607 2271 689 2331; x_wconf 89' lang='lat' dir='ltr'><strong>orbis</strong></span> <span class='ocrx_word' id='word_1_167' title='bbox 713 2271 862 2351; x_wconf 87' lang='lat' dir='ltr'><strong>angulus,</strong></span> <span class='ocrx_word' id='word_1_168' title='bbox 900 2270 952 2349; x_wconf 92' lang='lat' dir='ltr'><strong>qui</strong></span> <span class='ocrx_word' id='word_1_169' title='bbox 983 2287 1047 2331; x_wconf 91' lang='lat' dir='ltr'><strong>non</strong></span> 
     </span>
     <span class='ocr_line' id='line_1_25' title="bbox 125 2351 1047 2434; baseline 0 -22"><span class='ocrx_word' id='word_1_170' title='bbox 125 2356 272 2430; x_wconf 88' lang='lat' dir='ltr'><strong>queratur</strong></span> <span class='ocrx_word' id='word_1_171' title='bbox 297 2370 332 2412; x_wconf 89' lang='lat' dir='ltr'><strong>se</strong></span> <span class='ocrx_word' id='word_1_172' title='bbox 360 2351 522 2432; x_wconf 85' lang='lat' dir='ltr'><strong>deceptum</strong></span> <span class='ocrx_word' id='word_1_173' title='bbox 544 2352 763 2434; x_wconf 74' lang='lat' dir='ltr'><strong>indulgentiis?</strong></span> <span class='ocrx_word' id='word_1_174' title='bbox 799 2360 916 2414; x_wconf 90' lang='lat' dir='ltr'><strong>tentum</strong></span> <span class='ocrx_word' id='word_1_175' title='bbox 949 2353 1047 2433; x_wconf 88' lang='lat' dir='ltr'><strong>abeat,</strong></span> 
     </span>
     <span class='ocr_line' id='line_1_26' title="bbox 128 2434 1049 2515; baseline 0.002 -21"><span class='ocrx_word' id='word_1_176' title='bbox 128 2441 164 2494; x_wconf 91' lang='lat' dir='ltr'><strong>ut</strong></span> <span class='ocrx_word' id='word_1_177' title='bbox 184 2452 254 2495; x_wconf 87' lang='lat' dir='ltr'><strong>esse</strong></span> <span class='ocrx_word' id='word_1_178' title='bbox 266 2434 473 2515; x_wconf 85' lang='lat' dir='ltr'><strong>indulgentias</strong></span> <span class='ocrx_word' id='word_1_179' title='bbox 495 2436 575 2496; x_wconf 91' lang='lat' dir='ltr'><strong>ullus</strong></span> <span class='ocrx_word' id='word_1_180' title='bbox 592 2436 750 2498; x_wconf 89' lang='lat' dir='ltr'><strong>hominum</strong></span> <span class='ocrx_word' id='word_1_181' title='bbox 772 2444 826 2498; x_wconf 89' lang='lat' dir='ltr'><strong>aut</strong></span> <span class='ocrx_word' id='word_1_182' title='bbox 841 2436 973 2515; x_wconf 75' lang='lat' dir='ltr'><strong>nesciet,</strong></span> <span class='ocrx_word' id='word_1_183' title='bbox 995 2441 1049 2497; x_wconf 89' lang='lat' dir='ltr'><strong>aut</strong></span> 
     </span>
     <span class='ocr_line' id='line_1_27' title="bbox 125 2517 1048 2599; baseline 0.005 -22"><span class='ocrx_word' id='word_1_184' title='bbox 125 2523 230 2599; x_wconf 81' lang='lat' dir='ltr'><strong>neget,</strong></span> <span class='ocrx_word' id='word_1_185' title='bbox 254 2517 350 2579; x_wconf 90' lang='lat' dir='ltr'><strong>multo</strong></span> <span class='ocrx_word' id='word_1_186' title='bbox 372 2519 489 2597; x_wconf 88' lang='lat' dir='ltr'><strong>minus,</strong></span> <span class='ocrx_word' id='word_1_187' title='bbox 511 2519 636 2580; x_wconf 84' lang='lat' dir='ltr'><strong>uthina</strong></span> <span class='ocrx_word' id='word_1_188' title='bbox 657 2519 831 2580; x_wconf 87' lang='lat' dir='ltr'><strong>haereticus</strong></span> <span class='ocrx_word' id='word_1_189' title='bbox 852 2519 919 2580; x_wconf 86' lang='lat' dir='ltr'><strong>fleri</strong></span> <span class='ocrx_word' id='word_1_190' title='bbox 939 2519 1048 2590; x_wconf 85' lang='lat' dir='ltr'><strong>possit.</strong></span> 
     </span>
    </p>

    <p class='ocr_par' dir='ltr' id='par_1_5' title="bbox 121 2600 1047 3849">
     <span class='ocr_line' id='line_1_28' title="bbox 208 2600 1047 2681; baseline 0.002 -21"><span class='ocrx_word' id='word_1_191' title='bbox 208 2600 278 2660; x_wconf 89' lang='lat' dir='ltr'><strong>Hoo</strong></span> <span class='ocrx_word' id='word_1_192' title='bbox 299 2607 400 2661; x_wconf 90' lang='lat' dir='ltr'><strong>autem</strong></span> <span class='ocrx_word' id='word_1_193' title='bbox 434 2602 605 2681; x_wconf 87' lang='lat' dir='ltr'><strong>quaesitum</strong></span> <span class='ocrx_word' id='word_1_194' title='bbox 630 2608 691 2681; x_wconf 90' lang='lat' dir='ltr'><strong>est,</strong></span> <span class='ocrx_word' id='word_1_195' title='bbox 724 2602 857 2664; x_wconf 88' lang='lat' dir='ltr'><strong>necdum</strong></span> <span class='ocrx_word' id='word_1_196' title='bbox 879 2604 1047 2680; x_wconf 87' lang='lat' dir='ltr'><strong>inventum,</strong></span> 
     </span>
     <span class='ocr_line' id='line_1_29' title="bbox 124 2683 1047 2766; baseline 0.002 -22"><span class='ocrx_word' id='word_1_197' title='bbox 124 2683 200 2764; x_wconf 90' lang='lat' dir='ltr'><strong>quid</strong></span> <span class='ocrx_word' id='word_1_198' title='bbox 221 2692 329 2744; x_wconf 88' lang='lat' dir='ltr'><strong>essent</strong></span> <span class='ocrx_word' id='word_1_199' title='bbox 349 2690 403 2745; x_wconf 91' lang='lat' dir='ltr'><strong>aut</strong></span> <span class='ocrx_word' id='word_1_200' title='bbox 422 2685 547 2745; x_wconf 87' lang='lat' dir='ltr'><strong>valeant</strong></span> <span class='ocrx_word' id='word_1_201' title='bbox 557 2684 789 2766; x_wconf 82' lang='lat' dir='ltr'><strong>indulgentiae?</strong></span> <span class='ocrx_word' id='word_1_202' title='bbox 810 2685 870 2745; x_wconf 87' lang='lat' dir='ltr'><strong>Hie</strong></span> <span class='ocrx_word' id='word_1_203' title='bbox 892 2684 1047 2746; x_wconf 86' lang='lat' dir='ltr'><strong>debebant</strong></span> 
     </span>
     <span class='ocr_line' id='line_1_30' title="bbox 123 2767 1047 2849; baseline 0.001 -22"><span class='ocrx_word' id='word_1_204' title='bbox 123 2767 269 2847; x_wconf 77' lang='lat' dir='ltr'><strong>Magistri</strong></span> <span class='ocrx_word' id='word_1_205' title='bbox 289 2769 387 2828; x_wconf 90' lang='lat' dir='ltr'><strong>nostri</strong></span> <span class='ocrx_word' id='word_1_206' title='bbox 411 2769 515 2828; x_wconf 85' lang='lat' dir='ltr'><strong>eximii</strong></span> <span class='ocrx_word' id='word_1_207' title='bbox 542 2768 758 2849; x_wconf 86' lang='lat' dir='ltr'><strong>philosophiae</strong></span> <span class='ocrx_word' id='word_1_208' title='bbox 780 2768 889 2831; x_wconf 88' lang='lat' dir='ltr'><strong>oeulos</strong></span> <span class='ocrx_word' id='word_1_209' title='bbox 917 2769 1047 2848; x_wconf 74' lang='lat' dir='ltr'><strong>aperire,</strong></span> 
     </span>
     <span class='ocr_line' id='line_1_31' title="bbox 123 2850 1045 2932; baseline 0 -21"><span class='ocrx_word' id='word_1_210' title='bbox 123 2855 157 2911; x_wconf 87' lang='lat' dir='ltr'><strong>et</strong></span> <span class='ocrx_word' id='word_1_211' title='bbox 196 2868 261 2910; x_wconf 91' lang='lat' dir='ltr'><strong>non·</strong></span> <span class='ocrx_word' id='word_1_212' title='bbox 304 2856 366 2911; x_wconf 91' lang='lat' dir='ltr'><strong>tam</strong></span> <span class='ocrx_word' id='word_1_213' title='bbox 405 2850 533 2912; x_wconf 87' lang='lat' dir='ltr'><strong>ridicule</strong></span> <span class='ocrx_word' id='word_1_214' title='bbox 572 2858 603 2913; x_wconf 90' lang='lat' dir='ltr'><strong>si</strong></span> <span class='ocrx_word' id='word_1_215' title='bbox 644 2852 802 2932; x_wconf 86' lang='lat' dir='ltr'><strong>pueriliter</strong></span> <span class='ocrx_word' id='word_1_216' title='bbox 842 2852 973 2930; x_wconf 89' lang='lat' dir='ltr'><strong>ineptire</strong></span> <span class='ocrx_word' id='word_1_217' title='bbox 1014 2852 1045 2911; x_wconf 90' lang='lat' dir='ltr'><strong>in</strong></span> 
     </span>
     <span class='ocr_line' id='line_1_32' title="bbox 124 2932 1046 3015; baseline 0.002 -21"><span class='ocrx_word' id='word_1_218' title='bbox 124 2933 323 3013; x_wconf 75' lang='lat' dir='ltr'><strong>quaestione:</strong></span> <span class='ocrx_word' id='word_1_219' title='bbox 373 2933 405 2995; x_wconf 82' lang='lat' dir='ltr'><strong>si</strong></span> <span class='ocrx_word' id='word_1_220' title='bbox 440 2943 502 3014; x_wconf 89' lang='lat' dir='ltr'><strong>est,</strong></span> <span class='ocrx_word' id='word_1_221' title='bbox 544 2953 600 3015; x_wconf 90' lang='lat' dir='ltr'><strong>pro</strong></span> <span class='ocrx_word' id='word_1_222' title='bbox 638 2935 833 3014; x_wconf 88' lang='lat' dir='ltr'><strong>quaestione:</strong></span> <span class='ocrx_word' id='word_1_223' title='bbox 878 2932 958 3009; x_wconf 78' lang='lat' dir='ltr'><strong>Quid</strong></span> <span class='ocrx_word' id='word_1_224' title='bbox 990 2942 1046 2996; x_wconf 88' lang='lat' dir='ltr'><strong>eet.</strong></span> 
     </span>
     <span class='ocr_line' id='line_1_33' title="bbox 122 3015 1047 3099; baseline 0.001 -22"><span class='ocrx_word' id='word_1_225' title='bbox 122 3015 334 3077; x_wconf 81' lang='lat' dir='ltr'><strong>Nihil-autem</strong></span> <span class='ocrx_word' id='word_1_226' title='bbox 371 3035 501 3096; x_wconf 89' lang='lat' dir='ltr'><strong>usquam</strong></span> <span class='ocrx_word' id='word_1_227' title='bbox 533 3019 697 3098; x_wconf 87' lang='lat' dir='ltr'><strong>reperitur,</strong></span> <span class='ocrx_word' id='word_1_228' title='bbox 738 3018 810 3099; x_wconf 93' lang='lat' dir='ltr'><strong>quid</strong></span> <span class='ocrx_word' id='word_1_229' title='bbox 849 3017 910 3077; x_wconf 90' lang='lat' dir='ltr'><strong>sint</strong></span> <span class='ocrx_word' id='word_1_230' title='bbox 949 3017 1047 3079; x_wconf 90' lang='lat' dir='ltr'><strong>indul-</strong></span> 
     </span>
     <span class='ocr_line' id='line_1_34' title="bbox 123 3099 1047 3182; baseline 0.003 -23"><span class='ocrx_word' id='word_1_231' title='bbox 123 3099 265 3179; x_wconf 81' lang='lat' dir='ltr'><strong>gentica,</strong></span> <span class='ocrx_word' id='word_1_232' title='bbox 312 3118 372 3159; x_wconf 89' lang='lat' dir='ltr'><strong>nec</strong></span> <span class='ocrx_word' id='word_1_233' title='bbox 408 3102 438 3160; x_wconf 90' lang='lat' dir='ltr'><strong>in</strong></span> <span class='ocrx_word' id='word_1_234' title='bbox 481 3101 637 3177; x_wconf 87' lang='lat' dir='ltr'><strong>conciliis,</strong></span> <span class='ocrx_word' id='word_1_235' title='bbox 673 3120 732 3161; x_wconf 90' lang='lat' dir='ltr'><strong>nec</strong></span> <span class='ocrx_word' id='word_1_236' title='bbox 763 3101 947 3182; x_wconf 85' lang='lat' dir='ltr'><strong>synagogis,</strong></span> <span class='ocrx_word' id='word_1_237' title='bbox 988 3116 1047 3162; x_wconf 88' lang='lat' dir='ltr'><strong>neo</strong></span> 
     </span>
     <span class='ocr_line' id='line_1_35' title="bbox 127 3180 1046 3262; baseline 0.002 -20"><span class='ocrx_word' id='word_1_238' title='bbox 127 3180 355 3259; x_wconf 86' lang='lat' dir='ltr'><strong>conciliabulis,</strong></span> <span class='ocrx_word' id='word_1_239' title='bbox 378 3185 436 3242; x_wconf 91' lang='lat' dir='ltr'><strong>nisi</strong></span> <span class='ocrx_word' id='word_1_240' title='bbox 459 3183 541 3262; x_wconf 90' lang='lat' dir='ltr'><strong>quod</strong></span> <span class='ocrx_word' id='word_1_241' title='bbox 563 3185 594 3243; x_wconf 93' lang='lat' dir='ltr'><strong>in</strong></span> <span class='ocrx_word' id='word_1_242' title='bbox 616 3186 676 3246; x_wconf 92' lang='lat' dir='ltr'><strong>isto</strong></span> <span class='ocrx_word' id='word_1_243' title='bbox 700 3186 876 3246; x_wconf 86' lang='lat' dir='ltr'><strong>centenario</strong></span> <span class='ocrx_word' id='word_1_244' title='bbox 895 3198 1046 3245; x_wconf 85' lang='lat' dir='ltr'><strong>annorum</strong></span> 
     </span>
     <span class='ocr_line' id='line_1_36' title="bbox 123 3266 1046 3347; baseline 0.004 -23"><span class='ocrx_word' id='word_1_245' title='bbox 123 3270 256 3345; x_wconf 88' lang='lat' dir='ltr'><strong>coeptae</strong></span> <span class='ocrx_word' id='word_1_246' title='bbox 278 3266 401 3326; x_wconf 89' lang='lat' dir='ltr'><strong>suntin</strong></span> <span class='ocrx_word' id='word_1_247' title='bbox 425 3268 650 3347; x_wconf 86' lang='lat' dir='ltr'><strong>purgatorium,</strong></span> <span class='ocrx_word' id='word_1_248' title='bbox 680 3274 711 3328; x_wconf 88' lang='lat' dir='ltr'><strong>et</strong></span> <span class='ocrx_word' id='word_1_249' title='bbox 733 3269 763 3327; x_wconf 92' lang='lat' dir='ltr'><strong>in</strong></span> <span class='ocrx_word' id='word_1_250' title='bbox 786 3267 922 3346; x_wconf 89' lang='lat' dir='ltr'><strong>coelum,</strong></span> <span class='ocrx_word' id='word_1_251' title='bbox 951 3273 982 3328; x_wconf 91' lang='lat' dir='ltr'><strong>et</strong></span> <span class='ocrx_word' id='word_1_252' title='bbox 1002 3268 1046 3328; x_wconf 93' lang='lat' dir='ltr'><strong>in·</strong></span> 
     </span>
     <span class='ocr_line' id='line_1_37' title="bbox 123 3347 1046 3430; baseline 0.004 -22"><span class='ocrx_word' id='word_1_253' title='bbox 123 3347 243 3408; x_wconf 80' lang='lat' dir='ltr'><strong>fernum</strong></span> <span class='ocrx_word' id='word_1_254' title='bbox 265 3347 407 3428; x_wconf 91' lang='lat' dir='ltr'><strong>extendi,</strong></span> <span class='ocrx_word' id='word_1_255' title='bbox 430 3368 485 3429; x_wconf 90' lang='lat' dir='ltr'><strong>per</strong></span> <span class='ocrx_word' id='word_1_256' title='bbox 506 3349 700 3430; x_wconf 90' lang='lat' dir='ltr'><strong>impudentes</strong></span> <span class='ocrx_word' id='word_1_257' title='bbox 722 3350 910 3423; x_wconf 77' lang='lat' dir='ltr'><strong>nebulones,</strong></span> <span class='ocrx_word' id='word_1_258' title='bbox 932 3357 964 3412; x_wconf 87' lang='lat' dir='ltr'><strong>et</strong></span> <span class='ocrx_word' id='word_1_259' title='bbox 984 3350 1046 3412; x_wconf 89' lang='lat' dir='ltr'><strong>ani·</strong></span> 
     </span>
     <span class='ocr_line' id='line_1_38' title="bbox 125 3430 1045 3514; baseline 0.003 -22"><span class='ocrx_word' id='word_1_260' title='bbox 125 3449 242 3492; x_wconf 85' lang='lat' dir='ltr'><strong>marum</strong></span> <span class='ocrx_word' id='word_1_261' title='bbox 268 3430 456 3495; x_wconf 86' lang='lat' dir='ltr'><strong>seductores.</strong></span> <span class='ocrx_word' id='word_1_262' title='bbox 499 3433 582 3494; x_wconf 90' lang='lat' dir='ltr'><strong>luter</strong></span> <span class='ocrx_word' id='word_1_263' title='bbox 611 3453 689 3514; x_wconf 90' lang='lat' dir='ltr'><strong>quos</strong></span> <span class='ocrx_word' id='word_1_264' title='bbox 718 3441 821 3495; x_wconf 88' lang='lat' dir='ltr'><strong>tamen</strong></span> <span class='ocrx_word' id='word_1_265' title='bbox 845 3433 928 3495; x_wconf 81' lang='lat' dir='ltr'><strong>zelus</strong></span> <span class='ocrx_word' id='word_1_266' title='bbox 950 3434 1045 3514; x_wconf 85' lang='lat' dir='ltr'><strong>Magi·</strong></span> 
     </span>
     <span class='ocr_line' id='line_1_39' title="bbox 123 3515 1046 3597; baseline 0.004 -23"><span class='ocrx_word' id='word_1_267' title='bbox 123 3520 256 3581; x_wconf 83' lang='lat' dir='ltr'><strong>strorurn</strong></span> <span class='ocrx_word' id='word_1_268' title='bbox 277 3521 452 3577; x_wconf 88' lang='lat' dir='ltr'><strong>nostrorum</strong></span> <span class='ocrx_word' id='word_1_269' title='bbox 475 3515 591 3576; x_wconf 87' lang='lat' dir='ltr'><strong>nullum</strong></span> <span class='ocrx_word' id='word_1_270' title='bbox 613 3518 938 3597; x_wconf 85' lang='lat' dir='ltr'><strong>invenithaereticum,</strong></span> <span class='ocrx_word' id='word_1_271' title='bbox 961 3537 1046 3579; x_wconf 89' lang='lat' dir='ltr'><strong>soan-</strong></span> 
     </span>
     <span class='ocr_line' id='line_1_40' title="bbox 121 3595 1047 3678; baseline 0.005 -21"><span class='ocrx_word' id='word_1_272' title='bbox 121 3595 282 3677; x_wconf 88' lang='lat' dir='ltr'><strong>dalosum,</strong></span> <span class='ocrx_word' id='word_1_273' title='bbox 305 3616 462 3678; x_wconf 87' lang='lat' dir='ltr'><strong>erronem,</strong></span> <span class='ocrx_word' id='word_1_274' title='bbox 495 3600 615 3660; x_wconf 88' lang='lat' dir='ltr'><strong>etiamsi</strong></span> <span class='ocrx_word' id='word_1_275' title='bbox 638 3606 735 3662; x_wconf 90' lang='lat' dir='ltr'><strong>totum</strong></span> <span class='ocrx_word' id='word_1_276' title='bbox 760 3600 905 3661; x_wconf 88' lang='lat' dir='ltr'><strong>mundum</strong></span> <span class='ocrx_word' id='word_1_277' title='bbox 927 3599 1047 3662; x_wconf 88' lang='lat' dir='ltr'><strong>falleret</strong></span> 
     </span>
     <span class='ocr_line' id='line_1_41' title="bbox 122 3679 1046 3763; baseline 0.006 -24"><span class='ocrx_word' id='word_1_278' title='bbox 122 3684 155 3740; x_wconf 90' lang='lat' dir='ltr'><strong>et</strong></span> <span class='ocrx_word' id='word_1_279' title='bbox 175 3679 359 3760; x_wconf 85' lang='lat' dir='ltr'><strong>exhauriret,</strong></span> <span class='ocrx_word' id='word_1_280' title='bbox 381 3700 485 3743; x_wconf 89' lang='lat' dir='ltr'><strong>errore</strong></span> <span class='ocrx_word' id='word_1_281' title='bbox 506 3683 776 3763; x_wconf 84' lang='lat' dir='ltr'><strong>perniciosissimo.</strong></span> <span class='ocrx_word' id='word_1_282' title='bbox 818 3683 953 3746; x_wconf 84' lang='lat' dir='ltr'><strong>Merero</strong></span> <span class='ocrx_word' id='word_1_283' title='bbox 976 3702 1046 3747; x_wconf 90' lang='lat' dir='ltr'><strong>esse</strong></span> 
     </span>
     <span class='ocr_line' id='line_1_42' title="bbox 123 3763 1042 3849; baseline 0.005 -26"><span class='ocrx_word' id='word_1_284' title='bbox 123 3769 249 3844; x_wconf 89' lang='lat' dir='ltr'><strong>oportet</strong></span> <span class='ocrx_word' id='word_1_285' title='bbox 268 3763 467 3847; x_wconf 85' lang='lat' dir='ltr'><strong>haereticum,</strong></span> <span class='ocrx_word' id='word_1_286' title='bbox 489 3766 609 3828; x_wconf 88' lang='lat' dir='ltr'><strong>etiamsi</strong></span> <span class='ocrx_word' id='word_1_287' title='bbox 622 3785 708 3829; x_wconf 87' lang='lat' dir='ltr'><strong>error</strong></span> <span class='ocrx_word' id='word_1_288' title='bbox 728 3768 760 3828; x_wconf 92' lang='lat' dir='ltr'><strong>in</strong></span> <span class='ocrx_word' id='word_1_289' title='bbox 782 3765 981 3849; x_wconf 81' lang='lat' dir='ltr'><strong>indulgentiis</strong></span> <span class='ocrx_word' id='word_1_290' title='bbox 1003 3769 1042 3829; x_wconf 93' lang='lat' dir='ltr'><strong>sit</strong></span> 
     </span>
    </p>
   </div>
   <div class='ocr_carea' id='block_1_4' title="bbox 0 0 1178 4208">
    <p class='ocr_par' dir='ltr' id='par_1_6' title="bbox 0 0 1178 4208">
     <span class='ocr_line' id='line_1_43' title="bbox 0 0 1178 4208; baseline 0 0"><span class='ocrx_word' id='word_1_291' title='bbox 0 0 1178 4208; x_wconf 95' lang='lat' dir='ltr'><strong> </strong></span> 
     </span>
    </p>
   </div>
  </div>
 </body>
</html>
