2346 4208
130 255 193 327 226
455 258 600 319 Traotatus
620 262 732 319 Lutheri

131 452 276 532 operibus
298 471 363 512 non
384 450 478 512 habet
499 470 597 531 opus,
624 470 684 512 neo
705 451 776 532 lege
798 470 877 532 opus
899 451 1012 530 habet,
1033 453 1055 512 si

131 535 200 616 lege
221 555 284 597 non
306 533 400 594 habet
419 554 507 614 opus,
530 542 614 596 oerte
628 535 705 595 liber
725 541 774 597 eat
794 555 814 595 a
836 536 918 616 lege,
939 553 1054 598 verum·

130 638 190 697 que
213 628 274 680 est:
294 619 379 678 lusto
402 637 465 679 non
489 625 535 678 est
557 619 607 678 lex
629 619 741 698 posita.
784 618 889 698 Atque
912 620 994 680 haee
1013 625 1058 680 est

130 701 305 763 Christiana
326 702 380 761 illa
401 700 535 777 libertas,
558 700 635 762 fides
657 709 773 781 nostra,
796 721 878 782 quae
889 702 976 781 feeit,
997 720 1056 764 non

131 792 164 847 ut
185 787 278 846 otiosi
300 785 405 861 simus,
429 789 482 846 aut
505 784 746 863 malevivamus,
771 784 827 845 sed
850 806 892 847 ne
915 787 1056 866 cuiquem

131 888 209 950 opus
231 870 271 928 sit
292 868 362 948 lege
384 874 437 927 ant
458 868 602 947 operibus
631 867 670 928 ad
692 869 838 929 iustitiam
862 879 897 930 et
919 870 1057 932 salntem.

212 951 298 1012 Haeo
321 951 419 1031 prima
440 949 512 1012 lidei
535 953 629 1012 virtus
661 960 746 1030 esto,
780 952 910 1014 alteram
936 971 1057 1033 quoque

129 1034 298 1096 videamus.
340 1033 425 1093 Fidei
448 1036 528 1094 enim
552 1043 584 1095 et
604 1035 665 1096 lroo
681 1033 817 1096 oflioium
832 1043 899 1110 est,
922 1044 960 1097 ut
981 1056 1056 1114 enm,

121 1120 178 1196 ,oui
201 1117 310 1195 eredit,
339 1118 475 1176 omnium
498 1119 637 1196 piissimo
659 1124 690 1178 et
711 1138 830 1179 summa
853 1119 941 1181 eolat
963 1120 1057 1200 opini-

131 1220 201 1280 one,
224 1220 355 1280 nempe,
379 1200 461 1279 quod
484 1220 553 1260 eum
576 1221 717 1263 veracem
740 1209 771 1262 et
785 1202 914 1282 dignum
937 1203 1057 1280 habeat,

131 1286 180 1344 oui
205 1282 390 1344 eredendum
415 1286 469 1360 sit,
498 1286 702 1364 nequeenim
726 1285 803 1345 alins
827 1293 876 1346 ost
897 1287 1004 1349 honor
1024 1287 1057 1347 si·

132 1367 211 1428 milis
235 1369 371 1427 veritatis
395 1373 426 1428 et
446 1369 582 1428 iustitiae
604 1370 759 1449 opinioni,
783 1388 844 1448 qua
867 1369 1056 1444 honoramus

131 1470 219 1527 enm,
256 1453 304 1510 oui
328 1451 490 1511 oredimus.
534 1450 613 1526 Quid
649 1471 815 1531 possumus
847 1452 987 1515 tribuere
1008 1451 1056 1513 ulli

130 1535 244 1612 maius,
280 1554 370 1613 quam
395 1534 555 1594 veritatem
586 1542 617 1595 et
645 1536 791 1595 iustitiam
830 1542 861 1596 et
884 1534 1055 1598 absolutam

130 1637 254 1697 prorsus
267 1618 459 1679 bonitatem?
481 1617 641 1679 Ediverso
656 1637 776 1679 summa
790 1621 985 1681 contumelia
1007 1626 1056 1696 est,

130 1703 277 1780 opinione
313 1701 465 1762 mendacii
499 1709 530 1761 et
566 1702 733 1779 iniquitatis
761 1720 949 1782 quemquam
981 1704 1054 1764 oele·

129 1783 232 1863 brare,
263 1791 315 1845 aut
336 1792 510 1864 suspectum
533 1785 664 1863 habere,
698 1785 781 1863 quod
803 1786 955 1862 lauimus,
990 1786 1053 1851 dnm

127 1887 188 1929 non
211 1868 363 1930 oredimus
387 1871 424 1930 ei.

215 1953 266 2014 sio
288 1953 400 2030 anima,
423 1951 494 2011 dum
511 1949 638 2012 firmiter
657 1951 754 2018 eredit
774 1953 972 2032 promittenti
982 1952 1055 2026 noo,

127 2055 267 2095 veracem
301 2050 333 2095 et
353 2037 465 2095 iustum
488 2054 557 2094 eum
580 2034 690 2113 habet,
717 2055 779 2115 qna
805 2036 958 2115 opinione
987 2033 1054 2096 nihil

128 2126 232 2199 potest
254 2119 321 2178 Deo
345 2119 549 2198 praestantius
569 2117 710 2178 tribuere.
753 2118 810 2179 Hio
832 2138 975 2179 summus
999 2117 1054 2178 oul-

128 2212 175 2260 tus
200 2202 256 2261 Dei
279 2209 336 2277 est,
359 2201 481 2261 dedisse
504 2203 532 2261 ei
553 2203 722 2277 veritatem,
746 2202 893 2262 iustitiam
918 2210 952 2263 et
976 2200 1053 2281 quid·

128 2283 199 2363 quid
222 2284 312 2345 tribui
336 2284 428 2345 debet
450 2286 493 2360 ei,
532 2287 580 2344 oui
603 2285 745 2348 ereditur.
788 2284 846 2345 Hie
869 2293 1013 2364 paratam
1023 2282 1050 2364 ¹)

127 2387 196 2427 sese
219 2368 346 2448 praebet
367 2369 398 2427 in
422 2387 529 2428 omnes
552 2369 727 2428 voluntates
751 2369 825 2443 eius,
848 2369 900 2428 hio
924 2365 1053 2429 sanetifi-

127 2457 177 2510 eat
199 2453 406 2531 nomenoius,
430 2459 461 2511 et
473 2470 578 2511 seeum
600 2453 651 2532 agi
665 2453 787 2531 patitur,
809 2452 889 2512 siout
909 2453 1053 2532 placitum

125 2533 215 2594 fuerit
236 2535 313 2595 Deo.
345 2534 424 2609 Quia
445 2537 605 2614 promissis
627 2537 692 2594 eius
715 2536 896 2614 inhaerens,
919 2555 986 2597 non
1008 2534 1053 2595 do·

129 2618 205 2677 bitat
229 2637 297 2678 enm
321 2638 436 2696 verum,
459 2620 581 2696 iustum,
605 2620 787 2698 sapientem,
812 2620 919 2678 omnia
943 2619 1052 2699 optime

126 2701 287 2777 laetorum,
309 2701 543 2780 dispositurum,
568 2708 752 2762 curaturum.
794 2701 836 2761 At
857 2721 969 2763 nonne
991 2701 1052 2763 talis

128 2785 238 2861 anima,
261 2784 320 2844 hao
342 2784 402 2844 lide
425 2804 489 2861 sua,
511 2804 567 2864 per
586 2787 690 2844 omnia
710 2785 971 2846 obedientissima
992 2785 1052 2846 Deo

128 2867 195 2928 ast?
219 2867 308 2942 Quod
333 2887 407 2948 ergo
423 2875 619 2948 praeseptum
636 2875 683 2928 est
704 2869 864 2948 reliquum,
879 2869 977 2947 ¹quod
991 2866 1053 2929 talis

127 2950 304 3011 obedientia
330 2971 391 3012 non
414 2951 537 3012 abunde
560 2952 753 3031 impleverit?
785 2949 873 3026 Quae
895 2950 1052 3032 plenitudo

127 3034 256 3114 plenior,
279 3054 369 3114 qnam
393 3036 571 3095 omnimoda
594 3035 786 3096 obedientia?
818 3036 860 3096 At
883 3035 969 3096 hano
997 3052 1053 3097 non

129 3137 241 3197 opera,
263 3118 317 3178 sed
342 3119 409 3178 sola
431 3117 507 3177 fides
531 3126 675 3198 praestat.
792 3113 794 3119 ’

211 3200 415 3280 Contraquae
431 3202 582 3262 rebellio?
605 3222 683 3281 quae
703 3203 855 3282 impietas,
880 3220 963 3280 quae
986 3219 1050 3265 oon·

129 3285 255 3344 tumelio
276 3286 333 3345 Dei
357 3286 468 3363 maior,
492 3304 582 3364 quam
607 3306 669 3346 non
694 3285 819 3346 eredere
842 3281 1052 3364 promittenti?

128 3367 208 3441 Quid
232 3371 312 3429 enim
336 3368 419 3428 aliud
443 3375 505 3446 est,
543 3387 632 3448 quam
657 3369 754 3430 Deum
788 3375 841 3429 aut
873 3369 1051 3429 mendaeem

128 3451 246 3529 faeere,
275 3460 327 3512 aut
357 3451 495 3512 dubitare
526 3472 668 3512 veracem
692 3452 782 3512 essa?
814 3452 876 3511 hoo
905 3461 973 3531 est,
1002 3449 1051 3512 sibi

129 3537 287 3596 veritatem
311 3535 462 3614 tribuere,
485 3534 551 3595 Deo
577 3544 679 3596 autem
703 3536 898 3605 mendaoiurn
923 3543 957 3597 et
977 3533 1051 3596 vani·

129 3623 235 3681 tatem.
278 3619 312 3678 ln
335 3638 395 3698 qua
417 3638 449 3678 re
472 3637 576 3679 nonne
599 3620 697 3679 Deum
720 3624 828 3701 negat,
852 3626 883 3679 et
901 3637 938 3680 se
960 3621 1050 3700 ipsum

349 3742 508 3753 ...—

9 3790 118 3970 ἱ
197 3795 229 3866 1)
249 3795 282 3850 In
301 3795 345 3852 ed.
365 3797 433 3853 1521
453 3796 570 3850 etlam:
592 3801 732 3865 paratum.
