2346 4208
421 236 457 299 rie
474 248 611 314 potestate
630 234 747 301 concilii.
982 230 1044 312 417

122 463 353 593 'Disputatio
387 516 429 576 de
463 519 664 596 potestate
691 516 857 596 concilii
888 518 923 582 D.
951 518 1046 580 Mor·-

431 601 506 660 tiui
523 598 740 684 ·Lutheri*)2

398 733 490 794 Anno
512 734 553 798 u.
576 735 612 799 o.
635 710 772 797 xxxvi.
890 819 892 825 Α

212 871 236 930 l.
267 867 358 931 Nulla
386 871 533 931 autoritas
554 877 628 952 post
650 871 801 932 Christum
825 876 873 929 est
892 852 1046 950 apostolis

124 957 156 1010 et
178 950 337 1031 prophetis
359 954 529 1033 aequanda.

208 1036 237 1096 2.
276 1036 375 1095 Ceteri
407 1055 516 1096 omnes
545 1054 741 1098 successores
764 1041 882 1096 tentum
906 1033 1060 1114 discipuli

125 1117 248 1177 illorum
273 1118 387 1179 debent
408 1119 523 1180 heberi.

210 1201 238 1263 3.
268 1202 410 1281 Apostoli
434 1203 548 1263 certem
575 1203 655 1281 (non
678 1203 708 1262 in
732 1201 836 1281 specie
860 1201 970 1286 solum,
992 1200 1046 1262 sed

125 1287 155 1345 in
179 1283 338 1344 individuo
361 1284 502 1370 quoque)
536 1287 774 1366 promissionem
799 1283 927 1366 Spiritus
950 1285 1048 1346 saneti

125 1368 306 1430 habuerunt.

124 1430 129 1453 ⁸
209 1451 237 1512 4.
268 1449 341 1510 Ideo
370 1450 428 1509 soli
459 1449 691 1511 fundamentum
714 1447 865 1510 ecclesiae
887 1454 1048 1530 vocantur,

125 1534 176 1612 qui
199 1533 343 1592 articulos
365 1531 436 1592 tidei
459 1533 581 1595 tradere
604 1532 768 1595 debebant.

209 1620 238 1679 5.
261 1616 341 1676 Nulli
364 1635 560 1678 successores
582 1617 612 1676 in
635 1614 793 1676 individuo
807 1615 1047 1695 promissionem

126 1698 256 1780 Spiritus
281 1695 377 1760 sancti
400 1699 580 1760 habuerunt.

210 1785 236 1846 6.
265 1781 367 1856 Quare
396 1798 458 1844 non
489 1784 639 1864 sequitur,
674 1779 808 1862 apostoli
836 1780 897 1842 hoo
929 1788 960 1842 et
987 1779 1049 1843 hoo
1108 1774 1110 1781 ’

126 1872 307 1946 potuerunt,
331 1885 405 1946 ergo
428 1865 507 1925 idem
531 1871 661 1946 possunt
682 1883 788 1925 eorum
811 1883 1017 1927 successores.
1080 1882 1083 1887 ⁴

209 1952 238 2010 7.
267 1947 327 2010 Sed
361 1947 507 2027 quidquid
535 1948 645 2010 volunt
672 1946 784 2008 dooere
814 1951 867 2008 aut
900 1954 1045 2028 statuere,

126 2031 242 2093 debent
264 2032 456 2092 autoritatem
480 2031 691 2112 apostolorum
715 2031 801 2110 sequi
824 2039 855 2091 et
876 2028 994 2092 efferre.

211 2116 240 2178 8.
269 2114 354 2176 Siout
374 2115 480 2176 Petrus
502 2115 559 2176 sit:
582 2115 759 2194 Loquautur
781 2113 867 2193 qussi
888 2132 1048 2175 sermones

128 2199 200 2271 nei,
223 2199 396 2259 ministrent
418 2201 496 2259 siout
518 2199 658 2259 virtutem
682 2197 749 2279 Dei.

212 2284 240 2345 9.
271 2280 340 2341 Nou
375 2282 455 2341 enim
484 2281 642 2342 voluntate
672 2281 817 2341 humana·
834 2279 959 2342 affertur
980 2291 1051 2361 pro-¹

129 2364 244 2445 photio,
267 2367 307 2424 sit
328 2365 421 2424 homo
443 2367 473 2424 in
497 2383 682 2444 quocunque
704 2363 810 2445 gradu.

193 2451 241 2512 10.
264 2446 325 2508 Sed
348 2446 461 2527 Spiritu
483 2454 590 2507 saneto
610 2448 796 2527 inspirantur
817 2446 958 2507 homines
982 2447 1049 2527 Dei,

128 2539 162 2590 ut
195 2530 434 2611 interpretentur
463 2529 634 2610 Scripturas
667 2548 730 2590 non
758 2531 883 2610 propria
904 2531 1050 2610 interpre-

128 2615 255 2676 tatione.

193 2700 240 2759 11.
270 2695 360 2772 Quod
382 2696 407 2756 si
429 2695 659 2756 fundamentum
683 2695 896 2775 apostolorum
920 2711 982 2753 non
1002 2712 1049 2753 se-

129 2787 262 2859 quantur
285 2798 494 2859 successores,
516 2798 574 2839 nec
600 2778 781 2857 observant,
809 2777 956 2838 haeretici
979 2781 1050 2839 sunt

128 2864 177 2923 vel
201 2863 379 2938 antichristi,
403 2870 436 2922 ut
457 2870 544 2924 extra
565 2860 796 2922 fundamentum
820 2858 940 2942 perditi.

197 2948 241 3008 12.
271 2945 402 3006 Possunt
424 2965 497 3026 ergo
522 2947 660 3026 episcopi
682 2944 863 3025 congregati
893 2961 947 3003 seu
977 2960 1049 3002 con·

128 3030 229 3089 cilium
254 3048 371 3106 errare,
395 3029 473 3090 siout
494 3029 546 3089 alii
568 3029 726 3105 homines,
747 3037 810 3088 tum
834 3024 963 3107 publici,
985 3031 1048 3085 tum

151 3113 251 3173 riveti.
823 3112 824 3116 ’

130 3133 148 3194 p
192 3198 238 3259 13.
262 3194 293 3256 Si
316 3214 388 3256 vero
412 3214 473 3256 non
498 3202 610 3274 errent,
633 3194 693 3255 hoo
714 3192 749 3253 tit
770 3210 853 3270 casu,
874 3210 929 3251 seu
951 3191 1049 3251 saneti

128 3277 256 3338 alicuius
278 3280 358 3338 inter
380 3298 450 3357 eos,
474 3298 529 3339 seu
551 3278 701 3341 eeclesiae
724 3277 849 3354 meritc,
877 3294 940 3335 non
964 3280 1050 3334 auto·

129 3363 218 3422 ritate
240 3363 489 3442 congregationis
512 3380 627 3425 eorum.

193 3446 240 3508 11.
271 3444 356 3505 Sicut
384 3444 533 3505 Nicenum
563 3444 726 3505 concilium
767 3442 855 3501 unius
887 3438 1050 3521 Paphnutii

246 3604 258 3608 ...
279 3604 330 3608 .-.-
336 3603 550 3610 ..-..--,--

185 3687 216 3754 *)
238 3688 342 3739 Textus
362 3689 492 3752 repetitus
511 3690 607 3737 estex
626 3684 668 3737 ed.
689 3682 776 3749 1538,
796 3680 892 3733 collata
910 3678 954 3734 ed.
969 3680 1048 3734 1558.

133 3759 254 3826 (Weloh.
272 3757 338 3811 XIX
357 3775 383 3827 p.
404 3759 456 3814 118
475 3755 623 3821 512202).

160 3865 250 3904 ratres
265 3875 316 3913 opp.
333 3865 360 3905 v.
376 3846 404 3903 λ.
419 3859 744 3910 aerumnosarum.
800 3856 801 3860 ’
837 3838 877 3903 ‘ll
