2346 4208
335 254 385 309 pro
404 239 609 294 Laborantibus
626 246 655 295 st
675 240 812 295 Oneratis.
980 237 1042 303 1l3

122 446 232 508 parum
255 433 359 507 potest
379 427 482 488 solatii
503 426 568 488 dari
595 428 626 487 in
649 427 711 487 suis
743 426 847 504 malis,
881 427 964 507 quod
1000 430 1044 488 in-

121 517 209 571 eerta
229 516 302 571 sunt
322 507 483 588 omnia1),
507 528 690 589 quamquam
715 511 745 569 in
779 509 840 570 hoo
871 512 911 570 sit
939 512 1042 591 magni

122 594 269 655 tumultus
290 600 381 654 autor
401 592 453 653 ille
475 592 602 654 effeetus
622 594 692 671 (qui
713 611 784 673 spes
797 599 942 668 voeatur)
965 593 1045 654 eele-

122 676 204 755 brie,
241 694 301 756 quo
335 677 469 737 invicem
504 675 639 736 humana
670 676 885 737 consolatione
907 676 1046 737 iubemur

122 778 249 839 sperare
271 759 416 836 meliora,
441 777 502 837 quo
524 757 654 839 grandia
674 758 817 820 molimur
841 757 873 821 in
895 761 1045 820 ineertum

121 842 386 922 frequentissime,
409 843 472 902 imo
495 859 618 921 semper
639 841 725 919 salsi,
747 844 827 902 sieut
848 842 985 903 Christus
1007 842 1047 902 de

123 944 164 985 eo
192 927 222 984 in
251 926 415 1006 evangelio
438 925 509 988 Luo.
533 927 579 987 12.
603 924 709 1003 doeet,
739 927 791 1004 qui
820 927 941 986 animae
972 944 1047 984 suae

123 1008 216 1068 dixit:
238 1008 399 1069 Destruam
422 1008 532 1068 horrea
555 1027 633 1085 mee,
656 1015 687 1068 et
707 1007 816 1068 faeiem
834 1010 994 1088 ampliora,
1016 1015 1048 1068 et
1139 1042 1141 1048 ι

123 1089 225 1151 diuum
247 1093 369 1152 animae
390 1110 488 1167 meae,
510 1091 691 1169 Requiesoe,
713 1091 781 1168 ede,
803 1090 883 1169 bibe,
906 1093 1042 1172 epulare,

123 1175 229 1234 anima
251 1194 335 1251 mea,
357 1172 453 1234 habes
487 1175 583 1234 multa
606 1173 689 1234 bona
705 1175 735 1232 in
759 1175 906 1254 plurimos
929 1194 1040 1234 annos.

126 1256 213 1317 Dixit
232 1265 334 1316 autem
357 1257 401 1317 illi
421 1256 522 1319 Deus:
556 1255 668 1332 Stulte,
702 1258 760 1316 heo
790 1265 883 1318 noete
905 1263 1048 1338 repetent

124 1341 260 1400 animem
282 1346 365 1399 tuam
388 1358 409 1399 a
429 1347 475 1417 te,
507 1346 539 1399 et
566 1359 645 1418 quae
667 1342 797 1419 parasti,
827 1342 912 1400 ouius
933 1339 1049 1401 'eruutl

126 1422 182 1485 sta
203 1429 260 1498 eet,
282 1424 334 1502 qui
357 1423 559 1500 thesaurizat,
579 1429 610 1482 et
631 1443 693 1483 non
712 1430 760 1483 est
774 1425 810 1483 in
833 1423 931 1483 Deum
954 1423 1049 1484 dives.

212 1503 407 1584 Quamquam
441 1523 500 1565 neo
535 1507 580 1564 sie
600 1505 684 1565 Deus
712 1505 870 1583 reliquerit
896 1506 975 1566 lilios
997 1507 1051 1566 ho·

127 1588 257 1663 minum,
283 1590 355 1667 quin
379 1588 440 1647 hoe
460 1586 572 1648 affeetu
595 1589 666 1647 mali
681 1588 848 1649 amovendi
867 1596 899 1648 et
917 1590 988 1649 boni
1003 1606 1051 1648 so·

128 1672 247 1731 oessuri
269 1690 324 1731 eos
348 1670 473 1749 soletur,
496 1671 568 1730 lieet
588 1672 697 1730 incerti
713 1672 774 1731 sint
786 1670 954 1750 defuturis,
977 1673 1052 1731 oerti

127 1762 234 1814 temen
258 1760 406 1839 sqerant,
431 1773 492 1832 quo
515 1755 635 1814 interim
659 1755 861 1832 sustinentur,
885 1774 924 1814 ne
946 1754 1051 1833 despe-

127 1838 258 1898 rationis
283 1837 364 1896 malo
387 1835 509 1897 adieeto
543 1856 690 1917 praesens
719 1839 830 1897 melum
859 1857 921 1897 non
943 1837 1053 1913 ferant,

129 1930 162 1982 et
183 1921 292 1999 peiora
313 1919 435 1979 saetam.
478 1917 581 1994 Quare
603 1928 635 1980 et
655 1921 722 2000 ipse
736 1919 863 1995 effeetus
885 1921 951 2000 spei
974 1921 1053 1979 eius-

128 2001 216 2064 modi
237 2001 352 2063 donum
375 2003 431 2061 Dei
455 2011 517 2080 est,
553 2022 615 2063 non
645 2002 727 2082 quod
756 2023 794 2063 eo
817 2005 891 2064 velit
911 2024 966 2064 eos
988 2004 1054 2079 niti,

129 2085 187 2148 sed
215 2088 332 2147 moneri
354 2084 392 2145 ad
416 2105 502 2165 spem
527 2086 674 2164 solidam,
705 2106 785 2166 quae
814 2094 862 2148 est
896 2089 926 2146 in
957 2089 1055 2166 ipsum

131 2170 244 2231 solum.
287 2169 360 2229 ideo
385 2170 465 2228 enim
489 2169 672 2248 longanimis
695 2179 758 2246 est,
793 2178 825 2231 ut
846 2172 979 2230 adducat
1000 2189 1055 2229 eos

133 2253 174 2312 ad
200 2254 433 2332 poenitentiam,
456 2259 487 2311 ut
508 2253 617 2313 Roma.
640 2256 668 2316 2.
687 2255 768 2314 dieit.
812 2255 877 2314 Neo
905 2256 976 2314 sinit
998 2261 1055 2312 etu-

132 2339 200 2410 tim,
222 2342 253 2395 et
275 2355 382 2395 omnes
407 2335 471 2394 falli
504 2335 563 2394 heo
590 2336 691 2396 fallaci
713 2357 785 2416 spe,
818 2341 843 2397 si
872 2357 933 2416 quo
963 2335 1055 2396 modo

133 2418 263 2480 redeant
284 2419 323 2478 ed
347 2438 400 2479 eor
423 2426 454 2477 et
476 2438 547 2478 vere
569 2431 702 2499 sperent.

220 2501 400 2562 Christianis
423 2519 496 2563 vero
518 2510 641 2581 praeter
661 2501 739 2563 liaeo
768 2502 849 2564 bona
871 2503 966 2582 dupla
988 2510 1059 2562 sunt

134 2586 271 2646 maxime
293 2584 375 2646 bone
396 2591 481 2645 serto
504 2586 613 2663 lutura,
636 2586 690 2645 sed
715 2605 769 2664 per·
787 2599 916 2647 mortem
940 2592 971 2646 et
989 2605 1058 2664 pes-

134 2670 250 2745 siones,
273 2668 421 2747 siquidem
444 2675 475 2727 et
505 2669 563 2749 ipsi
586 2668 722 2747 gaudent
749 2672 904 2730 communi
926 2670 979 2728 illa
1001 2687 1056 2747 spe

134 2755 253 2812 ineerta
282 2752 406 2813 liniendi
432 2751 503 2812 meli
532 2755 721 2831 praesentis,
760 2760 792 2811 et
827 2751 960 2832 augendi
985 2752 1057 2811 boni

137 2830 298 2895 eontrarii:
332 2853 516 2914 quamquam
553 2835 583 2894 id
612 2855 674 2895 non
703 2835 782 2895 adeo
811 2843 934 2913 curent,
968 2854 1058 2913 quam

137 2917 221 2998 quod
244 2917 359 2979 bonum
382 2937 468 2978 suum
491 2920 647 2998 proprium
662 2927 801 2998 augetur,
825 2918 907 2998 quod
922 2928 969 2977 est
984 2919 1059 2978 veri-

138 3009 186 3062 tss
210 3003 240 3060 in
263 3002 401 3080 Christo,
430 3003 461 3060 in
488 3019 549 3078 quo
571 3011 757 3080 promovent
785 3003 823 3062 de
844 3003 893 3062 die
915 3003 946 3060 in
969 3000 1060 3074 diem,

139 3091 267 3165 propter
289 3084 371 3165 quod
393 3091 426 3144 et
445 3085 552 3144 vivunt
571 3091 604 3144 et
624 3094 757 3165 sperant.

224 3167 285 3228 Sed
308 3168 386 3228 ultra
407 3168 485 3226 liaeo
508 3166 583 3245 dixi,
606 3167 666 3228 duo
680 3168 814 3229 maxima
828 3169 927 3228 sutura
948 3167 1063 3227 hebent

141 3251 171 3311 in
195 3260 304 3311 morte.
355 3251 503 3326 Primum,
538 3251 620 3328 quod
655 3259 753 3312 morte
785 3251 888 3311 linitur
921 3253 1064 3311 universa

140 3335 231 3393 huius
255 3335 336 3393 vitae
347 3335 496 3394 melorum
510 3334 678 3413 tragoedia,
701 3337 779 3394 siout
794 3337 939 3414 seriptum
953 3332 1062 3413 est*):

142 3417 283 3476 Pretiosa
306 3418 336 3476 in
355 3425 523 3497 eonspeotu
537 3416 660 3477 Domini
683 3439 765 3478 mors
788 3425 963 3478 sanctorum
981 3420 1063 3494 eius,

143 3502 320 3559 etiterum:
344 3499 379 3560 ln
403 3519 480 3579 paee
502 3501 532 3559 in
556 3500 587 3558 id
603 3501 701 3581 ipsum
724 3502 873 3561 dormiam
896 3509 927 3562 et
947 3503 1065 3580 requie-

357 3633 566 3646 μ*-

219 3690 248 3751 l)
271 3690 301 3739 ln
320 3689 363 3742 ed.
382 3687 460 3742 Jemt
479 3691 534 3742 sint
553 3693 593 3741 eis
612 3690 715 3741 omniu.

219 3759 249 3827 ⁸)
270 3756 372 3812 Psalm.
395 3762 454 3816 116.
491 3763 592 3815 Psalm.
611 3762 636 3815 4.
674 3761 773 3813 Psalm.
794 3760 836 3813 34.
882 3760 982 3813 Psalm.
1005 3760 1066 3814 140.

171 3849 371 3897 Lumonopffl.
386 3849 413 3889 Α.
429 3849 640 3898 adrethisttp.
655 3849 756 3889 v01.1v.
865 3844 889 3911 8
