<?xml version="1.0" encoding="UTF-8"?>
<!DOCTYPE html PUBLIC "-//W3C//DTD XHTML 1.0 Transitional//EN"
    "http://www.w3.org/TR/xhtml1/DTD/xhtml1-transitional.dtd">
<html xmlns="http://www.w3.org/1999/xhtml" xml:lang="en" lang="en">
 <head>
  <title>
</title>
<meta http-equiv="Content-Type" content="text/html;charset=utf-8" />
  <meta name='ocr-system' content='tesseract 3.04.00' />
  <meta name='ocr-capabilities' content='ocr_page ocr_carea ocr_par ocr_line ocrx_word'/>
</head>
<body>
  <div class='ocr_page' id='page_1' title='image "./dmartinilutheri04luthgoog_0386.png"; bbox 0 0 2346 4208; ppageno 0'>
   <div class='ocr_carea' id='block_1_1' title="bbox 367 268 1039 341">
    <p class='ocr_par' dir='ltr' id='par_1_1' title="bbox 367 268 1039 341">
     <span class='ocr_line' id='line_1_1' title="bbox 367 268 1039 341; baseline 0.004 -19"><span class='ocrx_word' id='word_1_1' title='bbox 367 270 439 323; x_wconf 81' lang='lat' dir='ltr'><strong>xm.</strong></span> <span class='ocrx_word' id='word_1_2' title='bbox 459 268 497 325; x_wconf 77' lang='lat' dir='ltr'><strong>do</strong></span> <span class='ocrx_word' id='word_1_3' title='bbox 512 276 650 341; x_wconf 74' lang='grc' dir='ltr'>ιιοιιιιιιι</span> <span class='ocrx_word' id='word_1_4' title='bbox 668 272 769 341; x_wconf 72' lang='lat' dir='ltr'><strong>Papus.</strong></span> <span class='ocrx_word' id='word_1_5' title='bbox 974 270 1039 339; x_wconf 58' lang='grc' dir='ltr'><strong>Ἧι</strong></span> 
     </span>
    </p>
   </div>
   <div class='ocr_carea' id='block_1_2' title="bbox 109 455 1037 953">
    <p class='ocr_par' dir='ltr' id='par_1_2' title="bbox 110 455 1037 685">
     <span class='ocr_line' id='line_1_2' title="bbox 112 455 1037 538; baseline 0.002 -21"><span class='ocrx_word' id='word_1_6' title='bbox 112 456 272 535; x_wconf 73' lang='lat' dir='ltr'><strong>Andreae,</strong></span> <span class='ocrx_word' id='word_1_7' title='bbox 309 455 479 535; x_wconf 73' lang='lat' dir='ltr'><strong>lohannes,</strong></span> <span class='ocrx_word' id='word_1_8' title='bbox 514 455 586 536; x_wconf 86' lang='lat' dir='ltr'><strong>quid</strong></span> <span class='ocrx_word' id='word_1_9' title='bbox 602 455 701 533; x_wconf 83' lang='lat' dir='ltr'><strong>eliud,</strong></span> <span class='ocrx_word' id='word_1_10' title='bbox 724 475 815 536; x_wconf 82' lang='lat' dir='ltr'><strong>quom</strong></span> <span class='ocrx_word' id='word_1_11' title='bbox 837 458 1037 538; x_wconf 69' lang='lat' dir='ltr'><strong>singularium</strong></span> 
     </span>
     <span class='ocr_line' id='line_1_3' title="bbox 110 539 1037 621; baseline 0.003 -21"><span class='ocrx_word' id='word_1_12' title='bbox 110 547 182 600; x_wconf 88' lang='lat' dir='ltr'><strong>suut</strong></span> <span class='ocrx_word' id='word_1_13' title='bbox 202 540 340 620; x_wconf 85' lang='lat' dir='ltr'>plebium</span> <span class='ocrx_word' id='word_1_14' title='bbox 362 541 483 619; x_wconf 65' lang='lat' dir='ltr'><strong>(surpite,¹</strong></span> <span class='ocrx_word' id='word_1_15' title='bbox 510 547 664 600; x_wconf 75' lang='lat' dir='ltr'><strong>ettamen</strong></span> <span class='ocrx_word' id='word_1_16' title='bbox 688 539 744 599; x_wconf 91' lang='lat' dir='ltr'><strong>sub</strong></span> <span class='ocrx_word' id='word_1_17' title='bbox 766 559 830 601; x_wconf 91' lang='lat' dir='ltr'><strong>uuo</strong></span> <span class='ocrx_word' id='word_1_18' title='bbox 850 543 951 621; x_wconf 78' lang='lat' dir='ltr'><strong>eapite</strong></span> <span class='ocrx_word' id='word_1_19' title='bbox 974 561 1037 603; x_wconf 90' lang='lat' dir='ltr'><strong>om·</strong></span> 
     </span>
     <span class='ocr_line' id='line_1_4' title="bbox 110 621 1016 685; baseline 0.001 -1"><span class='ocrx_word' id='word_1_20' title='bbox 110 642 165 684; x_wconf 90' lang='lat' dir='ltr'><strong>nes</strong></span> <span class='ocrx_word' id='word_1_21' title='bbox 188 632 259 683; x_wconf 89' lang='lat' dir='ltr'><strong>suut</strong></span> <span class='ocrx_word' id='word_1_22' title='bbox 280 623 420 683; x_wconf 80' lang='lat' dir='ltr'><strong>membru</strong></span> <span class='ocrx_word' id='word_1_23' title='bbox 441 623 600 684; x_wconf 79' lang='lat' dir='ltr'><strong>ecelesiae.</strong></span> <span class='ocrx_word' id='word_1_24' title='bbox 644 622 704 685; x_wconf 80' lang='lat' dir='ltr'><strong>Sed</strong></span> <span class='ocrx_word' id='word_1_25' title='bbox 728 621 807 683; x_wconf 78' lang='lat' dir='ltr'><strong>haee</strong></span> <span class='ocrx_word' id='word_1_26' title='bbox 827 626 911 684; x_wconf 77' lang='lat' dir='ltr'><strong>setis.</strong></span> <span class='ocrx_word' id='word_1_27' title='bbox 1005 658 1016 675; x_wconf 90' lang='lat'><strong>··</strong></span> 
     </span>
    </p>

    <p class='ocr_par' dir='ltr' id='par_1_3' title="bbox 109 705 1037 953">
     <span class='ocr_line' id='line_1_5' title="bbox 192 705 1036 786; baseline 0.001 -20"><span class='ocrx_word' id='word_1_28' title='bbox 192 705 364 766; x_wconf 79' lang='lat' dir='ltr'><strong>Audiamus</strong></span> <span class='ocrx_word' id='word_1_29' title='bbox 387 707 447 766; x_wconf 82' lang='lat' dir='ltr'><strong>iem</strong></span> <span class='ocrx_word' id='word_1_30' title='bbox 470 708 570 785; x_wconf 89' lang='lat' dir='ltr'><strong>ipsum</strong></span> <span class='ocrx_word' id='word_1_31' title='bbox 593 715 686 786; x_wconf 83' lang='lat' dir='ltr'><strong>esput</strong></span> <span class='ocrx_word' id='word_1_32' title='bbox 708 706 860 784; x_wconf 84' lang='lat' dir='ltr'><strong>omnium,</strong></span> <span class='ocrx_word' id='word_1_33' title='bbox 892 707 965 786; x_wconf 91' lang='lat' dir='ltr'><strong>quid</strong></span> <span class='ocrx_word' id='word_1_34' title='bbox 988 727 1036 768; x_wconf 54' lang='lat' dir='ltr'><strong>sus</strong></span> 
     </span>
     <span class='ocr_line' id='line_1_6' title="bbox 110 788 1037 870; baseline 0.002 -21"><span class='ocrx_word' id='word_1_35' title='bbox 110 810 164 870; x_wconf 87' lang='lat' dir='ltr'><strong>per</strong></span> <span class='ocrx_word' id='word_1_36' title='bbox 198 790 287 850; x_wconf 88' lang='lat' dir='ltr'><strong>buius</strong></span> <span class='ocrx_word' id='word_1_37' title='bbox 310 788 508 850; x_wconf 82' lang='lat' dir='ltr'><strong>monnrohiee</strong></span> <span class='ocrx_word' id='word_1_38' title='bbox 541 796 622 848; x_wconf 85' lang='lat' dir='ltr'><strong>statu</strong></span> <span class='ocrx_word' id='word_1_39' title='bbox 655 788 816 849; x_wconf 86' lang='lat' dir='ltr'><strong>definierit.</strong></span> <span class='ocrx_word' id='word_1_40' title='bbox 874 790 953 850; x_wconf 85' lang='lat' dir='ltr'><strong>Nem</strong></span> <span class='ocrx_word' id='word_1_41' title='bbox 986 790 1037 851; x_wconf 84' lang='lat' dir='ltr'><strong>bio</strong></span> 
     </span>
     <span class='ocr_line' id='line_1_7' title="bbox 109 873 1037 953; baseline 0.001 -21"><span class='ocrx_word' id='word_1_42' title='bbox 109 875 267 953; x_wconf 83' lang='lat' dir='ltr'><strong>prsesoius</strong></span> <span class='ocrx_word' id='word_1_43' title='bbox 297 873 468 933; x_wconf 81' lang='lat' dir='ltr'><strong>futurorum</strong></span> <span class='ocrx_word' id='word_1_44' title='bbox 489 873 701 951; x_wconf 82' lang='lat' dir='ltr'><strong>quaestionem</strong></span> <span class='ocrx_word' id='word_1_45' title='bbox 732 873 812 931; x_wconf 81' lang='lat' dir='ltr'><strong>bene</strong></span> <span class='ocrx_word' id='word_1_46' title='bbox 838 874 951 952; x_wconf 82' lang='lat' dir='ltr'><strong>primus</strong></span> <span class='ocrx_word' id='word_1_47' title='bbox 970 893 1037 935; x_wconf 85' lang='lat' dir='ltr'><strong>nm·</strong></span> 
     </span>
    </p>
   </div>
   <div class='ocr_carea' id='block_1_3' title="bbox 109 954 1122 1034">
    <p class='ocr_par' dir='ltr' id='par_1_4' title="bbox 109 954 1122 1034">
     <span class='ocr_line' id='line_1_8' title="bbox 109 954 1122 1034; baseline 0.002 -19"><span class='ocrx_word' id='word_1_48' title='bbox 109 957 193 1015; x_wconf 90' lang='lat' dir='ltr'><strong>nium</strong></span> <span class='ocrx_word' id='word_1_49' title='bbox 228 963 260 1016; x_wconf 89' lang='grc' dir='ltr'><strong>ιι</strong></span> <span class='ocrx_word' id='word_1_50' title='bbox 291 954 395 1016; x_wconf 82' lang='lat' dir='ltr'><strong>dedita</strong></span> <span class='ocrx_word' id='word_1_51' title='bbox 427 973 523 1034; x_wconf 85' lang='lat' dir='ltr'><strong>opera</strong></span> <span class='ocrx_word' id='word_1_52' title='bbox 555 954 711 1030; x_wconf 83' lang='lat' dir='ltr'><strong>dissolvit</strong></span> <span class='ocrx_word' id='word_1_53' title='bbox 747 963 779 1015; x_wconf 86' lang='lat' dir='ltr'><strong>et</strong></span> <span class='ocrx_word' id='word_1_54' title='bbox 802 963 846 1016; x_wconf 87' lang='lat' dir='ltr'><strong>tot</strong></span> <span class='ocrx_word' id='word_1_55' title='bbox 802 956 970 1016; x_wconf 84' lang='lat' dir='ltr'><strong>tndbuo</strong></span> <span class='ocrx_word' id='word_1_56' title='bbox 991 974 1036 1017; x_wconf 82' lang='lat' dir='ltr'><strong>se·</strong></span> <span class='ocrx_word' id='word_1_57' title='bbox 1119 956 1122 966; x_wconf 83' lang='grc'><em>“</em></span> 
     </span>
    </p>
   </div>
   <div class='ocr_carea' id='block_1_4' title="bbox 108 1037 1037 3690">
    <p class='ocr_par' dir='ltr' id='par_1_5' title="bbox 108 1037 1037 3690">
     <span class='ocr_line' id='line_1_9' title="bbox 109 1037 1037 1122; baseline 0.002 -24"><span class='ocrx_word' id='word_1_58' title='bbox 109 1038 185 1098; x_wconf 83' lang='lat' dir='ltr'><strong>sniis</strong></span> <span class='ocrx_word' id='word_1_59' title='bbox 209 1058 301 1118; x_wconf 85' lang='lat' dir='ltr'><strong>super</strong></span> <span class='ocrx_word' id='word_1_60' title='bbox 331 1058 368 1099; x_wconf 85' lang='grc' dir='ltr'><strong>ιι</strong></span> <span class='ocrx_word' id='word_1_61' title='bbox 390 1057 442 1098; x_wconf 87' lang='lat' dir='ltr'><strong>oer</strong></span> <span class='ocrx_word' id='word_1_62' title='bbox 442 1045 538 1114; x_wconf 73' lang='lat' dir='ltr'><strong>tetur,</strong></span> <span class='ocrx_word' id='word_1_63' title='bbox 575 1039 662 1115; x_wconf 83' lang='lat' dir='ltr'><strong>qussi</strong></span> <span class='ocrx_word' id='word_1_64' title='bbox 687 1037 782 1099; x_wconf 78' lang='lat' dir='ltr'><strong>verbs</strong></span> <span class='ocrx_word' id='word_1_65' title='bbox 804 1038 914 1099; x_wconf 81' lang='lat' dir='ltr'>Christi</span> <span class='ocrx_word' id='word_1_66' title='bbox 936 1040 1037 1122; x_wconf 76' lang='lat' dir='ltr'><strong>fumus</strong></span> 
     </span>
     <span class='ocr_line' id='line_1_10' title="bbox 109 1121 964 1197; baseline -0.001 -16"><span class='ocrx_word' id='word_1_67' title='bbox 109 1124 180 1197; x_wconf 86' lang='lat' dir='ltr'><strong>sint</strong></span> <span class='ocrx_word' id='word_1_68' title='bbox 203 1124 262 1186; x_wconf 89' lang='grc' dir='ltr'><strong>ιι</strong></span> <span class='ocrx_word' id='word_1_69' title='bbox 254 1123 354 1182; x_wconf 84' lang='lat' dir='ltr'><strong>rnunis</strong></span> <span class='ocrx_word' id='word_1_70' title='bbox 376 1121 488 1182; x_wconf 81' lang='lat' dir='ltr'><strong>subula.</strong></span> <span class='ocrx_word' id='word_1_71' title='bbox 961 1154 964 1159; x_wconf 93' lang='lat'><em>·</em></span> 
     </span>
     <span class='ocr_line' id='line_1_11' title="bbox 194 1203 1033 1283; baseline 0.002 -19"><span class='ocrx_word' id='word_1_72' title='bbox 194 1205 312 1264; x_wconf 85' lang='lat' dir='ltr'><strong>Dioitnr</strong></span> <span class='ocrx_word' id='word_1_73' title='bbox 330 1206 435 1283; x_wconf 78' lang='lat' dir='ltr'><strong>itaque</strong></span> <span class='ocrx_word' id='word_1_74' title='bbox 455 1203 525 1265; x_wconf 85' lang='lat' dir='ltr'><strong>Luo</strong></span> <span class='ocrx_word' id='word_1_75' title='bbox 550 1206 604 1266; x_wconf 82' lang='lat'><strong>22:</strong></span> <span class='ocrx_word' id='word_1_76' title='bbox 638 1204 729 1264; x_wconf 77' lang='lat' dir='ltr'><strong>Foeta</strong></span> <span class='ocrx_word' id='word_1_77' title='bbox 758 1210 805 1264; x_wconf 88' lang='lat' dir='ltr'><strong>est</strong></span> <span class='ocrx_word' id='word_1_78' title='bbox 831 1212 934 1264; x_wconf 82' lang='lat' dir='ltr'><strong>nutem</strong></span> <span class='ocrx_word' id='word_1_79' title='bbox 962 1224 1033 1267; x_wconf 82' lang='lat' dir='ltr'><strong>eou-</strong></span> 
     </span>
     <span class='ocr_line' id='line_1_12' title="bbox 109 1286 1035 1366; baseline 0.001 -18"><span class='ocrx_word' id='word_1_80' title='bbox 109 1289 217 1362; x_wconf 71' lang='lat' dir='ltr'><strong>teutim</strong></span> <span class='ocrx_word' id='word_1_81' title='bbox 240 1289 307 1366; x_wconf 89' lang='lat' dir='ltr'><strong>quis</strong></span> <span class='ocrx_word' id='word_1_82' title='bbox 328 1304 435 1348; x_wconf 86' lang='lat' dir='ltr'><strong>sorum</strong></span> <span class='ocrx_word' id='word_1_83' title='bbox 449 1286 602 1347; x_wconf 86' lang='lat' dir='ltr'><strong>videretur</strong></span> <span class='ocrx_word' id='word_1_84' title='bbox 625 1306 693 1347; x_wconf 85' lang='lat' dir='ltr'><strong>esse</strong></span> <span class='ocrx_word' id='word_1_85' title='bbox 706 1289 813 1362; x_wconf 80' lang='lat' dir='ltr'><strong>maior,</strong></span> <span class='ocrx_word' id='word_1_86' title='bbox 836 1287 914 1347; x_wconf 82' lang='lat' dir='ltr'><strong>dixit</strong></span> <span class='ocrx_word' id='word_1_87' title='bbox 933 1295 1035 1349; x_wconf 84' lang='lat' dir='ltr'><strong>sutem</strong></span> 
     </span>
     <span class='ocr_line' id='line_1_13' title="bbox 109 1369 1036 1451; baseline 0 -20"><span class='ocrx_word' id='word_1_88' title='bbox 109 1372 169 1431; x_wconf 90' lang='lat' dir='ltr'><strong>eis:</strong></span> <span class='ocrx_word' id='word_1_89' title='bbox 196 1372 299 1451; x_wconf 80' lang='lat' dir='ltr'>Reges</span> <span class='ocrx_word' id='word_1_90' title='bbox 331 1372 466 1450; x_wconf 86' lang='lat' dir='ltr'><strong>gentium</strong></span> <span class='ocrx_word' id='word_1_91' title='bbox 498 1369 694 1430; x_wconf 70' lang='lat' dir='ltr'><strong>dominantur</strong></span> <span class='ocrx_word' id='word_1_92' title='bbox 724 1370 889 1446; x_wconf 75' lang='lat' dir='ltr'><strong>eorum¹)‚</strong></span> <span class='ocrx_word' id='word_1_93' title='bbox 922 1379 954 1431; x_wconf 88' lang='lat' dir='ltr'><strong>et</strong></span> <span class='ocrx_word' id='word_1_94' title='bbox 985 1372 1036 1450; x_wconf 89' lang='lat' dir='ltr'><strong>qui</strong></span> 
     </span>
     <span class='ocr_line' id='line_1_14' title="bbox 108 1451 1037 1533; baseline -0.002 -18"><span class='ocrx_word' id='word_1_95' title='bbox 108 1461 294 1533; x_wconf 78' lang='lat' dir='ltr'><strong>potestatem</strong></span> <span class='ocrx_word' id='word_1_96' title='bbox 317 1453 433 1514; x_wconf 76' lang='lat' dir='ltr'><strong>babent</strong></span> <span class='ocrx_word' id='word_1_97' title='bbox 456 1473 549 1532; x_wconf 84' lang='lat' dir='ltr'><strong>super</strong></span> <span class='ocrx_word' id='word_1_98' title='bbox 570 1471 634 1530; x_wconf 79' lang='lat' dir='ltr'><strong>eos,</strong></span> <span class='ocrx_word' id='word_1_99' title='bbox 657 1451 957 1532; x_wconf 83' lang='lat' dir='ltr'><strong>benefieivoenntur,</strong></span> <span class='ocrx_word' id='word_1_100' title='bbox 980 1473 1037 1515; x_wconf 80' lang='lat' dir='ltr'><strong>ves</strong></span> 
     </span>
     <span class='ocr_line' id='line_1_15' title="bbox 108 1535 1036 1614; baseline 0.003 -18"><span class='ocrx_word' id='word_1_101' title='bbox 108 1543 212 1597; x_wconf 85' lang='lat' dir='ltr'><strong>nutem</strong></span> <span class='ocrx_word' id='word_1_102' title='bbox 235 1556 297 1596; x_wconf 90' lang='lat' dir='ltr'><strong>non</strong></span> <span class='ocrx_word' id='word_1_103' title='bbox 320 1538 380 1611; x_wconf 69' lang='lat' dir='ltr'><strong>sie,</strong></span> <span class='ocrx_word' id='word_1_104' title='bbox 409 1535 464 1596; x_wconf 89' lang='lat' dir='ltr'><strong>sed</strong></span> <span class='ocrx_word' id='word_1_105' title='bbox 487 1537 538 1614; x_wconf 85' lang='lat' dir='ltr'><strong>qui</strong></span> <span class='ocrx_word' id='word_1_106' title='bbox 561 1536 661 1595; x_wconf 80' lang='lat' dir='ltr'><strong>maior</strong></span> <span class='ocrx_word' id='word_1_107' title='bbox 681 1542 727 1595; x_wconf 86' lang='lat' dir='ltr'><strong>est</strong></span> <span class='ocrx_word' id='word_1_108' title='bbox 748 1542 901 1610; x_wconf 69' lang='lat' dir='ltr'><strong>vestrum,</strong></span> <span class='ocrx_word' id='word_1_109' title='bbox 923 1535 978 1597; x_wconf 81' lang='lat' dir='ltr'><strong>fiat</strong></span> <span class='ocrx_word' id='word_1_110' title='bbox 998 1537 1036 1599; x_wconf 66' lang='lat' dir='ltr'><strong>sb</strong></span> 
     </span>
     <span class='ocr_line' id='line_1_16' title="bbox 109 1620 1036 1698; baseline 0.001 -19"><span class='ocrx_word' id='word_1_111' title='bbox 109 1627 161 1679; x_wconf 83' lang='lat' dir='ltr'><strong>eut</strong></span> <span class='ocrx_word' id='word_1_112' title='bbox 182 1622 298 1680; x_wconf 89' lang='lat' dir='ltr'><strong>minor:</strong></span> <span class='ocrx_word' id='word_1_113' title='bbox 322 1621 425 1697; x_wconf 81' lang='lat' dir='ltr'><strong>etqui</strong></span> <span class='ocrx_word' id='word_1_114' title='bbox 449 1637 630 1698; x_wconf 78' lang='lat' dir='ltr'><strong>praecessor</strong></span> <span class='ocrx_word' id='word_1_115' title='bbox 652 1625 713 1693; x_wconf 74' lang='lat' dir='ltr'><strong>est,</strong></span> <span class='ocrx_word' id='word_1_116' title='bbox 736 1620 815 1679; x_wconf 82' lang='lat' dir='ltr'><strong>siout</strong></span> <span class='ocrx_word' id='word_1_117' title='bbox 839 1621 1036 1680; x_wconf 82' lang='lat' dir='ltr'><strong>ministrator.</strong></span> 
     </span>
     <span class='ocr_line' id='line_1_17' title="bbox 111 1701 1037 1782; baseline 0.001 -20"><span class='ocrx_word' id='word_1_118' title='bbox 111 1702 169 1778; x_wconf 78' lang='lat' dir='ltr'><strong>(m</strong></span> <span class='ocrx_word' id='word_1_119' title='bbox 196 1703 372 1782; x_wconf 88' lang='lat' dir='ltr'><strong>exemplum</strong></span> <span class='ocrx_word' id='word_1_120' title='bbox 401 1721 487 1761; x_wconf 90' lang='lat' dir='ltr'><strong>sunm</strong></span> <span class='ocrx_word' id='word_1_121' title='bbox 517 1702 701 1782; x_wconf 84' lang='lat' dir='ltr'><strong>subiungit.)</strong></span> <span class='ocrx_word' id='word_1_122' title='bbox 746 1701 915 1780; x_wconf 76' lang='lat' dir='ltr'><strong>Numquis</strong></span> <span class='ocrx_word' id='word_1_123' title='bbox 940 1703 1037 1763; x_wconf 76' lang='lat' dir='ltr'><strong>maier</strong></span> 
     </span>
     <span class='ocr_line' id='line_1_18' title="bbox 109 1784 1036 1864; baseline -0.001 -18"><span class='ocrx_word' id='word_1_124' title='bbox 109 1794 172 1863; x_wconf 79' lang='lat' dir='ltr'><strong>est,</strong></span> <span class='ocrx_word' id='word_1_125' title='bbox 208 1788 258 1864; x_wconf 88' lang='lat' dir='ltr'><strong>qui</strong></span> <span class='ocrx_word' id='word_1_126' title='bbox 287 1785 452 1861; x_wconf 87' lang='lat' dir='ltr'><strong>reoumbit</strong></span> <span class='ocrx_word' id='word_1_127' title='bbox 490 1804 529 1845; x_wconf 86' lang='grc' dir='ltr'><strong>ιιι</strong></span> <span class='ocrx_word' id='word_1_128' title='bbox 559 1787 610 1863; x_wconf 88' lang='lat' dir='ltr'><strong>qui</strong></span> <span class='ocrx_word' id='word_1_129' title='bbox 634 1784 808 1844; x_wconf 71' lang='lat' dir='ltr'><strong>ministrat?</strong></span> <span class='ocrx_word' id='word_1_130' title='bbox 850 1785 964 1844; x_wconf 83' lang='lat' dir='ltr'><strong>Nonne</strong></span> <span class='ocrx_word' id='word_1_131' title='bbox 984 1787 1036 1864; x_wconf 78' lang='lat' dir='ltr'><strong>qui</strong></span> 
     </span>
     <span class='ocr_line' id='line_1_19' title="bbox 109 1867 1034 1948; baseline -0.006 -19"><span class='ocrx_word' id='word_1_132' title='bbox 109 1867 278 1929; x_wconf 86' lang='lat' dir='ltr'><strong>reoumbit?</strong></span> <span class='ocrx_word' id='word_1_133' title='bbox 323 1867 392 1948; x_wconf 82' lang='lat' dir='ltr'><strong>Ego</strong></span> <span class='ocrx_word' id='word_1_134' title='bbox 415 1869 547 1928; x_wconf 84' lang='lat' dir='ltr'><strong>nutem</strong></span> <span class='ocrx_word' id='word_1_135' title='bbox 540 1888 571 1927; x_wconf 84' lang='lat' dir='ltr'><strong>ru</strong></span> <span class='ocrx_word' id='word_1_136' title='bbox 594 1867 696 1928; x_wconf 90' lang='lat' dir='ltr'><strong>medio</strong></span> <span class='ocrx_word' id='word_1_137' title='bbox 720 1876 854 1928; x_wconf 82' lang='lat' dir='ltr'><strong>vestrum</strong></span> <span class='ocrx_word' id='word_1_138' title='bbox 877 1887 955 1943; x_wconf 73' lang='lat' dir='ltr'><strong>sum,</strong></span> <span class='ocrx_word' id='word_1_139' title='bbox 978 1869 1034 1929; x_wconf 66' lang='lat' dir='ltr'><strong>sisi</strong></span> 
     </span>
     <span class='ocr_line' id='line_1_20' title="bbox 109 1952 1012 2030; baseline 0.001 -20.065"><span class='ocrx_word' id='word_1_140' title='bbox 109 1953 215 2030; x_wconf 92' lang='lat' dir='ltr'><strong>utqui</strong></span> <span class='ocrx_word' id='word_1_141' title='bbox 239 1952 327 2010; x_wconf 90' lang='lat' dir='ltr'><strong>minis</strong></span> <span class='ocrx_word' id='word_1_142' title='bbox 331 1960 399 2011; x_wconf 83' lang='grc' dir='ltr'>ι.ιιι</span> <span class='ocrx_word' id='word_1_143' title='bbox 1008 1978 1012 1985; x_wconf 94' lang='grc'><em>·</em></span> 
     </span>
     <span class='ocr_line' id='line_1_21' title="bbox 193 2017 1036 2113; baseline 0.004 -21"><span class='ocrx_word' id='word_1_144' title='bbox 193 2034 303 2109; x_wconf 80' lang='lat' dir='ltr'><strong>Vides,</strong></span> <span class='ocrx_word' id='word_1_145' title='bbox 338 2032 421 2111; x_wconf 88' lang='lat' dir='ltr'><strong>qnod</strong></span> <span class='ocrx_word' id='word_1_146' title='bbox 451 2019 589 2093; x_wconf 83' lang='lat' dir='ltr'><strong>Christus</strong></span> <span class='ocrx_word' id='word_1_147' title='bbox 621 2041 727 2113; x_wconf 82' lang='lat' dir='ltr'><strong>operte</strong></span> <span class='ocrx_word' id='word_1_148' title='bbox 758 2035 942 2113; x_wconf 84' lang='lat' dir='ltr'><strong>pronuneist</strong></span> <span class='ocrx_word' id='word_1_149' title='bbox 968 2017 1036 2095; x_wconf 81' lang='lat' dir='ltr'><strong>esse</strong></span> 
     </span>
     <span class='ocr_line' id='line_1_22' title="bbox 110 2115 1036 2198; baseline 0.001 -22"><span class='ocrx_word' id='word_1_150' title='bbox 110 2136 199 2197; x_wconf 84' lang='lat' dir='ltr'><strong>reges</strong></span> <span class='ocrx_word' id='word_1_151' title='bbox 211 2119 358 2198; x_wconf 82' lang='lat' dir='ltr'><strong>gentium,</strong></span> <span class='ocrx_word' id='word_1_152' title='bbox 381 2134 444 2176; x_wconf 91' lang='lat' dir='ltr'><strong>non</strong></span> <span class='ocrx_word' id='word_1_153' title='bbox 459 2115 630 2195; x_wconf 83' lang='lat' dir='ltr'><strong>pontifices</strong></span> <span class='ocrx_word' id='word_1_154' title='bbox 654 2137 704 2194; x_wconf 84' lang='lat' dir='ltr'><strong>qur</strong></span> <span class='ocrx_word' id='word_1_155' title='bbox 698 2117 827 2176; x_wconf 86' lang='lat' dir='ltr'><strong>volunt</strong></span> <span class='ocrx_word' id='word_1_156' title='bbox 850 2137 919 2177; x_wconf 85' lang='lat' dir='ltr'><strong>esse</strong></span> <span class='ocrx_word' id='word_1_157' title='bbox 942 2117 1036 2177; x_wconf 81' lang='lat' dir='ltr'><strong>meio-</strong></span> 
     </span>
     <span class='ocr_line' id='line_1_23' title="bbox 110 2198 1036 2280; baseline 0.001 -22"><span class='ocrx_word' id='word_1_158' title='bbox 110 2220 168 2261; x_wconf 87' lang='lat' dir='ltr'><strong>res.</strong></span> <span class='ocrx_word' id='word_1_159' title='bbox 212 2201 251 2259; x_wconf 78' lang='lat' dir='ltr'><strong>m</strong></span> <span class='ocrx_word' id='word_1_160' title='bbox 240 2205 469 2279; x_wconf 80' lang='lat' dir='ltr'><strong>tttpoesteem</strong></span> <span class='ocrx_word' id='word_1_161' title='bbox 498 2199 580 2259; x_wconf 85' lang='lat' dir='ltr'><strong>illem</strong></span> <span class='ocrx_word' id='word_1_162' title='bbox 604 2201 787 2267; x_wconf 77' lang='lat' dir='ltr'>mundanam</span> <span class='ocrx_word' id='word_1_163' title='bbox 814 2198 862 2280; x_wconf 85' lang='lat' dir='ltr'><strong>(id</strong></span> <span class='ocrx_word' id='word_1_164' title='bbox 884 2210 945 2276; x_wconf 76' lang='lat' dir='ltr'><strong>est,</strong></span> <span class='ocrx_word' id='word_1_165' title='bbox 970 2201 1036 2260; x_wconf 86' lang='lat' dir='ltr'><strong>sine</strong></span> 
     </span>
     <span class='ocr_line' id='line_1_24' title="bbox 112 2283 1034 2363; baseline 0.002 -21"><span class='ocrx_word' id='word_1_166' title='bbox 112 2284 203 2342; x_wconf 88' lang='lat' dir='ltr'><strong>verbo</strong></span> <span class='ocrx_word' id='word_1_167' title='bbox 230 2292 260 2342; x_wconf 81' lang='grc' dir='ltr'><strong>ιι</strong></span> <span class='ocrx_word' id='word_1_168' title='bbox 281 2284 464 2350; x_wconf 65' lang='lat' dir='ltr'><strong>dilectione]</strong></span> <span class='ocrx_word' id='word_1_169' title='bbox 499 2301 623 2361; x_wconf 84' lang='lat' dir='ltr'><strong>prorsus</strong></span> <span class='ocrx_word' id='word_1_170' title='bbox 653 2283 788 2343; x_wconf 82' lang='lat' dir='ltr'><strong>demunt.</strong></span> <span class='ocrx_word' id='word_1_171' title='bbox 833 2284 944 2343; x_wconf 86' lang='lat' dir='ltr'><strong>Verum</strong></span> <span class='ocrx_word' id='word_1_172' title='bbox 976 2300 1034 2363; x_wconf 86' lang='lat' dir='ltr'><strong>ego</strong></span> 
     </span>
     <span class='ocr_line' id='line_1_25' title="bbox 110 2365 1036 2444; baseline 0 -19"><span class='ocrx_word' id='word_1_173' title='bbox 110 2367 220 2442; x_wconf 77' lang='lat' dir='ltr'><strong>ered0,</strong></span> <span class='ocrx_word' id='word_1_174' title='bbox 251 2365 500 2444; x_wconf 81' lang='lat' dir='ltr'><strong>quandoquidem</strong></span> <span class='ocrx_word' id='word_1_175' title='bbox 532 2365 695 2425; x_wconf 80' lang='lat' dir='ltr'><strong>ecelesiam</strong></span> <span class='ocrx_word' id='word_1_176' title='bbox 724 2385 853 2425; x_wconf 80' lang='lat' dir='ltr'><strong>necesse</strong></span> <span class='ocrx_word' id='word_1_177' title='bbox 881 2368 937 2425; x_wconf 79' lang='lat' dir='ltr'><strong>suit</strong></span> <span class='ocrx_word' id='word_1_178' title='bbox 959 2386 1036 2426; x_wconf 88' lang='lat' dir='ltr'><strong>sem·</strong></span> 
     </span>
     <span class='ocr_line' id='line_1_26' title="bbox 111 2448 1035 2528; baseline 0.001 -20"><span class='ocrx_word' id='word_1_179' title='bbox 111 2469 166 2528; x_wconf 87' lang='lat' dir='ltr'><strong>per</strong></span> <span class='ocrx_word' id='word_1_180' title='bbox 187 2469 205 2507; x_wconf 86' lang='grc' dir='ltr'><strong>ι</strong></span> <span class='ocrx_word' id='word_1_181' title='bbox 227 2449 370 2527; x_wconf 86' lang='lat' dir='ltr'><strong>gentibus</strong></span> <span class='ocrx_word' id='word_1_182' title='bbox 394 2449 542 2527; x_wconf 66' lang='lat' dir='ltr'><strong>opprimi,</strong></span> <span class='ocrx_word' id='word_1_183' title='bbox 565 2456 597 2507; x_wconf 86' lang='lat' dir='ltr'><strong>nt</strong></span> <span class='ocrx_word' id='word_1_184' title='bbox 618 2448 730 2510; x_wconf 84' lang='lat' dir='ltr'><strong>Ezeeh.</strong></span> <span class='ocrx_word' id='word_1_185' title='bbox 754 2450 783 2509; x_wconf 80' lang='lat'><strong>4.</strong></span> <span class='ocrx_word' id='word_1_186' title='bbox 807 2449 895 2508; x_wconf 80' lang='lat' dir='ltr'><strong>dicit:</strong></span> <span class='ocrx_word' id='word_1_187' title='bbox 918 2449 951 2508; x_wconf 91' lang='lat' dir='ltr'><strong>ln</strong></span> <span class='ocrx_word' id='word_1_188' title='bbox 975 2469 1035 2509; x_wconf 92' lang='lat' dir='ltr'><strong>me·</strong></span> 
     </span>
     <span class='ocr_line' id='line_1_27' title="bbox 111 2529 1035 2610; baseline 0.002 -20"><span class='ocrx_word' id='word_1_189' title='bbox 111 2532 162 2591; x_wconf 90' lang='lat' dir='ltr'><strong>dio</strong></span> <span class='ocrx_word' id='word_1_190' title='bbox 186 2534 320 2610; x_wconf 84' lang='lat' dir='ltr'><strong>gentium</strong></span> <span class='ocrx_word' id='word_1_191' title='bbox 344 2533 433 2609; x_wconf 92' lang='lat' dir='ltr'><strong>posui</strong></span> <span class='ocrx_word' id='word_1_192' title='bbox 456 2550 543 2605; x_wconf 74' lang='lat' dir='ltr'><strong>eam,</strong></span> <span class='ocrx_word' id='word_1_193' title='bbox 566 2537 596 2590; x_wconf 85' lang='lat' dir='ltr'><strong>et</strong></span> <span class='ocrx_word' id='word_1_194' title='bbox 617 2532 695 2591; x_wconf 80' lang='lat' dir='ltr'><strong>Pssl.</strong></span> <span class='ocrx_word' id='word_1_195' title='bbox 721 2529 843 2604; x_wconf 76' lang='lat'><strong>110²):</strong></span> <span class='ocrx_word' id='word_1_196' title='bbox 868 2532 1035 2592; x_wconf 82' lang='lat' dir='ltr'><strong>Dominnre</strong></span> 
     </span>
     <span class='ocr_line' id='line_1_28' title="bbox 111 2613 1037 2691; baseline 0.002 -18"><span class='ocrx_word' id='word_1_197' title='bbox 111 2618 141 2674; x_wconf 91' lang='lat' dir='ltr'><strong>in</strong></span> <span class='ocrx_word' id='word_1_198' title='bbox 165 2614 268 2675; x_wconf 85' lang='lat' dir='ltr'><strong>medio</strong></span> <span class='ocrx_word' id='word_1_199' title='bbox 291 2615 485 2674; x_wconf 84' lang='lat' dir='ltr'><strong>inimieorum</strong></span> <span class='ocrx_word' id='word_1_200' title='bbox 512 2621 648 2673; x_wconf 84' lang='lat' dir='ltr'><strong>tuorum:</strong></span> <span class='ocrx_word' id='word_1_201' title='bbox 678 2613 750 2672; x_wconf 90' lang='lat' dir='ltr'><strong>ideo</strong></span> <span class='ocrx_word' id='word_1_202' title='bbox 780 2614 902 2691; x_wconf 81' lang='lat' dir='ltr'><strong>quaudo</strong></span> <span class='ocrx_word' id='word_1_203' title='bbox 926 2614 1037 2679; x_wconf 85' lang='lat' dir='ltr'><strong>desunt</strong></span> 
     </span>
     <span class='ocr_line' id='line_1_29' title="bbox 111 2691 1036 2778; baseline 0.002 -22"><span class='ocrx_word' id='word_1_204' title='bbox 111 2706 220 2778; x_wconf 80' lang='lat' dir='ltr'><strong>gentes</strong></span> <span class='ocrx_word' id='word_1_205' title='bbox 243 2698 335 2773; x_wconf 73' lang='lat' dir='ltr'><strong>aliae,</strong></span> <span class='ocrx_word' id='word_1_206' title='bbox 358 2704 390 2757; x_wconf 91' lang='lat' dir='ltr'><strong>ut</strong></span> <span class='ocrx_word' id='word_1_207' title='bbox 412 2697 568 2775; x_wconf 79' lang='lat' dir='ltr'><strong>Scriptura</strong></span> <span class='ocrx_word' id='word_1_208' title='bbox 589 2696 760 2776; x_wconf 75' lang='lat' dir='ltr'><strong>impleatur,</strong></span> <span class='ocrx_word' id='word_1_209' title='bbox 782 2698 812 2754; x_wconf 89' lang='lat' dir='ltr'><strong>in</strong></span> <span class='ocrx_word' id='word_1_210' title='bbox 837 2698 969 2757; x_wconf 78' lang='lat' dir='ltr'><strong>eeclesia</strong></span> <span class='ocrx_word' id='word_1_211' title='bbox 990 2691 1036 2758; x_wconf 86' lang='lat' dir='ltr'><strong>re-</strong></span> 
     </span>
     <span class='ocr_line' id='line_1_30' title="bbox 110 2779 1036 2860; baseline 0 -20"><span class='ocrx_word' id='word_1_212' title='bbox 110 2800 166 2860; x_wconf 84' lang='lat' dir='ltr'><strong>ges</strong></span> <span class='ocrx_word' id='word_1_213' title='bbox 188 2788 263 2860; x_wconf 84' lang='lat' dir='ltr'><strong>gent</strong></span> <span class='ocrx_word' id='word_1_214' title='bbox 251 2781 319 2840; x_wconf 90' lang='lat' dir='ltr'><strong>tiles</strong></span> <span class='ocrx_word' id='word_1_215' title='bbox 342 2780 407 2839; x_wconf 86' lang='lat' dir='ltr'><strong>iieri</strong></span> <span class='ocrx_word' id='word_1_216' title='bbox 430 2781 613 2858; x_wconf 79' lang='lat' dir='ltr'><strong>oportuisse,</strong></span> <span class='ocrx_word' id='word_1_217' title='bbox 638 2789 669 2839; x_wconf 87' lang='lat' dir='ltr'><strong>et</strong></span> <span class='ocrx_word' id='word_1_218' title='bbox 689 2786 824 2858; x_wconf 79' lang='lat' dir='ltr'><strong>potestat</strong></span> <span class='ocrx_word' id='word_1_219' title='bbox 825 2800 842 2840; x_wconf 92' lang='lat' dir='ltr'><strong>e</strong></span> <span class='ocrx_word' id='word_1_220' title='bbox 812 2779 1036 2841; x_wconf 81' lang='lat' dir='ltr'><strong>tiedominnn</strong></span> 
     </span>
     <span class='ocr_line' id='line_1_31' title="bbox 111 2861 1036 2942; baseline 0 -20"><span class='ocrx_word' id='word_1_221' title='bbox 111 2883 203 2942; x_wconf 86' lang='lat' dir='ltr'><strong>super</strong></span> <span class='ocrx_word' id='word_1_222' title='bbox 233 2864 438 2923; x_wconf 84' lang='lat' dir='ltr'><strong>eoelesismt</strong></span> <span class='ocrx_word' id='word_1_223' title='bbox 426 2864 632 2942; x_wconf 80' lang='lat' dir='ltr'><strong>tyrannisare</strong></span> <span class='ocrx_word' id='word_1_224' title='bbox 670 2861 816 2942; x_wconf 85' lang='lat' dir='ltr'><strong>diligendi</strong></span> <span class='ocrx_word' id='word_1_225' title='bbox 846 2869 876 2921; x_wconf 88' lang='lat' dir='ltr'><strong>et</strong></span> <span class='ocrx_word' id='word_1_226' title='bbox 903 2862 1036 2923; x_wconf 77' lang='lat' dir='ltr'><strong>docendi</strong></span> 
     </span>
     <span class='ocr_line' id='line_1_32' title="bbox 111 2945 1036 3021; baseline 0 -16"><span class='ocrx_word' id='word_1_227' title='bbox 111 2945 214 3006; x_wconf 75' lang='lat' dir='ltr'><strong>officio</strong></span> <span class='ocrx_word' id='word_1_228' title='bbox 248 2946 286 3005; x_wconf 84' lang='lat' dir='ltr'><strong>ed</strong></span> <span class='ocrx_word' id='word_1_229' title='bbox 310 2946 388 3006; x_wconf 85' lang='lat' dir='ltr'><strong>alios</strong></span> <span class='ocrx_word' id='word_1_230' title='bbox 411 2946 568 3005; x_wconf 86' lang='lat' dir='ltr'><strong>t.rsnsiato</strong></span> <span class='ocrx_word' id='word_1_231' title='bbox 613 2946 697 3019; x_wconf 87' lang='lat' dir='ltr'><strong>Item</strong></span> <span class='ocrx_word' id='word_1_232' title='bbox 722 2947 853 3006; x_wconf 76' lang='lat' dir='ltr'><strong>Marcii</strong></span> <span class='ocrx_word' id='word_1_233' title='bbox 840 2949 886 3021; x_wconf 76' lang='grc'><strong>10</strong></span> <span class='ocrx_word' id='word_1_234' title='bbox 909 2945 960 3005; x_wconf 91' lang='lat' dir='ltr'><strong>ubi</strong></span> <span class='ocrx_word' id='word_1_235' title='bbox 982 2945 1036 3005; x_wconf 84' lang='lat' dir='ltr'><strong>iiiii</strong></span> 
     </span>
     <span class='ocr_line' id='line_1_33' title="bbox 110 3028 1035 3109; baseline 0.001 -21"><span class='ocrx_word' id='word_1_236' title='bbox 110 3029 263 3089; x_wconf 81' lang='lat' dir='ltr'><strong>Zebedaei</strong></span> <span class='ocrx_word' id='word_1_237' title='bbox 287 3030 461 3109; x_wconf 82' lang='lat' dir='ltr'><strong>adpotests</strong></span> <span class='ocrx_word' id='word_1_238' title='bbox 463 3031 721 3109; x_wconf 81' lang='lat' dir='ltr'><strong>temespirarunt,</strong></span> <span class='ocrx_word' id='word_1_239' title='bbox 745 3035 780 3089; x_wconf 92' lang='lat' dir='ltr'><strong>ut</strong></span> <span class='ocrx_word' id='word_1_240' title='bbox 801 3048 878 3087; x_wconf 90' lang='lat' dir='ltr'><strong>nnus</strong></span> <span class='ocrx_word' id='word_1_241' title='bbox 902 3028 940 3088; x_wconf 80' lang='lat' dir='ltr'><strong>od</strong></span> <span class='ocrx_word' id='word_1_242' title='bbox 963 3028 1035 3089; x_wconf 83' lang='lat' dir='ltr'><strong>dex·</strong></span> 
     </span>
     <span class='ocr_line' id='line_1_34' title="bbox 111 3111 1036 3191; baseline -0.001 -20"><span class='ocrx_word' id='word_1_243' title='bbox 111 3121 207 3171; x_wconf 84' lang='lat' dir='ltr'><strong>terum</strong></span> <span class='ocrx_word' id='word_1_244' title='bbox 239 3121 269 3171; x_wconf 89' lang='grc' dir='ltr'><strong>ιι</strong></span> <span class='ocrx_word' id='word_1_245' title='bbox 303 3113 414 3190; x_wconf 82' lang='lat' dir='ltr'><strong>[alius]</strong></span> <span class='ocrx_word' id='word_1_246' title='bbox 447 3112 485 3170; x_wconf 84' lang='lat' dir='ltr'><strong>ed</strong></span> <span class='ocrx_word' id='word_1_247' title='bbox 507 3113 659 3171; x_wconf 83' lang='lat' dir='ltr'><strong>sinistram</strong></span> <span class='ocrx_word' id='word_1_248' title='bbox 683 3111 820 3188; x_wconf 85' lang='lat' dir='ltr'><strong>sederet,</strong></span> <span class='ocrx_word' id='word_1_249' title='bbox 851 3121 1036 3191; x_wconf 77' lang='lat' dir='ltr'><strong>aeceperunt</strong></span> 
     </span>
     <span class='ocr_line' id='line_1_35' title="bbox 113 3194 1035 3275; baseline 0 -21"><span class='ocrx_word' id='word_1_250' title='bbox 113 3214 188 3255; x_wconf 82' lang='lat' dir='ltr'><strong>sune</strong></span> <span class='ocrx_word' id='word_1_251' title='bbox 210 3214 392 3275; x_wconf 87' lang='lat' dir='ltr'><strong>responsum</strong></span> <span class='ocrx_word' id='word_1_252' title='bbox 415 3195 556 3275; x_wconf 72' lang='lat' dir='ltr'><strong>dignum,</strong></span> <span class='ocrx_word' id='word_1_253' title='bbox 579 3195 713 3268; x_wconf 78' lang='lat' dir='ltr'><strong>scilieet,</strong></span> <span class='ocrx_word' id='word_1_254' title='bbox 742 3202 776 3254; x_wconf 92' lang='lat' dir='ltr'><strong>ut</strong></span> <span class='ocrx_word' id='word_1_255' title='bbox 804 3194 930 3254; x_wconf 81' lang='lat' dir='ltr'><strong>calicem</strong></span> <span class='ocrx_word' id='word_1_256' title='bbox 954 3194 1035 3256; x_wconf 90' lang='lat' dir='ltr'><strong>bibe·</strong></span> 
     </span>
     <span class='ocr_line' id='line_1_36' title="bbox 112 3278 1037 3354; baseline 0.002 -18"><span class='ocrx_word' id='word_1_257' title='bbox 112 3286 195 3354; x_wconf 73' lang='lat' dir='ltr'><strong>rent,</strong></span> <span class='ocrx_word' id='word_1_258' title='bbox 230 3298 288 3338; x_wconf 89' lang='lat' dir='ltr'><strong>neo</strong></span> <span class='ocrx_word' id='word_1_259' title='bbox 314 3287 417 3336; x_wconf 84' lang='lat' dir='ltr'><strong>tamen</strong></span> <span class='ocrx_word' id='word_1_260' title='bbox 446 3279 540 3351; x_wconf 72' lang='lat' dir='ltr'><strong>eerti,</strong></span> <span class='ocrx_word' id='word_1_261' title='bbox 575 3278 625 3338; x_wconf 91' lang='lat' dir='ltr'><strong>ubi</strong></span> <span class='ocrx_word' id='word_1_262' title='bbox 654 3279 766 3337; x_wconf 86' lang='lat' dir='ltr'><strong>sessuri</strong></span> <span class='ocrx_word' id='word_1_263' title='bbox 795 3285 907 3340; x_wconf 81' lang='lat' dir='ltr'><strong>essent.</strong></span> <span class='ocrx_word' id='word_1_264' title='bbox 949 3278 1037 3338; x_wconf 85' lang='lat' dir='ltr'><strong>Heue</strong></span> 
     </span>
     <span class='ocr_line' id='line_1_37' title="bbox 112 3359 1035 3441; baseline 0 -20"><span class='ocrx_word' id='word_1_265' title='bbox 112 3362 287 3421; x_wconf 87' lang='lat' dir='ltr'><strong>ambitionis</strong></span> <span class='ocrx_word' id='word_1_266' title='bbox 309 3360 515 3420; x_wconf 84' lang='lat' dir='ltr'><strong>infirmitatem</strong></span> <span class='ocrx_word' id='word_1_267' title='bbox 553 3361 624 3439; x_wconf 88' lang='lat' dir='ltr'><strong>quid</strong></span> <span class='ocrx_word' id='word_1_268' title='bbox 657 3362 764 3420; x_wconf 88' lang='lat' dir='ltr'><strong>mirum</strong></span> <span class='ocrx_word' id='word_1_269' title='bbox 792 3362 891 3420; x_wconf 87' lang='lat' dir='ltr'><strong>estin</strong></span> <span class='ocrx_word' id='word_1_270' title='bbox 914 3359 1035 3441; x_wconf 87' lang='lat' dir='ltr'><strong>pontifi·</strong></span> 
     </span>
     <span class='ocr_line' id='line_1_38' title="bbox 112 3444 1035 3524; baseline 0.001 -21"><span class='ocrx_word' id='word_1_271' title='bbox 112 3444 197 3504; x_wconf 84' lang='lat' dir='ltr'><strong>cibus</strong></span> <span class='ocrx_word' id='word_1_272' title='bbox 223 3464 345 3524; x_wconf 85' lang='lat' dir='ltr'><strong>quoque</strong></span> <span class='ocrx_word' id='word_1_273' title='bbox 368 3445 517 3503; x_wconf 83' lang='lat' dir='ltr'><strong>Romanis</strong></span> <span class='ocrx_word' id='word_1_274' title='bbox 539 3444 643 3521; x_wconf 78' lang='lat' dir='ltr'><strong>fuisse,</strong></span> <span class='ocrx_word' id='word_1_275' title='bbox 665 3444 889 3522; x_wconf 76' lang='lat' dir='ltr'><strong>quantumlibet</strong></span> <span class='ocrx_word' id='word_1_276' title='bbox 909 3445 1035 3517; x_wconf 65' lang='lat' dir='ltr'><strong>sanetis</strong></span> 
     </span>
     <span class='ocr_line' id='line_1_39' title="bbox 113 3525 1034 3607; baseline 0 -21"><span class='ocrx_word' id='word_1_277' title='bbox 113 3531 204 3586; x_wconf 84' lang='lat' dir='ltr'><strong>etiam</strong></span> <span class='ocrx_word' id='word_1_278' title='bbox 228 3527 423 3607; x_wconf 79' lang='lat' dir='ltr'><strong>martyribus,</strong></span> <span class='ocrx_word' id='word_1_279' title='bbox 447 3525 570 3604; x_wconf 84' lang='lat' dir='ltr'><strong>quando</strong></span> <span class='ocrx_word' id='word_1_280' title='bbox 593 3528 623 3586; x_wconf 93' lang='lat' dir='ltr'><strong>in</strong></span> <span class='ocrx_word' id='word_1_281' title='bbox 643 3526 792 3606; x_wconf 82' lang='lat' dir='ltr'><strong>apostolis</strong></span> <span class='ocrx_word' id='word_1_282' title='bbox 814 3546 883 3586; x_wconf 82' lang='lat' dir='ltr'><strong>eom</strong></span> <span class='ocrx_word' id='word_1_283' title='bbox 895 3528 1034 3588; x_wconf 81' lang='lat' dir='ltr'><strong>Christus</strong></span> 
     </span>
     <span class='ocr_line' id='line_1_40' title="bbox 112 3609 1035 3690; baseline 0.002 -21"><span class='ocrx_word' id='word_1_284' title='bbox 112 3611 259 3690; x_wconf 84' lang='lat' dir='ltr'><strong>pertulit?</strong></span> <span class='ocrx_word' id='word_1_285' title='bbox 306 3611 445 3686; x_wconf 87' lang='lat' dir='ltr'><strong>Denique</strong></span> <span class='ocrx_word' id='word_1_286' title='bbox 476 3629 544 3668; x_wconf 88' lang='lat' dir='ltr'><strong>oum</strong></span> <span class='ocrx_word' id='word_1_287' title='bbox 566 3610 609 3669; x_wconf 88' lang='lat' dir='ltr'><strong>ilii</strong></span> <span class='ocrx_word' id='word_1_288' title='bbox 633 3609 694 3669; x_wconf 91' lang='lat' dir='ltr'><strong>duo</strong></span> <span class='ocrx_word' id='word_1_289' title='bbox 717 3610 849 3688; x_wconf 80' lang='lat' dir='ltr'><strong>apostoli</strong></span> <span class='ocrx_word' id='word_1_290' title='bbox 874 3610 932 3669; x_wconf 83' lang='lat' dir='ltr'><strong>hae</strong></span> <span class='ocrx_word' id='word_1_291' title='bbox 954 3629 1035 3671; x_wconf 82' lang='lat' dir='ltr'><strong>erro·</strong></span> 
     </span>
    </p>
   </div>
   <div class='ocr_carea' id='block_1_5' title="bbox 117 3730 536 3739">
    <p class='ocr_par' dir='ltr' id='par_1_6' title="bbox 117 3730 536 3739">
     <span class='ocr_line' id='line_1_41' title="bbox 117 3730 536 3739; baseline -0.007 0"><span class='ocrx_word' id='word_1_292' title='bbox 117 3732 180 3739; x_wconf 55' lang='lat'>..-0-</span> <span class='ocrx_word' id='word_1_293' title='bbox 186 3731 315 3738; x_wconf 64' lang='grc'><strong><em>..-,..,....-..</em></strong></span> <span class='ocrx_word' id='word_1_294' title='bbox 320 3730 536 3737; x_wconf 41' lang='grc' dir='ltr'><strong>...φ-...σψ-</strong></span> 
     </span>
    </p>
   </div>
   <div class='ocr_carea' id='block_1_6' title="bbox 172 3813 996 3887">
    <p class='ocr_par' dir='ltr' id='par_1_7' title="bbox 172 3813 996 3887">
     <span class='ocr_line' id='line_1_42' title="bbox 172 3813 996 3887; baseline 0.002 -20"><span class='ocrx_word' id='word_1_295' title='bbox 172 3819 198 3880; x_wconf 85' lang='grc' dir='ltr'><strong>ι)</strong></span> <span class='ocrx_word' id='word_1_296' title='bbox 219 3816 249 3867; x_wconf 86' lang='lat' dir='ltr'><strong>In</strong></span> <span class='ocrx_word' id='word_1_297' title='bbox 271 3815 312 3870; x_wconf 85' lang='lat' dir='ltr'><strong>ed.</strong></span> <span class='ocrx_word' id='word_1_298' title='bbox 332 3816 391 3870; x_wconf 74' lang='grc' dir='ltr'>ιιι.</span> <span class='ocrx_word' id='word_1_299' title='bbox 412 3819 440 3868; x_wconf 91' lang='grc' dir='ltr'><strong>ιι</strong></span> <span class='ocrx_word' id='word_1_300' title='bbox 457 3815 548 3871; x_wconf 84' lang='lat' dir='ltr'><strong>Witt.:</strong></span> <span class='ocrx_word' id='word_1_301' title='bbox 568 3819 617 3870; x_wconf 87' lang='lat' dir='ltr'><strong>eis.</strong></span> <span class='ocrx_word' id='word_1_302' title='bbox 656 3813 688 3880; x_wconf 84' lang='lat'><strong>2)</strong></span> <span class='ocrx_word' id='word_1_303' title='bbox 708 3813 739 3868; x_wconf 92' lang='lat' dir='ltr'><strong>In</strong></span> <span class='ocrx_word' id='word_1_304' title='bbox 762 3813 805 3869; x_wconf 84' lang='lat' dir='ltr'><strong>ed.</strong></span> <span class='ocrx_word' id='word_1_305' title='bbox 825 3815 912 3887; x_wconf 63' lang='lat' dir='ltr'><strong>origc.</strong></span> <span class='ocrx_word' id='word_1_306' title='bbox 930 3815 996 3872; x_wconf 62' lang='lat' dir='ltr'><strong>ibt.</strong></span> 
     </span>
    </p>
   </div>
   <div class='ocr_carea' id='block_1_7' title="bbox 0 0 1179 4208">
    <p class='ocr_par' dir='ltr' id='par_1_8' title="bbox 0 0 1179 4208">
     <span class='ocr_line' id='line_1_43' title="bbox 0 0 1179 4208; baseline 0 0"><span class='ocrx_word' id='word_1_307' title='bbox 0 0 1179 4208; x_wconf 95' lang='lat' dir='ltr'><strong> </strong></span> 
     </span>
    </p>
   </div>
  </div>
 </body>
</html>
