2346 4208
199 264 243 332 82
411 240 573 339 Disputatio
592 270 701 338 uptus
719 270 815 322 usuro
834 286 858 322 a.
877 269 941 322 xix

116 495 123 501 -
198 456 253 537 dit,
278 459 419 536 quemvis
439 476 533 517 manu
555 475 611 529 sue
632 458 664 517 iu
686 475 742 518 suo
764 457 855 520 Libro
876 457 1007 518 bemus
1018 454 1122 536 Roy-

197 541 337 621 prieuum
360 542 494 602 sensisse
514 540 680 607 eeclesiam
700 540 859 605 firudetem
878 558 970 620 supra
989 545 1121 619 petrem,

198 623 254 684 sed
275 642 370 695 susus,
389 625 446 685 fuit
466 623 591 703 eddere,
613 622 698 704 quod
720 624 754 685 B.
773 622 950 704 Cyprianus
967 622 1014 684 ibi
1032 621 1122 684 fulh-

197 712 254 768 tur.
278 707 327 767 Ad
348 707 554 789 Augustiuum
575 708 659 768 nisus
683 705 714 789 1)
750 712 797 768 est
816 705 1021 788 respondere,
1048 724 1121 766 nem

198 789 237 850 de
251 789 415 871 ,prrieno
437 797 485 851 est
503 789 729 869 indubitatum,
752 791 808 870 qui
834 790 897 850 ulie
925 789 1059 870 epistole
1080 786 1121 849 ud

197 872 375 934 cornelium
411 873 488 934 Vlll.
519 873 610 935 Rom.
637 873 809 935 Eeolesiem
839 880 933 934 voeet
960 872 1121 935 mutrioem

197 962 230 1016 et
250 955 385 1016 redicem
407 956 545 1020 alierum.

279 1039 428 1121 Impingit
448 1039 540 1119 mihi,
573 1038 657 1118 quod
679 1039 792 1099 dietim
814 1038 975 1099 eiteverim
992 1036 1036 1098 eb
1059 1037 1121 1111 Au·

197 1123 332 1202 guetino·
356 1128 564 1184 retractatum.
607 1122 743 1183 Leetoris
771 1121 919 1183 iudicium
955 1119 1123 1197 obsorbere

197 1207 304 1285 nequit
323 1206 511 1267 reverendus
533 1206 632 1282 Peter,
656 1225 728 1265 nem
750 1203 830 1267 edeo
851 1224 922 1266 eum
944 1221 1019 1264 suae
1040 1203 1123 1283 prio·

195 1289 237 1348 ris
250 1290 423 1350 sententiae
444 1308 508 1350 non
521 1291 670 1370 poenitet,
692 1295 726 1349 ut
743 1290 835 1349 etiem
857 1305 914 1369 pro
924 1285 1142 1366 &memento

197 1371 231 1432 B.
253 1372 450 1433 Ambrosium
478 1371 669 1452 introduout,
698 1371 753 1433 sed
780 1370 864 1452 quod
893 1370 933 1432 eb
960 1370 1048 1430 initio
1076 1370 1122 1430 io·

196 1455 281 1535 duxi,
304 1462 435 1516 testetur
455 1454 656 1536 Augustinus,
679 1474 714 1517 se
735 1474 791 1536 per
811 1455 932 1516 Petrum
954 1454 1048 1513 etism
1069 1470 1122 1513 ex·

195 1539 340 1619 posuisse
362 1537 533 1619 Christum,
571 1547 712 1600 neutram
733 1545 903 1600 retraetans
926 1536 1121 1615 senteutiam,

196 1627 336 1682 neutrum
358 1623 450 1683 etium
472 1641 547 1702 pree
568 1621 712 1703 eligendo
735 1622 846 1685 subdit.
879 1620 993 1681 Herum
1017 1625 1121 1680 summ

196 1705 416 1765 sententiarum
439 1706 577 1785 quaesit
599 1706 798 1786 probabilior,
821 1707 916 1786 eliget
933 1703 1041 1779 lector,
1057 1703 1122 1763 Au-

195 1784 335 1867 gustinus
357 1786 485 1848 definire
510 1808 575 1848 non
606 1788 717 1868 eudet,
755 1795 787 1850 et
814 1786 1002 1850 reverendus
1029 1785 1123 1848 Peter

187 1889 288 1931 unum
309 1872 495 1939 sententium
516 1871 583 1932 vult
603 1873 751 1952 reiicere,
780 1877 828 1932 tot
855 1871 887 1933 S.
909 1869 1049 1931 Patribus
1071 1888 1120 1930 ee·

196 1959 361 2033 septetum,
383 1960 416 2015 et
436 1973 504 2015 eam
526 1973 583 2014 suo
606 1954 731 2016 arbitrio
754 1961 926 2036 soeeptere.
955 1951 1046 2014 Unde
1058 1952 1120 2015 Au

195 2037 350 2116 guatinum
372 2054 436 2098 non
458 2036 588 2098 admitto
616 2034 658 2096 in'
677 2041 704 2102 9.
733 2039 835 2119 oepite
862 2037 978 2098 dixisse
1001 2042 1121 2097 eunus·

195 2119 241 2179 n'e
260 2119 311 2179 vel
332 2119 480 2198 adversa,
503 2119 558 2181 sed
580 2120 710 2184 diverse.
753 2121 906 2196 Quoniam
928 2118 1034 2180 umbus
1057 2138 1120 2180 en-

195 2201 348 2282 pleetstur
368 2204 548 2281 sententies,
570 2205 716 2283 quoniam
737 2213 826 2286 petre
848 2210 896 2265 est
917 2202 1065 2281 Christus,
1088 2209 1121 2263 et

196 2283 302 2347 Petrus
322 2285 380 2346 fuit
399 2293 496 2367 petre.
519 2286 621 2361 Quare
636 2307 748 2350 menso
764 2307 834 2348 eum
849 2285 1026 2366 Ambrosio,
1048 2285 1118 2347 Hie·

195 2385 341 2449 ronymo,
366 2368 533 2451 Cyprieno,
560 2371 729 2450 Bernerdo,
752 2379 783 2432 et
805 2370 872 2432 eliis
895 2371 990 2432 saeris
1010 2371 1120 2431 eenei-

196 2451 243 2511 iiis
266 2470 304 2512 ee
325 2451 467 2515 decretis.

277 2534 431 2613 Seeundo,
454 2555 522 2597 oum
544 2538 583 2600 eb
606 2539 733 2599 ostiarie
754 2538 935 2618 sumpsisset
956 2554 1119 2616 argumen-

194 2622 258 2677 tum
272 2619 466 2680 reverendus
488 2620 595 2700 Peter,
623 2641 723 2682 meam
745 2622 930 2682 sententiam
952 2618 1119 2680 debelletu-

194 2720 262 2778 rus,
304 2702 380 2762 iussi
416 2722 501 2782 eum,
543 2710 578 2764 ut
619 2706 820 2786 grammatice
860 2704 982 2764 ratione
1023 2701 1120 2764 verbe

194 2782 306 2844 Christi
332 2785 441 2846 melius
462 2785 666 2868 ponderaret,
690 2789 826 2849 omnium
849 2788 931 2846 enim
954 2798 1119 2864 consensu,

193 2866 300 2930 Metth.
335 2871 399 2933 16:
446 2869 544 2950 Super
577 2870 659 2931 huno
695 2878 812 2950 petrem
847 2866 1020 2930 eedifieebo
1057 2874 1118 2929 eto.

194 2956 226 3011 et
252 2949 307 3011 tibi
337 2951 418 3013 debo
455 2959 513 3014 ete.
550 2952 687 3013 Christus
727 2953 868 3033 promisit
899 2952 1011 3028 Petro,
1053 2969 1117 3012 nou

193 3040 266 3092 tune
288 3032 381 3097 dedit.
405 3034 466 3096 Sed
483 3035 639 3096 dimittens
658 3037 889 3118 grammatieem
905 3050 1002 3113 suem,
1024 3052 1117 3113 quem

193 3115 270 3177 dixit
291 3124 393 3177 temen
417 3118 486 3198 plus
514 3120 621 3180 velere
649 3120 776 3199 reliquie
810 3118 947 3199 pertibus
980 3114 1118 3196 philoso-

192 3198 300 3279 phiae,
329 3202 475 3281 opponit,
510 3220 605 3281 quere
626 3211 699 3263 tune
727 3201 852 3264 deerete
873 3201 1003 3262 fundent
1029 3220 1066 3262 se
1085 3202 1118 3260 iu

192 3281 245 3342 illo
268 3283 355 3362 loeo,
384 3283 491 3344 Metth.
515 3288 574 3364 16,
602 3291 633 3345 et
665 3287 732 3365 ipse
754 3305 804 3346 me
825 3284 994 3361 fimderim,
1016 3303 1036 3344 e
1058 3302 1118 3363 que

192 3366 253 3425 iem
266 3366 389 3429 recedo.
403 3367 607 3447 Respondeo:
631 3367 711 3442 Quis
722 3367 904 3448 Christus*)
927 3373 975 3427 est
988 3367 1049 3447 vie,
1067 3386 1117 3427 ve·

191 3449 265 3509 ritus
295 3456 327 3509 et
347 3451 428 3529 vita,
463 3450 536 3511 ideo
566 3450 736 3513 indubitate
758 3451 944 3513 eredendum
962 3456 1019 3511 ¹est
1047 3469 1117 3511 eum

172 3744 181 3764 s
244 3721 279 3786 1)
297 3716 329 3774 is
348 3720 392 3775 ed.
408 3722 484 3778 tem:
506 3724 592 3776 visus.

245 3791 278 3863 ⁸)
298 3791 398 3851 Joheu.
415 3793 460 3851 14.
