2332 4206
453 240 511 293 *cd
530 242 646 296 Leonem
665 242 700 312 ξ.
982 240 1050 307 2125

117 431 206 487 ceret
231 428 262 485 in
290 427 453 506 triumpho.
497 426 588 502 Quod
615 427 665 488 ubi
693 427 852 508 sophistae
884 429 1047 493 infeliciter

117 510 232 586 cessit,
266 509 453 572 incredibilis
480 510 558 571 furia
586 510 742 571 hominem
766 513 921 591 exagitati
953 515 1049 574 sentit

117 594 201 658 enim
226 611 281 652 sua
303 593 393 672 culpa
415 594 511 654 sclius
531 594 645 655 factum
665 613 744 670 esse,
767 594 911 674 quidquid
934 596 1046 658 Roma-

118 695 181 736 nae
202 675 347 737 infamiae
369 695 424 756 per
445 697 494 736 me
516 685 621 738 natum
644 684 700 738 est.

205 757 308 838 Atque
330 761 396 820 sine
411 779 469 837 me,
492 779 619 839 quaeso,
641 762 758 841 optime
773 760 846 839 Leo,
868 761 919 820 hic
937 768 967 821 et
985 781 1048 822 me·

118 862 172 902 am
195 842 361 924 aliquando
385 862 509 903 causam
531 864 640 924 agere,
673 863 826 923 verosque
849 850 918 904 tuos
940 844 1046 904 hostes

119 944 278 985 accusare.
320 925 435 986 Notum
474 946 543 987 esse
574 927 704 989 arbitror
726 927 796 1003 tibi,
832 927 904 1005 quid
927 947 1045 987 mecum

119 1009 220 1088 egerit
241 1009 410 1070 Cardinclis
432 1009 463 1071 S.
479 1009 584 1088 astuti,
617 1008 750 1090 Legatus
779 1017 847 1070 tuus
869 1011 1047 1090 imprudens

120 1100 153 1152 et
175 1091 292 1170 infelix,
314 1093 376 1152 imo
399 1091 541 1154 infidelis.
584 1094 617 1152 ln
641 1094 726 1154 cuius
749 1093 904 1155 manusb
928 1096 971 1155 tui
993 1114 1047 1155 no·

120 1175 212 1234 minis
238 1176 440 1236 reverentiam
471 1195 540 1237 cum
571 1196 621 1237 me
642 1183 674 1236 et
695 1177 799 1237 omnic
827 1197 897 1237 mea
928 1179 1070 1257 posuis·

122 1277 206 1335 sem,
230 1277 293 1319 non
316 1259 378 1319 hoc
399 1261 477 1340 egit,
500 1265 533 1319 ut
556 1277 663 1339 pacem
686 1265 847 1339 statueret,
870 1279 961 1339 quam
984 1280 1047 1321 uno

120 1340 250 1402 verbulo
272 1343 425 1421 potuisset
446 1343 536 1402 facile
558 1349 703 1420 statuere,
726 1362 795 1402 cum
808 1362 867 1423 ego
891 1350 953 1423 tum
976 1364 1045 1424 prc-

121 1426 274 1485 mitterem
297 1425 451 1485 silentium
474 1432 506 1486 et
526 1425 618 1486 finem
642 1445 756 1488 causae
779 1445 866 1486 meae
888 1428 1047 1506 facturum,
1071 1488 1074 1493 ,

121 1509 148 1568 si
163 1506 348 1568 adversariis
358 1508 440 1568 idem
452 1509 657 1572 mandaretur.
681 1509 724 1568 At
736 1509 830 1570 hcmo
843 1509 971 1589 gloriae,
983 1530 1048 1572 non

121 1597 286 1668 contentus
303 1610 341 1651 eo
355 1599 457 1671 pacto,
479 1594 582 1672 acepit
604 1591 797 1652 adversarios
817 1592 992 1671 iustificare,
1014 1594 1047 1653 li-

121 1674 255 1734 centiam
272 1676 392 1754 aperire
408 1681 439 1735 et
452 1674 524 1735 mihi
537 1675 725 1756 palinodiam
742 1675 897 1753 mandare,
920 1676 951 1736 id
964 1677 1047 1756 quod

121 1759 154 1818 in
169 1756 321 1818 mandatis
332 1777 457 1838 prorsus
472 1778 535 1819 ncn
548 1758 664 1820 habuit.
684 1758 743 1819 Hic
753 1777 838 1836 sane,
849 1759 900 1819 ubi
914 1761 1045 1820 ccusain

122 1841 241 1921 optimo
263 1840 334 1901 loco
358 1847 432 1918 erat,
455 1842 536 1903 illius
547 1843 721 1922 importuna
738 1841 900 1921 tyrannide
911 1843 996 1903 venit
1015 1844 1047 1902 in

122 1923 220 1984 multo
234 1924 380 2003 peiorem,
398 1924 489 2002 unde,
503 1924 650 2005 quidquid
663 1924 826 2005 posthaec
839 1932 975 1986 secutum
991 1932 1048 2003 est,

122 2005 326 2086 nanuthcri,
348 2008 402 2068 sed
423 2007 510 2069 Caiet
498 2009 561 2069 tani
571 2017 637 2069 tcta
648 2008 740 2088 culpa
752 2013 808 2083 est,
820 2009 870 2100 qui
883 2015 916 2068 ut
926 2008 1048 2069 silerem

122 2097 155 2150 et
168 2089 356 2168 quiescerem
377 2110 438 2152 non
456 2098 503 2152 est
516 2111 636 2186 passus,
658 2090 742 2171 quod
756 2099 819 2149 tum
834 2091 960 2151 summis
981 2093 1048 2153 viri·

123 2173 182 2234 bus
202 2173 387 2253 poscebam3
409 2173 482 2254 quid
504 2175 585 2235 enim
607 2174 708 2235 facere
731 2174 875 2270 amplius.
884 2174 996 2235 debui?

209 2255 337 2317 Secutus
372 2264 419 2317 est
408 2258 577 2318 tCarclus
607 2257 759 2335 Miltitius,
798 2264 829 2316 et
866 2257 934 2337 ipse
957 2259 991 2320 B.
1012 2257 1047 2319 T.

123 2340 271 2417 nuncius,
303 2341 355 2419 qui
376 2341 473 2401 multo
496 2347 527 2401 et
550 2342 634 2400 varic
652 2341 780 2421 negotio
803 2359 928 2400 cursans
952 2348 983 2402 et
1004 2361 1048 2401 ra

123 2441 268 2500 cursans,
308 2421 445 2502 nihilque
482 2425 642 2501 omittens,
676 2423 759 2503 quod
782 2422 821 2483 ad
837 2423 1047 2503 reparandum

125 2523 241 2565 causae
263 2511 396 2583 statum,
427 2525 516 2585 quem
540 2507 705 2577 caietanus
728 2513 845 2567 temere
867 2514 898 2567 et
917 2507 1049 2587 superbe

126 2587 320 2664 turbaverat,
347 2591 530 2668 pertineret,
565 2591 616 2653 vix
646 2589 770 2650 tandem
807 2591 898 2649 stiam
932 2590 1048 2650 auxilio

124 2670 319 2732 illustrissimi
347 2672 496 2754 Principis
519 2673 665 2734 Friderici
691 2672 843 2733 Electoris
871 2670 987 2749 effecit,
1017 2679 1051 2733 ut

125 2755 223 2815 semel
245 2756 405 2816 etiterum
427 2757 614 2818 familiariter
637 2774 756 2816 mecum
778 2755 971 2834 loqueretur,
997 2755 1049 2817 ubi

125 2836 227 2899 denuc
250 2845 304 2900 tuc
325 2841 442 2899 nomini
465 2840 560 2918 cessi,
592 2845 717 2919 paratus
739 2838 847 2914 silere,
883 2844 1048 2916 acceptans

125 2921 218 2981 etiam
249 2921 381 2981 iudicem
417 2923 466 2982 vel
490 2922 753 3002 archiepiscopum
776 2921 988 2982 Trevirensem
1003 2921 1046 2998 ¹),

126 3004 179 3066 vel
200 3005 380 3084 episcopum
403 3005 679 3086 Numburgensem,
702 3012 794 3084 atque
814 3005 858 3063 its
878 3003 992 3064 factum
1014 3011 1045 3065 et

124 3088 329 3166 impetratum.
373 3087 453 3147 Dum
481 3088 560 3149 haec
596 3108 652 3169 spe
680 3088 764 3149 bona
795 3093 941 3167 aguntur,
976 3105 1049 3147 ecce

126 3169 205 3230 alter
226 3172 378 3237 etmaior
399 3171 497 3231 hostis
521 3177 590 3231 tuus
616 3172 702 3232 irruit
722 3170 833 3232 Eceius
856 3188 924 3230 cum
948 3169 1049 3250 dispu-

126 3253 245 3314 tatione
265 3253 400 3333 Lipsica,
424 3273 514 3333 quam
536 3256 709 3316 instituerat
730 3260 837 3316 contra
857 3253 894 3316 D.
918 3251 1049 3314 Garlsta

126 3335 226 3413 dium,
259 3341 292 3396 et
311 3356 395 3397 nova
427 3344 555 3417 accepta
577 3338 617 3399 de
644 3340 774 3418 primatu
795 3355 896 3418 papae
918 3337 1050 3415 quaesti-

127 3426 205 3496 cue‘,
227 3420 257 3478 in
282 3438 331 3479 me
354 3422 445 3480 vertit
465 3421 652 3500 insperatum
675 3441 775 3501 arms,
794 3427 826 3480 et
846 3420 968 3500 penitus
989 3419 1051 3480 hoc

127 3501 290 3564 consilium
314 3505 399 3583 pacis
422 3503 559 3584 dissipat.
601 3504 772 3583 Exspectat
786 3505 906 3564 interim
920 3502 1048 3564 Carolus

126 3585 279 3663 latinius,
302 3585 486 3667 disputatur,
510 3587 626 3649 iudices
648 3588 818 3668 eliguntur,
845 3606 903 3648 nec
924 3587 975 3648 hic
996 3585 1049 3647 ali·

202 3755 233 3827 1)
253 3757 418 3815 [nea1521
438 3764 466 3813 et
479 3760 554 3816 len:
572 3759 781 3838 Treverepsem.
865 3794 868 3809 .
