2346 4208
170 261 233 331 3'38
400 271 540 329 sermm
560 284 647 341 ηψπ
661 271 857 342 Propositituc

170 463 243 517 mm.
292 456 399 536 [Quod
423 466 470 518 est
489 459 753 521 evidentissimum
777 468 1005 540 argumentum,
1019 459 1093 517 *nul-

170 539 461 620 iumcpostnicrum
484 541 571 602 elteri
594 544 689 603 fuisse
703 544 883 622 praelatum,
907 543 961 603 sed
983 542 1102 619 ecclc

170 623 238 683 Dec
263 625 429 702 quemlibet
455 627 564 685 ceteris
594 626 762 705 aequaliter
784 634 926 687 vocatum
956 630 988 686 et
1008 626 1092 684 insti-
1161 662 1166 672 =

169 713 293 781 tutum]

252 790 409 864 Secunda,
432 790 534 851 Galat.
557 798 585 856 2.
619 793 803 852 Antiochiae
824 794 931 852 Petrus
953 811 972 850 s
994 790 1091 851 Paulo

168 873 458 953 reprehendebatun
479 875 509 932 in
533 893 594 954 quc
607 883 701 955 putet,
723 875 896 936 Romanum
910 873 1090 954 pontificem

169 956 296 1017 subesse
320 956 445 1016 cuilibet
471 958 579 1017 meiius
604 960 777 1018 sentientis*
798 978 855 1018 nec
883 957 954 1017 idco
986 972 1091 1016 vemm

168 1054 237 1098 esse
259 1046 312 1099 aut
332 1040 463 1116 bonum,
495 1043 566 1119 quis,
586 1044 653 1121 ipss
680 1042 727 1100 sic
747 1042 820 1101 dicit
841 1049 894 1101 cut
916 1041 1006 1119 iacit,
1035 1040 1091 1100 sed

167 1123 317 1182 rationem
339 1121 468 1182 reddere
491 1131 628 1194 tenetur,
661 1127 724 1184 imo
756 1144 819 1184 non
842 1143 965 1203 semper
986 1130 1092 1203 potest

167 1205 306 1284 reddere,
329 1205 388 1268 sed.
407 1225 475 1265 cum
497 1207 588 1268 Petro
612 1208 779 1286 aliquando
802 1215 891 1267 erret.
975 1232 977 1237 ’

249 1288 368 1365 Tertia,
399 1290 610 1350 ecclesiastica
639 1290 767 1351 historia
794 1291 845 1351 iib.
875 1296 903 1354 b.
937 1289 1044 1348 Victor
1066 1289 1090 1348 1.

168 1372 326 1432 Romanus
360 1373 498 1452 pontifex
528 1374 620 1433 Asine
649 1376 813 1454 episcopos
836 1373 940 1433 'voluit
967 1391 1090 1432 excom-

167 1456 332 1530 municare,
355 1455 535 1536 redargutus
558 1463 661 1516 sutem
684 1465 731 1516 est
755 1477 817 1516 uon
839 1477 859 1516 c
880 1456 996 1534 Punic,
1034 1454 1088 1513 sed

167 1537 206 1598 ab
228 1537 356 1599 Irenaeo
379 1539 595 1619 Lugdunensi‚
624 1548 654 1600 et
679 1542 831 1600 coercitus
854 1541 946 1599 etism
968 1558 987 1597 a
1011 1547 1090 1598 cetea

166 1622 208 1680 ris
229 1622 391 1701 omnibus,
425 1625 559 1682 monitus
591 1632 622 1683 et
640 1625 743 1683 iussus
764 1641 872 1703 pacem
895 1621 1025 1700 habere,
1060 1632 1089 1680 ct

167 1704 330 1765 ecclesiam
355 1722 416 1765 non
431 1706 624 1782 conturbare,
647 1707 766 1787 quibus,
790 1709 868 1766 sicut
889 1705 1002 1778 decuit,
1024 1724 1090 1764 ces

166 1789 214 1850 sit.
243 1789 319 1849 Item
342 1788 455 1849 ibidem
479 1791 625 1849 Anicetus
648 1808 772 1869 quoque
795 1791 888 1848 cessit
903 1788 1089 1868 Polycarpm·

164 1869 317 1951 Smymcc
338 1873 504 1951 episcopo,
539 1892 597 1932 nec
626 1892 694 1931 cum
724 1891 837 1953 cogere
860 1872 961 1951 potuit
980 1873 1012 1930 in
1035 1889 1090 1930 suc

165 1953 299 2015 decreta.
344 1957 417 2014 {tem
440 1954 568 2015 historia
591 1957 706 2035 tripart.
729 1956 780 2018 lib.
803 1957 831 2017 4.
861 1954 952 2013 lulius
974 1955 1088 2032 primus

164 2043 295 2098 conatus
317 2037 495 2118 prohibere7
528 2058 566 2098 nc
588 2040 666 2100 citra
687 2058 773 2099 suam
798 2039 1000 2099 autontatem
1017 2055 1089 2097 con-

165 2120 267 2180 citium
296 2128 448 2200 cogerent
476 2122 642 2181 crientslcs
665 2123 820 2203 episcopi,
853 2121 986 2180 inaniter
1016 2122 1088 2200 egit,

166 2204 237 2282 quia
259 2203 333 2262 nihii
355 2204 398 2263 illi
431 2204 492 2264 hcc
514 2213 657 2265 curarunt
679 2213 710 2264 et
732 2206 908 2264 acutissime
932 2205 959 2263 ei
982 2205 1088 2262 rescri-

186 2292 300 2348 serunt.

164 2305 184 2366 p
249 2367 379 2446 Quarta,
417 2370 590 2430 Romanum
630 2369 806 2450 pontificem
841 2388 911 2428 esse
947 2368 1088 2428 omnibus

164 2453 352 2531 superiorem
384 2452 519 2513 humano
550 2454 675 2514 decreto
705 2455 857 2514 sancitum
885 2458 946 2528 est,
978 2469 1089 2530 nempe

166 2535 360 2595 Constantini
383 2536 443 2610 lV,
465 2535 655 2597 Graecorum
677 2536 891 2616 imperatoris,
926 2542 962 2594 ut
983 2534 1088 2594 scribit

165 2617 285 2678 Plctinu
305 2621 336 2678 in
360 2619 528 2680 Benedicto
552 2622 590 2699 2.‚
620 2639 678 2680 nec
700 2622 745 2678 sic
765 2626 869 2678 temen
892 2618 1088 2678 observatum

164 2702 318 2781 episcopis
341 2702 418 2762 aliis:

249 2784 380 2862 Quinte,
414 2785 561 2864 numquid
588 2785 778 2866 cyprianum
808 2791 839 2844 et
868 2783 1088 2862 Augustinum,

164 2867 305 2946 aliosque
328 2868 450 2929 Africae
480 2871 645 2948 episcopos
676 2867 870 2928 confirmavit
891 2867 993 2945 Papa,
1034 2871 1085 2945 qui

165 2957 266 3010 tumen
301 2951 340 3010 de
367 2951 463 3012 latins
492 2952 626 3012 ecclesia
653 2951 761 3011 erent?
804 2948 959 3027 Numquid
981 2969 1087 3010 eorum

164 3035 296 3095 concilis
327 3035 506 3114 impedivit?
530 3042 582 3095 cut
611 3033 820 3109 conciliabulc
846 3033 985 3112 fuerunt,
1017 3036 1088 3112 quia

164 3118 230 3178 sinc
252 3114 384 3178 Romani
406 3117 561 3199 pontificis
584 3120 748 3178 autoritate
766 3122 855 3196 gestu
882 3122 967 3192 sunt,
1003 3119 1086 3176 utin

164 3218 270 3261 eorum
294 3201 379 3262 libris
401 3202 484 3262 clare
506 3201 645 3262 hebetur.

248 3283 359 3360 Sexta,
396 3284 517 3365 quando
546 3284 810 3357 Alexandrinum,
848 3280 1087 3361 Antiocheuum,

164 3365 494 3449 Hierosolymitanum‚
524 3376 554 3428 et
581 3367 660 3428 alios
683 3367 841 3447 Aegypti,⁴
858 3363 1009 3438 Arabiae,
1033 3364 1087 3447 Sy·

163 3451 247 3527 rice,
270 3449 383 3528 Asiae,
415 3453 569 3529 totiusque
591 3451 725 3512 Orientis
748 3450 913 3528 episcopos
934 3449 1087 3509 instituit?

164 3532 201 3593 m
224 3549 332 3594 omnes
356 3552 429 3615 ergo
452 3535 599 3594 haeretici
621 3533 765 3594 fuerunt?
788 3530 885 3591 Absit.

245 3616 392 3696 Septima,
415 3635 474 3677 nec
494 3617 588 3677 hodic
611 3616 666 3676 sub
678 3617 822 3677 Romano
832 3612 981 3694 pontifice
1004 3625 1084 3692 sunt,

163 3701 215 3779 qui
238 3701 268 3760 in
291 3700 426 3773 Perside,
449 3699 696 3781 Indic,flchytia‚
718 3705 848 3778 totoque
861 3695 990 3757 Oriente
1004 3705 1085 3761 sunt.

161 3783 224 3846 Ab*
232 3789 326 3864 putes
343 3777 456 3847 'suites
486 3776 528 3845 ibi
561 3797 638 3850 estc·
652 3779 866 3851 Christianos?
896 3789 927 3842 st
944 3799 1086 3867 ¹mgnum
