2346 4208
421 278 438 319 a
456 265 578 318 liotoriis
596 269 721 333 excepta.
972 260 1036 328 105

129 459 165 514 tur
183 451 334 529 oonditio',
359 452 417 514 nisi
440 472 496 513 sna
538 452 685 513 aternitas
707 448 789 511 aliud
811 449 924 511 habeat
945 470 1037 513 evan·

127 537 240 618 galium,
278 556 371 615 quam
394 556 464 618 ego.
508 472 550 596 dt
571 534 668 617 qualis
692 533 804 595 debeat
831 554 900 594 esse
920 541 1037 615 pastor,

127 619 290 702 significans
315 620 477 697 Christus,
512 618 709 680 dilectionem
733 625 763 678 et
784 636 921 699 amorem
943 616 1038 679 Deio

127 703 201 764 Petro
226 703 355 781 quaerit,
377 704 475 764 etsie
497 722 565 762 eum
589 708 746 782 pastorem
769 702 863 762 totius
885 700 1038 761 eeclesiae

126 787 197 863 feeit,
230 787 310 846 siout
328 788 412 847 oanit
434 785 464 847 S.
489 793 586 846 mater
600 783 765 855 eeclesia,
797 791 829 844 et
848 782 1037 844 reverendus

126 868 201 929 Pater
229 874 299 930 orat
327 869 377 929 vel
399 869 496 951 legit:
532 868 578 929 Tu
606 874 700 948 oaput
729 867 903 945 eeclesiae,
929 864 1055 946 pastor'

126 955 213 1012 ovium
237 959 297 1016 eto.
342 950 444 1028 Quare
472 954 536 1013 iure
567 951 671 1013 divino
695 951 842 1012 habemus
873 949 934 1011 hoo
955 949 1038 1028 loon,

127 1035 223 1097 debere
247 1035 421 1115 praelatum
446 1035 572 1116 diligere
595 1035 711 1114 Deum,
745 1034 893 1095 habemus
917 1035 1038 1093 Petrum

127 1120 312 1180 eonstitutum
346 1125 502 1199 pastorem
533 1119 657 1195 ovium,
691 1118 779 1178 siouti
803 1116 833 1178 S.
860 1116 1039 1198 Gregorius,

126 1200 147 1343 lS.
160 1200 338 1263 Ambrosius
362 1209 393 1263 et
404 1201 645 1287 chrysostomus
669 1202 761 1261 etiam
782 1199 930 1279 Graecus,
951 1199 1040 1261 intel·

134 1292 259 1345 exerunt.

192 1368 265 1430 Non
286 1368 380 1429 refert
401 1368 576 1449 praetenuis
599 1366 791 1441 ratiuncula,
818 1367 849 1426 in
885 1365 1039 1426 diversum

127 1450 324 1512 treverando
347 1452 436 1512 Patre
458 1450 604 1530 inducta,
625 1450 748 1511 Petrum
771 1469 833 1510 nou
857 1468 966 1510 omnes
988 1469 1041 1530 pa·

128 1535 214 1611 risse,
253 1534 337 1613 quod
359 1540 465 1596 nostro
489 1535 614 1595 nomine
636 1535 760 1614 agitur,
792 1538 823 1593 et
850 1550 908 1593 nos
931 1533 1042 1593 feoisne

129 1615 250 1696 lioimur,
274 1619 354 1677 siout
376 1616 520 1678 Clemens
533 1620 582 1680 21.
606 1616 671 1677 ulti.
694 1616 797 1680 distin.
821 1621 960 1690 testatur,
983 1614 1041 1675 Pe·

130 1708 189 1760 trum
212 1700 376 1761 ordinasse
398 1699 608 1780 presbyteros,
630 1700 806 1780 episcopos,
829 1705 860 1758 et
882 1697 1042 1776 diaoonos,

129 1786 166 1862 qui
186 1804 242 1864 per
264 1784 440 1844 universum
465 1783 572 1845 orbem
594 1789 742 1843 terrarum
765 1781 961 1860 evangelium
997 1800 1042 1840 se-

73 1862 77 1869 ’
128 1867 286 1945 minarent,
319 1874 353 1927 ut
379 1866 491 1946 legitur
510 1867 542 1926 in
565 1885 632 1930 oan.
650 1866 725 1944 illis,
747 1866 796 1928 80.
820 1863 870 1925 vel
891 1864 942 1929 81.
973 1863 1043 1924 dist.

127 1948 202 2010 Unde
225 1951 338 2008 missus
360 1969 379 2009 a
399 1948 571 2028 principali,
594 1950 672 2009 siout
693 1949 750 2008 fuit
771 1946 802 2008 S.
823 1946 956 2024 Paulus,
979 1966 1042 2006 non

126 2035 233 2112 cogitur
246 2032 324 2092 mitti
348 2031 386 2092 ab
399 2033 495 2113 ipsius
508 2032 633 2107 vioario,
648 2038 751 2092 tamen
765 2030 878 2091 Paulus
888 2026 918 2112 ¹)
936 2031 1041 2091 aseen-

125 2113 159 2174 dit
190 2135 260 2175 oum
283 2114 370 2192 Tito,
398 2114 435 2175 ad
459 2114 546 2177 Gala.
569 2117 621 2190 2.,
656 2121 687 2174 et
709 2114 838 2175 eontulit
861 2134 929 2174 oum
952 2112 1042 2173 Petro

125 2199 324 2279 evangelium,
347 2199 397 2276 qui
420 2198 571 2258 dederunt
593 2199 620 2257 ei
643 2197 801 2257 dexteram
825 2197 992 2256 societatis.

196 2283 305 2357 Porro,
329 2280 411 2358 quod
434 2280 518 2341 audit
538 2282 568 2340 in
592 2300 641 2339 me
662 2281 817 2360 glossam,
847 2299 1003 2358 nunquam
1026 2300 1045 2338 a

124 2384 164 2423 me
184 2366 377 2444 cogitatam,
401 2365 488 2442 quasi
511 2364 658 2423 dixerim:
683 2362 857 2424 Aedificare
880 2382 972 2442 supra
994 2383 1044 2441 pe-

123 2457 202 2525 tram,
226 2449 267 2506 sit
290 2447 417 2506 subesse
439 2448 529 2508 Rom.
553 2446 717 2524 Pontifici,
740 2466 758 2506 0
782 2447 912 2520 somnia,
935 2466 953 2505 o
977 2465 1043 2504 ver-

121 2529 221 2590 borum
252 2536 417 2609 portenta,
448 2550 602 2608 nunquam
635 2529 697 2589 hoo
729 2530 785 2589 fuit
813 2529 923 2588 mentis
948 2548 1045 2588 meae.

121 2613 253 2673 Christus
278 2615 359 2672 enim
383 2612 525 2673 aedificat
547 2613 727 2686 eeclesiam,
759 2631 821 2671 non
853 2612 884 2671 hi
906 2613 956 2689 qui
978 2610 1046 2671 sub-

121 2705 202 2773 sunt,
240 2690 354 2755 subditi
386 2696 466 2754 enim
496 2695 678 2755 aedificatae
711 2695 863 2754 eeclesiae
891 2713 960 2754 esse
994 2694 1045 2754 de·

121 2778 197 2840 bent.

195 2863 244 2922 De
269 2852 421 2940 Gregorio
447 2859 657 2939 Ariminensi,
687 2861 772 2919 ouius
797 2859 949 2918 sententia
972 2859 1045 2918 mihi

123 2942 268 3023 displicet,
294 2945 321 3002 ei
344 2943 455 3021 placet,
478 2943 634 3002 nihilium
658 2942 697 3002 ad
720 2944 923 3022 propositum.
963 2941 1045 3003 Nolo

125 3046 189 3105 ergo
213 3030 244 3085 in
267 3028 326 3086 ista
348 3025 530 3085 diverticula
551 3025 749 3087 descendere.
785 3025 845 3085 Sed
868 3032 901 3083 ut
922 3027 1040 3103 aooepi-

127 3129 204 3187 mus,
234 3108 435 3168 defendamus
464 3108 623 3167 articulum
646 3109 889 3168 Constantiensis
922 3108 1043 3167 oonoilii

129 3211 186 3250 esse
209 3212 326 3268 verum,
349 3200 380 3250 et
402 3192 576 3269 quicunque
591 3192 661 3250 huia
682 3191 911 3269 eontradixerit,
934 3211 1045 3269 errare,

132 3282 157 3330 et
173 3277 289 3334 veritati
313 3281 343 3332 et
363 3275 473 3334 honori
498 3275 619 3334 aoncilii
643 3275 865 3336 contradicere.

340 3453 830 3518 MartLutherus.

208 3620 377 3696 Antequam
407 3618 446 3678 ad
470 3621 649 3680 autoritates
685 3641 704 3680 a
726 3641 775 3680 me
808 3621 968 3700 oppositas
990 3639 1045 3679 ve-

170 3743 200 3836 ⁸l
213 3774 241 3825 In
259 3744 309 3828 ed-
322 3743 427 3843 'origin
440 3784 447 3823 ε
474 3743 579 3824 Petrus.
