2346 4208
115 245 192 315 Ι306
371 247 466 304 Resol.
485 248 513 301 L
532 198 618 319 super
635 244 835 317 Proponltione

129 436 314 518 respondet,
352 442 384 498 et
423 441 618 498 constantem
651 435 788 499 absolvit
815 442 848 497 et
869 435 1035 516 pronuntio

130 520 203 582 lidei
233 521 479 598 confessionem,
516 525 550 579 ut
580 537 685 581 veram
708 518 821 581 Christi
841 520 1034 601 oogntuomn

129 605 160 665 in
184 605 300 664 unitate
324 610 356 669 et
376 602 710 682 drmitstsoonsistere,
731 601 973 669 nonmultorun
1017 602 1024 617 '

128 686 289 765 niouibus,
312 686 398 747 velut
417 684 597 745 arundinem
620 687 746 766 agitari,
773 684 913 751 doceret.
952 682 989 747 V

129 789 203 851 ergo
225 769 327 830 adhue
347 767 423 829 nihil
444 766 484 828 ad
507 768 630 829 Petrum
652 770 776 849 proprie
797 770 968 849 pertinere,
984 768 1032 839 niti

131 852 214 932 quod
237 871 401 914 oommune
423 870 573 932 organum
596 859 644 913 est
666 852 802 915 omnium
825 850 1032 933 apostolorum

211 936 274 996 lam
297 935 373 997 illud
395 934 476 1013 vide,
499 934 584 1013 quod
597 941 628 995 et
642 954 661 994 o
674 935 759 995 loiois
772 935 1032 1017 observomroipse

129 1018 223 1079 didioi
248 1018 315 1100 (est
336 1015 473 1092 etiam1)
498 1018 529 1077 in
552 1017 640 1079 iaiois
662 1019 786 1099 spiritus
807 1017 960 1101 Christi),
978 1036 1032 1101 rer·

129 1102 200 1164 burn
223 1102 284 1163 hoo
306 1101 418 1163 Christi
439 1119 503 1161 non
517 1099 661 1181 possead
675 1101 775 1163 solum
787 1101 914 1169 Petrum
935 1100 1031 1171 dim

127 1184 269 1266 intelligi,
292 1186 364 1265 quia
387 1183 526 1245 Christus
547 1202 611 1244 non
635 1184 735 1247 solum
750 1184 889 1264 renum,
910 1184 965 1261 sed
982 1202 1031 1257 ost

128 1287 184 1329 nes
207 1267 369 1348 apostolos
390 1267 550 1346 requisivit
569 1266 691 1329 dioens:
727 1268 793 1331 Vos
816 1274 1050 1351 sutempqm,

128 1371 178 1412 me
200 1370 269 1412 esse
291 1349 412 1411 diuitis?
448 1369 512 1411 non
533 1349 625 1411 dixit:
656 1349 719 1429 Tu,
744 1351 851 1432 Petro,
888 1354 1030 1433 quen-tit

129 1453 199 1495 esse
220 1433 321 1495 diois?
353 1433 420 1494 Nisi
442 1452 517 1514 ergo
535 1453 592 1513 per
611 1432 734 1495 Petrum
769 1453 880 1499 omues
909 1432 1029 1517 discipuli

128 1517 376 1598 respondissent,
399 1523 483 1577 oerte
505 1516 648 1596 disoipuli
669 1535 732 1577 non
753 1517 1027 1598 luissent,.nso.m

126 1602 256 1682 gistrum
288 1600 464 1677 audissent,
496 1619 556 1661 neo
583 1600 806 1661 satisfecissent
834 1598 1026 1691 interrogant

124 1684 212 1764 quod
236 1691 283 1745 ost
304 1684 432 1766 impium
455 1683 494 1745 de
516 1683 667 1763 apostolis
689 1685 814 1749 sentire,
859 1720 862 1725 -
995 1730 998 1743 .

213 1768 406 1847 Relinquitur
417 1785 502 1847 ergo,
522 1765 605 1845 qood
618 1765 761 1835 Christus¹
771 1786 955 1848 responsum
965 1762 1024 1829 rori

129 1853 306 1931 aooeptarit,
328 1869 390 1911 non
414 1867 470 1930 pro
494 1848 562 1909 solo
585 1849 688 1929 Petro,
710 1848 765 1911 sed
785 1870 844 1931 pro
868 1848 1024 1917 torosuli·

127 1936 180 2015 gio
203 1933 416 2014 apostolorum
440 1938 472 1992 et
493 1932 729 2013 discipulorum,
751 1934 898 2015 alioquin
914 1940 950 1997 et
966 1932 1023 1995 sto

128 2036 253 2097 qnoque
275 2016 376 2077 denuo
398 2017 631 2096 interrogasset.
791 2066 794 2071 .
989 2078 992 2083 ,

209 2100 257 2160 Ex
279 2099 389 2178 quibus
411 2097 537 2158 ulterius
554 2100 700 2178 sequitur,
723 2100 807 2179 quod
821 2100 1021 2167 sionthrffl

115 2202 290 2262 personam
313 2180 531 2262 respondentis
553 2181 634 2242 Petri
655 2201 712 2262 pro
731 2184 876 2247 omnibus
894 2184 1020 2265 neeeplti

126 2267 169 2326 ita
189 2273 353 2345 sequenter
376 2283 500 2344 quoque
533 2283 595 2324 non
627 2264 666 2327 sd
695 2265 795 2327 solum
817 2266 954 2349 Petrum,
982 2260 1019 2329 td

126 2348 166 2409 ad
189 2368 310 2428 omnes,
340 2367 467 2428 quornm
491 2365 624 2428 persone
646 2347 753 2409 Petrus
774 2349 925 2431 loquitur,
948 2350 1018 2419 dini:

124 2432 171 2492 Tu
193 2432 357 2512 esPetrus,
378 2431 448 2492 'libi
469 2429 550 2492 dabo
564 2429 667 2491 claves
682 2438 741 2493 eto.
782 2432 931 2514 Alioquin
945 2431 1018 2511 flul}-

125 2522 193 2576 tura
219 2535 283 2576 non
311 2522 395 2577 reete
429 2513 625 2594 intelligitur,
659 2515 717 2575 nisi
754 2517 972 2597 praeoedeutis
997 2516 1018 2575 d

125 2601 285 2679 sequentis
305 2604 390 2660 reote
411 2595 618 2659 oonferantur.
1044 2672 1050 2679 .

142 2719 145 2723 ·
207 2684 311 2762 Atque
332 2688 367 2743 nt
386 2681 447 2742 hoo
468 2699 507 2741 eo
531 2681 571 2739 sit
592 2681 720 2759 oertius,
743 2701 806 2743 non
828 2684 891 2745 soli
912 2684 1017 2749 Petro-r

124 2766 246 2827 Christo
268 2764 385 2845 aliquid
404 2763 518 2824 diotum
541 2782 620 2842 esse,
643 2766 772 2844 exponit
793 2767 944 2847 seipsum
957 2762 1017 2831 05

123 2857 199 2928 stus,
222 2849 270 2910 oui
289 2849 442 2929 loquatur,
466 2853 497 2907 et
519 2847 569 2907 oui
591 2846 694 2909 nodat
709 2848 963 2927 slaves,'dioem:
978 2846 1016 2913 lt

124 2940 193 2993 stus
216 2951 250 2993 es
273 2931 379 2993 Simon
402 2932 462 2991 Bar
483 2929 580 3008 tona,
614 2948 687 2991 earo
709 2937 742 2993 st
767 2934 895 3014 sanguis
916 2946 1016 2995 nourr

124 3016 239 3076 velavit
261 3015 332 3093 tihi,
357 3014 412 3075 sed
430 3013 522 3074 Pater
542 3032 639 3090 meus,
662 3015 714 3092 qni
737 3020 786 3076 est
806 3016 839 3076 in
854 3016 958 3083 ooslis.
975 3010 1015 3077 Φ

123 3118 236 3176 seoro,
260 3098 332 3177 quid
355 3098 405 3158 hio
426 3102 531 3177 potest
552 3102 660 3157 eontra
679 3097 731 3158 vel
752 3096 843 3179 fingi,
866 3100 937 3181 quid
955 3112 1015 3181 spu·

122 3184 181 3242 tius
205 3181 282 3260 dioi,
317 3200 408 3261 quem
439 3178 523 3258 quod
545 3179 653 3240 Petrus
684 3181 716 3240 in
745 3179 805 3243 heo
824 3194 1014 3263 personent!

121 3274 170 3327 est
189 3265 313 3344 Petrus,
335 3283 398 3325 non
421 3270 469 3325 est
489 3281 579 3340 earo,
609 3281 711 3342 neque
731 3267 883 3345 sangnis?
912 3256 1013 3331 ertit

121 3350 158 3427 is,
183 3351 232 3409 oui
253 3348 371 3409 revelat
387 3347 489 3423 Pater,
513 3345 641 3407 omnino
652 3345 763 3409 Petrus
777 3356 868 3411 extro
885 3350 1011 3413 hono·

120 3433 259 3512 ponitur,
287 3438 319 3492 et
339 3433 401 3491 iam
424 3449 487 3491 non
509 3435 558 3489 est
580 3428 643 3489 ulla
664 3449 800 3509 persona
821 3454 878 3515 per
898 3454 948 3515 se,
973 3420 1009 3489 d

121 3516 287 3576 revelantis
308 3515 407 3575 Petris
429 3511 560 3576 auditor.

203 3599 274 3660 Non
297 3597 404 3660 Simon
438 3598 501 3656 Bar
533 3594 617 3655 Jona
649 3594 728 3657 hoeo
758 3603 938 3684 respondet,
963 3610 1007 3661 rot

158 3790 188 3861 1)
210 3791 240 3844 ln
259 3791 324 3847 edit.
342 3792 448 3859 priore:
470 3799 511 3847 est
530 3798 604 3852 enim
623 3798 716 3852 etism.
