2346 4208
292 286 350 336 suis
371 284 483 351 lipsius
499 282 645 351 disputatis
664 298 689 335 s.
708 282 778 336 xlx.
945 275 1021 344 233Ι

112 486 162 531 sum
180 470 433 532 'l'nomistis'suis
455 476 633 533 constanter
653 478 797 553 negaret,
819 472 1011 549 antiquiores

106 551 245 629 sitrico,
266 555 427 615 Bonaven.
450 563 480 613 et
502 555 609 617 nescio
623 574 700 633 quos
721 559 844 615 autores
857 554 1010 635 allegans.

104 634 188 699 &erlo
211 642 339 715 autem,
376 637 458 717 quod
488 638 567 698 llaec
594 658 669 698 suae
690 639 806 698 farinae
832 636 1012 697 hominibus

102 738 218 803 nsgnae
243 723 326 781 errici
347 721 473 797 fuerint,
503 723 560 781 etsi
582 723 674 781 risum
698 722 866 782 miserrimc
888 718 1012 779 simula·

102 812 159 875 cut,
183 822 255 865 cum
279 802 388 864 ducem
401 824 498 873 suum,
521 811 582 865 tum
604 804 724 867 sortiter¹
744 822 923 885 aggressum
946 820 1011 862 cer-

102 906 200 959 smen,
224 886 340 948 relictis
363 888 468 969 signis,
491 894 737 948 moxsenser'u'rtt
760 884 803 961 (si
816 893 918 947 temen
941 904 1011 945 sen·

102 974 207 1043 arunt)
236 968 426 1031 desertorem
449 972 602 1031 exercitus
625 976 655 1031 et
676 971 864 1049 transflrgam
886 970 1011 1030 fuctum.

102 1053 160 1115 lam
184 1053 217 1113 id
233 1052 454 1115 Oarolostadio
468 1054 542 1114 satis
565 1059 639 1131 erat,
661 1053 914 1114 scholasticorum
939 1050 1012 1110 doc·

102 1154 184 1197 rrum
217 1142 282 1196 tres
317 1136 503 1197 celebriores
536 1144 637 1198 sectus
656 1137 752 1197 fuisse
780 1135 820 1197 ab
841 1136 937 1195 Eccio
960 1153 1012 1195 ea-

102 1238 149 1279 rm
172 1218 257 1280 liora
278 1225 422 1301 negatas.
453 1238 530 1298 quas
557 1221 616 1280 nisi
637 1226 798 1301 negasset,
827 1216 1022 1297 Pelagianos·

102 1301 310 1385 rgolstadium
332 1320 511 1363 reversurus
522 1313 597 1365 erat.
620 1302 743 1363 Certum
767 1308 814 1363 est
832 1302 923 1373 enim,
945 1300 1009 1359 Mo·

103 1404 198 1447 ernos
227 1388 326 1464 (quos
347 1388 479 1449 vocanti
513 1404 581 1447 oum
604 1384 746 1447 Scotis'tis
781 1391 812 1445 et
841 1384 1012 1444 ‘l'lromiatis

103 1490 109 1529 ι
130 1468 197 1549 hac
217 1487 255 1529 re
279 1466 328 1549 [id
343 1474 409 1541 est,
426 1467 527 1529 'libero
550 1468 676 1539 arbitrio
700 1469 855 1549 et'gratial
881 1484 1009 1527 consen-

103 1572 136 1613 τε
151 1556 294 1632 excepto
317 1564 379 1612 uno
398 1550 550 1631 Gregorio
562 1552 758 1621 Ariminensi,
781 1570 872 1629 quem
901 1567 1010 1609 omnes

103 1641 244 1709 nmnant,
269 1635 320 1713 qui
342 1634 460 1714 etipse
483 1634 725 1715 eosPelagianis
738 1634 906 1695 deteriores
930 1650 1010 1705 csse,

103 1726 221 1779 tracte
246 1724 279 1777 et
291 1717 456 1777 efficaciter
477 1720 643 1778 convincit.
664 1717 693 1777 ls
716 1718 796 1777 enim
819 1715 906 1776 solus
930 1715 1011 1774 inter

104 1800 311 1873 sholasticos,
334 1806 442 1861 contra
461 1820 569 1862 omnes
586 1801 796 1861 Scholasticos
807 1798 1010 1873 recentiores,

104 1902 150 1944 um
176 1882 354 1963 Augustino
368 1878 401 1963 ¹)
425 1888 457 1943 et
478 1884 632 1963 Apostolo
656 1883 753 1953 Paulo
775 1882 938 1943 consentit.

145 1964 232 2027 lium
246 1964 415 2046 Pelagiani,
438 1968 494 2026 etsi
511 1968 577 2027 sine
599 1966 698 2044 gratie
719 1985 796 2044 opus
811 1964 925 2025 bonum
941 1959 1023 2020 fleri·

104 2066 178 2110 ossa
189 2055 400 2125 asseruerunt,
413 2058 586 2110 nontamen
603 2051 668 2108 sine
682 2050 781 2127 gratia
794 2045 916 2108 coelum
932 2043 1010 2104 obti-

104 2132 145 2193 sri
159 2130 317 2192 dixerunt.
338 2131 413 2192 Item
426 2139 509 2192 certe
525 2132 630 2192 dicunt
642 2130 836 2192 scholastici.
851 2129 923 2189 dum
941 2129 1024 2186 sine'

104 2215 182 2275 rat-ia
200 2234 281 2293 opus
296 2212 422 2283 bonum,
444 2216 577 2275 sednon
597 2216 783 2274 meritorium
801 2212 865 2272 fleri
883 2210 1006 2271 docent.

104 2297 206 2357 leinde
231 2316 324 2376 super
346 2297 530 2373 Pelagianos
553 2297 685 2366 addunt,
708 2296 863 2356 hominem
893 2293 1008 2354 habere

105 2380 242 2439 letamen
257 2380 395 2439 naturale
408 2387 511 2441 rectae
524 2381 661 2449 rationis,
676 2380 723 2438 cui
740 2399 772 2438 se
783 2379 1023 2458 possitnatura-·

107 2472 153 2522 ter
166 2462 401 2533 conformare²l
427 2464 583 2540 voluntas,
605 2463 656 2522 ubi
669 2462 826 2541 Pelagiani
850 2461 1006 2519 hominem

105 2544 224 2604 diuvari
247 2564 303 2624 per
325 2544 425 2625 legem
449 2546 506 2605 Dei
529 2545 681 2605 dixerunt.
724 2542 790 2603 Nec
810 2543 891 2602 hanc
914 2549 1007 2601 meta·

105 2627 267 2707 rorphosin
280 2627 415 2688 Ecoieno
438 2630 562 2706 ingenio
579 2628 710 2687 alienam
730 2628 896 2699 existimes,
918 2625 1007 2684 estin

105 2730 121 2769 a
142 2711 402 2789 promptissimus.
445 2711 522 2771 Nam
545 2711 604 2770 huo
626 2710 675 2769 die
697 2710 819 2788 qrridem
843 2726 910 2766 cum
933 2705 1007 2766 Gre-

105 2794 172 2853 orio
200 2790 253 2875 (ul
276 2792 357 2855 dixit
382 2796 477 2853 sensit
499 2792 763 2863 etCeroloetadio,
785 2810 888 2851 rursus
911 2788 1008 2848 altera

105 2894 205 2935 recum
231 2893 426 2954 congressus,
448 2876 579 2936 eundem
602 2876 675 2934 mihi
698 2875 881 2955 Gregorium
903 2874 933 2931 in
959 2891 1007 2931 ea·

106 2977 153 3017 em
179 2959 273 3017 eliam
297 2959 425 3018 materia
447 2960 580 3039 negavit,
602 2966 728 3038 propter
750 2955 907 3017 articulum
931 2954 1006 3013 Hus-

105 3041 208 3099 iticum
221 3040 371 3100 Constan.
394 3040 534 3100 Concilio
557 3041 743 3103 damnatum.
771 3044 811 3100 lta
834 3058 906 3098 vere
929 3038 1009 3097 miri-

106 3142 159 3181 cus
190 3130 258 3195 est,
289 3129 319 3182 et
349 3125 396 3182 oui
419 3142 481 3183 non
505 3123 631 3183 viderim
663 3124 810 3191 similem,
837 3121 1008 3199 disputator

106 3206 213 3276 locius,
244 3203 325 3283 apud
348 3225 437 3283 quem
461 3207 534 3266 nihil
563 3209 602 3265 sit
623 3207 672 3265 vel
701 3206 824 3286 periculi
856 3204 903 3263 vel
932 3203 1007 3277 vitii,

106 3288 228 3369 lregorii
251 3287 418 3348 Ariminen.
444 3291 626 3349 sententiam
651 3309 718 3349 cum
741 3290 776 3349 D.
793 3285 1007 3348 Garolostadio

106 3378 191 3429 ontra
214 3388 324 3430 omnes
347 3370 554 3431 scholasticos
584 3379 771 3452 pugnantem
803 3390 858 3449 pro
882 3368 1007 3429 Schola·

106 3453 168 3512 licis
191 3453 350 3532 amplecti,
374 3454 504 3514 eundem
527 3474 629 3514 rursus
651 3473 707 3534 pro
731 3453 929 3514 Scholasticis
951 3452 1007 3508 eis-

110 3553 153 3594 em
186 3538 217 3594 in
247 3536 356 3596 eadem
380 3556 413 3596 re
434 3538 604 3615 repudiare.
646 3538 697 3598 Sic
719 3536 814 3596 habes
838 3534 1007 3608 victoriam,

142 3725 166 3777 it
189 3724 217 3775 ln
237 3723 279 3775 ed.
311 3727 397 3791 orig.:
417 3742 478 3775 eum
500 3723 703 3785 (Jarnlostactio
724 3720 822 3790 idest,
845 3723 1007 3791 Augustino.

107 3794 121 3849 l
139 3792 223 3848 thiu:
242 3796 423 3865 confirmare,
442 3795 485 3848 ed.
505 3794 576 3863 orig.
595 3796 694 3846 Wltt:
725 3792 908 3848 conformare.
952 3806 955 3813 ·
