2346 4208
399 268 434 324 da
451 269 579 325 libertate
598 269 765 324 Christiana.
985 263 1048 331 229

121 476 211 519 mens
233 476 301 518 eam
323 457 362 519 ab
385 457 525 518 omnibus
547 458 628 519 illius
650 458 748 536 malis,
771 464 803 519 et
825 475 938 518 ornans
951 457 1047 518 omui-

120 541 181 602 bus
202 541 269 600 suis
287 539 386 602 honis.
429 541 491 601 lam
516 543 596 604 enim
619 540 809 622 impossihile
832 547 894 617 est,
922 547 956 600 ut
976 559 1048 620 peu·

121 630 195 684 nata
223 643 277 684 sua
299 644 367 685 eam
389 624 533 704 perdant,
566 644 634 685 oum
658 643 750 704 super
772 624 924 685 Christum
947 625 1050 703 posita
1078 681 1081 684 .

122 708 202 784 siut,
239 714 270 768 et
291 708 321 767 in
343 709 411 787 ipso
436 707 597 788 absorpta,
632 707 805 788 habeatque
825 708 894 787 ipsa
916 726 984 766 eam
1006 708 1049 767 iu·

123 790 241 851 stitiam
262 791 293 850 in
314 789 434 852 Christo
458 809 573 871 sponso
596 810 669 870 suo,
707 790 746 851 de
769 810 829 871 qua
851 795 883 850 ut
904 809 959 849 sua
980 808 1049 870 pro·

120 873 192 954 pria
225 880 415 953 praesumat,
449 882 481 942 et
508 874 655 935 adversus
681 875 785 936 omnia
816 880 945 954 peecata
981 893 1046 950 sua,

123 961 234 1017 aontm
255 964 384 1018 mortem
408 965 439 1018 et
452 957 612 1036 infernum,
635 959 733 1037 possit
749 977 816 1027 eun]
831 955 942 1017 fiducia
964 955 1048 1016 illam

123 1057 284 1119 opponere
317 1047 348 1100 et
377 1039 493 1101 dicare:
533 1041 563 1101 Si
599 1059 658 1120 ego
681 1042 824 1119 pensavi,
858 1045 890 1100 at
911 1039 1048 1101 Christus

122 1141 211 1183 meus
233 1141 297 1183 non
308 1124 458 1204 pausavit,
480 1125 510 1184 in
534 1143 622 1204 quern
642 1124 745 1201 ured0,
763 1125 848 1183 auius
863 1123 966 1184 omnia
979 1141 1048 1184 maa

122 1215 206 1284 sunt,
231 1212 263 1266 et
284 1207 388 1267 omnia
411 1227 480 1267 mea
501 1207 592 1282 illius,
615 1207 694 1267 sicut
715 1208 746 1267 in
769 1206 923 1267 Cantiois:
945 1205 1045 1266 Dileu·

121 1295 173 1350 tus
197 1308 283 1349 meus
308 1289 396 1368 mihi,
432 1295 463 1350 et
484 1309 542 1371 ego
565 1289 624 1366 illi,
656 1290 805 1365 honest,
828 1288 911 1370 quod
933 1289 1046 1350 Paulus

122 1372 200 1445 dicit
222 1375 250 1435 1.
275 1371 410 1435 Corinth.
436 1376 489 1438 m:
522 1373 589 1434 Deo
612 1374 742 1455 gratias,
777 1374 828 1453 qui
854 1371 938 1433 dedit
959 1371 1049 1433 nobis

121 1456 284 1517 victoriam
308 1475 364 1535 per
383 1456 490 1516 Jesum
515 1457 677 1534 Christum,
701 1456 866 1518 Dominum
901 1462 1050 1531 nostrum,

121 1539 286 1599 victoriam
308 1545 409 1599 autem
433 1540 552 1620 pennati
575 1546 606 1600 et
628 1540 748 1617 mortis,
773 1540 852 1599 sieut
872 1537 936 1599 illie
956 1536 1048 1599 indu-

122 1623 181 1682 cit:
205 1621 368 1683 Peccatum
391 1622 529 1683 stimulus
552 1623 658 1683 mortis
680 1627 744 1701 est,
766 1623 861 1683 virtus
883 1639 957 1682 vero
979 1639 1049 1701 peu

125 1705 189 1766 eati
212 1704 273 1768 lex.

91 1870 96 1877 ἢ
207 1803 256 1864 Ex
278 1806 315 1865 iis
337 1805 445 1865 iterum
469 1804 630 1886 intelligis,
659 1824 720 1885 qua
742 1824 835 1866 eausa
856 1808 975 1864 tantum
998 1803 1047 1864 tri·

124 1889 236 1951 huatur
257 1887 344 1967 fidei,
379 1894 412 1948 ut
439 1888 507 1948 sola
528 1888 655 1968 impleat
677 1888 790 1968 legem,
825 1894 856 1949 et
891 1887 957 1947 sine
980 1886 1050 1947 ullis

124 1970 270 2052 operibus
293 1969 445 2032 iustificat.
490 1970 584 2031 Vides
602 1974 682 2033 enim
696 1973 824 2051 primum
838 1976 1051 2051 praecaptum,

124 2074 187 2135 quo
211 2053 333 2115 dieitur:
365 2053 466 2114 Unum
489 2053 588 2114 Deum
613 2054 717 2130 noles,
751 2054 819 2115 sola
840 2052 900 2114 fida
920 2051 1050 2132 impleri.

124 2138 157 2200 Si
181 2138 261 2198 enim
285 2138 377 2197 etiarn
400 2139 467 2216 ipse
497 2138 578 2197 aliud
600 2157 663 2199 non
686 2157 770 2198 esses
793 2158 812 2198 a
833 2136 940 2218 planta
961 2135 1049 2216 pedis

122 2221 164 2282 ad
187 2221 349 2296 verticem,
378 2238 469 2299 quam
489 2219 571 2281 hona
595 2241 706 2302 opera,
742 2240 804 2282 non
827 2226 929 2281 tamen
952 2220 1047 2279 iustus

123 2323 227 2382 asses,
249 2324 308 2364 nee
330 2303 427 2363 Deum
450 2303 584 2381 coleres,
615 2325 673 2366 nec
694 2306 823 2384 primum
847 2307 1045 2384 praeseptum

97 2386 288 2467 impleres,
312 2405 381 2446 uum
402 2385 485 2447 Deus
508 2385 568 2447 coli
591 2407 653 2447 non
677 2389 792 2466 possit,
821 2388 878 2448 nisi
901 2387 1049 2448 tribuatur

122 2472 152 2531 si
175 2471 287 2530 veritas
300 2468 332 2543 ¹)
357 2476 388 2529 et
410 2470 572 2530 universae
594 2469 740 2531 bonitatis
753 2471 862 2550 gloria,
884 2471 963 2530 sicut
980 2487 1051 2529 vere

123 2551 286 2614 tribuenda
308 2557 364 2612 est.
406 2551 475 2612 Hos
497 2559 599 2612 autem
623 2572 720 2634 opera
741 2571 803 2614 non
826 2552 960 2629 faciunt,
995 2550 1052 2612 sed

124 2635 195 2697 sola
221 2633 298 2696 fldes
332 2634 443 2696 cordis.
485 2635 556 2697 Non
589 2637 669 2696 enim
703 2635 877 2715 operanda,
912 2633 967 2695 sed
989 2653 1052 2694 are-

125 2717 230 2780 dendo
263 2719 361 2779 Deum
388 2716 596 2799 glorificamus
626 2726 657 2779 et
684 2737 825 2780 veracem
860 2716 1050 2780 eonfitemur.

124 2802 195 2862 Hos
216 2802 342 2864 nomine
363 2799 439 2861 fides
462 2801 530 2863 sola
551 2808 598 2862 est
624 2803 740 2862 iustitia
762 2801 926 2863 Christiani
956 2794 1069 2860 humi!

124 2886 185 2962 nis,
208 2892 238 2945 et
260 2884 395 2945 omnium
417 2891 651 2965 praeceptorum
674 2884 844 2965 plenitudo.
888 2883 947 2959 Qui
970 2884 1050 2942 enim

126 2969 260 3049 primum
282 2967 399 3048 implet,
421 2973 524 3028 uetera
547 2969 651 3029 omnia
672 2969 754 3030 facili
777 2986 872 3048 opera
893 2966 1009 3047 implet.

212 3067 315 3147 Opera
337 3087 421 3145 vern,
444 3087 512 3128 num
536 3070 597 3129 sint
617 3088 667 3129 res
689 3070 875 3146 insensatae,
898 3086 960 3128 non
983 3084 1053 3147 pos·

126 3158 200 3214 sunt
221 3152 318 3212 Deum
341 3149 532 3231 glorificare,
556 3153 693 3231 quamvis
716 3151 754 3212 ad
776 3151 906 3233 gloriam
929 3150 985 3210 Dei
1009 3149 1053 3228 (si

126 3234 205 3296 fides
228 3233 324 3308 adsit)
349 3232 415 3295 fieri
434 3237 563 3315 possint.
609 3237 722 3295 Verum
744 3253 801 3295 nos
824 3234 884 3294 hoe
905 3233 1054 3312 temporis

126 3318 318 3397 quaerimus,
358 3337 419 3377 non
440 3337 477 3378 ea
501 3338 580 3397 quae
602 3318 694 3397 fiunt,
732 3318 833 3397 qualia
856 3322 927 3376 sunt
948 3334 1056 3396 opera,

126 3400 183 3461 sed
206 3420 274 3460 eum
299 3400 350 3478 qui
372 3400 462 3478 fauit,
485 3402 536 3481 qui
558 3401 711 3482 glorificat
734 3410 763 3461 et
786 3419 881 3480 opera
903 3397 1051 3480 producit.

128 3483 216 3544 Haeo
247 3491 295 3544 est
315 3481 392 3542 fides
421 3483 537 3560 cordis,
575 3492 667 3565 eaput
696 3492 726 3545 et
760 3482 931 3544 substantia
959 3482 1052 3543 totius
1087 3554 1088 3557 Ἴ

127 3568 263 3628 iustitiae
287 3572 421 3630 nostrae.
464 3567 554 3629 Unde
566 3587 659 3629 caena
682 3574 712 3628 et
728 3567 900 3648 periculosa
914 3565 1054 3626 doctrina

204 3823 234 3894 1)
254 3825 287 3878 In
302 3815 348 3881 ad.
368 3825 451 3883 1521:
470 3826 603 3881 veritatis.
