2346 4208
422 273 542 333 devoto
561 247 738 344 religionum.
986 273 1048 340 357

143 463 194 528 84.
215 459 263 521 Ne
283 458 359 522 illud
382 458 506 540 quidem
520 461 614 538 iuvat,
638 460 721 540 quod
744 461 918 541 praefectus
938 463 969 523 in
981 483 1047 544 per·
1143 447 1148 454 ¹

120 546 282 608 feetiorem
305 550 416 604 etatum
441 544 560 624 migrat.

144 631 196 695 85.
218 627 268 688 luo
295 627 376 687 enim
398 625 550 704 divinum,
580 627 670 706 quale
701 633 806 687 votum
830 637 894 706 est,
936 627 1047 689 nullius

120 711 199 774 honi
242 711 320 771 retia
341 708 518 770 violandum
543 715 598 771 est.

144 796 196 860 86.
217 731 288 856 dat
303 792 428 855 Paulus:
462 791 531 853 Non
555 799 627 853 sunt
647 791 789 854 facienda
815 793 910 871 mala,
945 800 978 854 ut
999 814 1047 854 ve-

122 879 213 939 niant
234 876 326 938 bona.

126 962 196 1026 87.
218 959 269 1020 ste
290 957 366 1018 nihil
388 956 513 1035 dieitur,
543 956 625 1037 quod
648 960 820 1038 praefectus
852 958 1049 1020 obedientiae

122 1045 342 1126 episcoporum
365 1047 396 1102 et
418 1042 566 1102 maiorum
590 1039 736 1102 subditur.

144 1128 195 1192 88.
220 1124 266 1186 ua
288 1122 464 1186 obedientia
497 1122 572 1183 nihil
600 1123 702 1184 differt
728 1124 766 1186 ab
798 1127 933 1185 omniurn
956 1124 1049 1186 laieo-

122 1230 193 1272 rum
215 1207 401 1270 obedientia.

144 1295 197 1358 89.
220 1290 261 1352 dt
297 1297 401 1351 votum
433 1288 543 1366 euml)
568 1289 668 1350 solum
707 1290 915 1352 obedientiam
947 1298 1050 1370 vovet,

125 1395 220 1457 quam
243 1373 339 1434 dietat
359 1373 466 1455 regulo
488 1373 675 1452 professioni
699 1373 837 1436 subditis.

146 1462 197 1524 90.
221 1457 248 1518 Α
270 1475 331 1537 qua
351 1463 454 1517 tamen
466 1455 644 1517 ‘liberantur
667 1456 737 1516 faeti
767 1456 816 1518 vel
839 1459 976 1539 episcopi
1000 1459 1050 1519 vel

126 1539 312 1604 oardinalee.

145 1627 198 1691 91.
219 1622 286 1684 Nee
307 1620 457 1696 lieeret²)
482 1620 584 1682 soluto
608 1629 682 1682 voto
706 1641 774 1683 eam
807 1624 955 1684 maiorum
979 1623 1050 1685 ohe·

124 1708 285 1783 dienhnrn,
307 1705 427 1766 etiamsi
451 1704 559 1768 melior
581 1713 672 1782 esset,
696 1705 807 1767 subire.

146 1793 198 1857 92.
221 1789 331 1851 Obstat
353 1789 434 1847 enirn
457 1787 592 1847 divinuni
613 1789 661 1848 ius
684 1790 748 1850 vot-i
785 1788 868 1869 quod
902 1810 941 1850 ue
964 1792 1050 1871 regni

122 1872 249 1956 quidem
272 1871 429 1932 coelorum
452 1872 551 1952 gratia
573 1870 652 1930 laedi
676 1871 777 1932 debet.

144 1958 197 2024 93.
219 1955 284 2016 Nisi
298 1954 348 2015 hie
366 1954 507 2032 dixerint,
531 1960 636 2014 votum
651 1954 810 2035 religionis
834 1956 872 2015 in'
888 1962 985 2016 totum
1003 1957 1048 2017 sie

120 2039 255 2103 subdere
277 2038 434 2098 hominem
456 2036 583 2098 homini.

144 2124 195 2188 94.
218 2122 260 2184 Ut
281 2121 453 2202 praeleetus
474 2122 521 2180 ius
544 2119 658 2182 habeat
680 2122 772 2181 etiam
788 2140 891 2184 rursus
913 2142 982 2183 eum
1007 2124 1049 2183 di-

126 2204 268 2268 mittendi
293 2204 430 2280 liberum,
453 2204 478 2264 si
501 2222 590 2263 easus
612 2205 758 2283 postulet.

146 2292 198 2355 95.
222 2288 257 2349 ld
280 2286 362 2366 quod
385 2304 444 2366 ego
467 2305 564 2366 prope
586 2293 653 2348 toto
667 2307 760 2348 sensu
773 2291 964 2350 verissimum
982 2309 1051 2350 esse

125 2371 354 2434 affirmaverim.

146 2457 199 2521 96.
220 2455 298 2514 Tum
321 2454 345 2513 si
369 2470 459 2511 casus
481 2452 537 2528 sit,
568 2457 599 2510 et
628 2452 801 2530 praefectus
824 2458 918 2535 nolit,
949 2464 981 2516 ut
1002 2456 1052 2517 de·

126 2540 190 2617 bet,
212 2537 410 2598 nihilominus
432 2533 561 2594 liberum
587 2551 666 2593 esse.

150 2623 201 2687 97.
224 2622 286 2680 Aut
307 2620 332 2679 si
354 2619 415 2680 hoe
436 2636 498 2678 non
519 2623 575 2695 est,
599 2621 787 2696 paupertatis
805 2628 836 2680 et
857 2622 1054 2683 obedientiae

127 2709 204 2766 vota
225 2705 285 2764 iam
306 2701 503 2782 probavimus
527 2719 589 2759 uon
613 2719 682 2760 esse
704 2711 863 2782 perpetua.

150 2789 202 2853 98.
227 2785 330 2861 Quare
352 2791 382 2844 et
397 2781 622 2864 congeniumi)
649 2802 755 2844 eorum
775 2789 923 2848 eastitatis
948 2794 1051 2849 votum

127 2870 258 2932 liberum
282 2874 313 2928 et
336 2866 507 2947 temporale
530 2884 610 2927 esee.

151 2955 201 3018 99.
225 2952 266 3013 Ut
287 2951 477 3011 monasteria
490 2947 573 3009 aliud
586 2967 648 3009 non
672 2950 743 3028 sint,
765 2971 856 3031 quam
870 2953 1055 3015 christianae

128 3033 350 3097 formandae⁴¹l
376 3033 525 3114 pueritiae
548 3030 754 3113 paedagogia.

154 3121 224 3184 100.
247 3118 346 3194 Quam
371 3116 427 3177 sub
457 3115 619 3194 disciplina
647 3118 808 3196 temporali
838 3119 961 3179 formari
990 3137 1056 3179 eor·

129 3201 278 3284 poraliter
300 3198 532 3261 saluberrimum
551 3205 609 3259 est.

154 3287 223 3351 101.
248 3285 324 3345 Cum
363 3302 437 3363 ergo
467 3281 595 3342 testibus
635 3282 746 3360 verbo,
782 3282 859 3364 fide,
892 3284 1056 3365 baptismo,

131 3366 277 3448 operibus
301 3367 369 3443 Dei,
391 3372 498 3424 votum
520 3364 582 3425 hoe
604 3363 678 3423 nihil
700 3365 746 3425 sit.
1075 3368 1088 3379 ’

205 3531 237 3600 1)
255 3530 287 3584 ln
307 3529 359 3582 edd
390 3530 460 3584 1538
480 3534 506 3581 et
537 3529 621 3583 1558:
650 3531 743 3577 votum
776 3541 881 3578 eorum.
920 3526 952 3591 2)
973 3524 1056 3579 Ibidz

131 3606 204 3658 licet
252 3602 284 3671 3)
313 3601 345 3656 ln
377 3599 446 3657 1538
473 3600 590 3668 legitur:
634 3596 726 3662 Quare
752 3600 875 3667 sequitur
905 3606 931 3651 et
960 3614 1059 3666 coage-

133 3678 210 3729 nium
230 3682 281 3727 ete.
310 3681 338 3726 et
355 3675 383 3726 iu
403 3673 444 3726 ed.
465 3673 547 3726 tnta:
575 3671 667 3737 Quare
689 3673 813 3738 sequitur
839 3677 866 3722 et
885 3671 1054 3740 coniugium.

133 3747 167 3814 4)
209 3747 242 3800 ln
260 3745 303 3801 ed.
335 3746 405 3814 orig.
440 3745 505 3799 1521
539 3741 705 3817 etinedd.
726 3742 796 3801 1538
814 3747 842 3797 et
862 3741 944 3798 1558:
970 3743 1059 3812 pueri·

133 3821 191 3875 tiae
208 3817 382 3874 formandae.
