2346 4208
92 198 103 213 ·
184 241 206 306 4
413 243 567 329 Disputatio
586 247 614 298 et
630 243 783 297 Excusatio
801 243 874 298 Eccil

184 430 289 493 teshic
298 430 455 493 reddimus
466 433 558 493 istum
566 431 652 494 Eccii
663 431 992 513 libellum,positiones
1004 438 1107 492 autern

184 516 268 596 ipsas
290 516 456 596 repetimus
479 537 520 577 ex
542 507 665 596 libello,
698 517 749 596 qui
771 535 830 576 nec
857 516 928 577 loco
951 534 1009 575 nec
1023 534 1105 575 anno

183 597 320 660 indicato
343 606 416 660 tunc
433 602 580 680 temporis
602 602 634 660 in
651 600 761 680 vulgus
783 600 882 671 editus
906 607 954 659 est
974 597 1030 658 sub
1044 597 1107 658 hoc

184 682 288 742 titulo:
324 683 500 761 „Contenta
530 685 562 744 in
591 684 651 743 hoc
680 682 803 744 libello:
835 683 956 743 Erasmi
976 683 1106 742 Rotero·

186 765 268 825 darni
291 765 433 845 Epistola
468 764 508 826 ad
530 766 768 828 illustrissimum
791 766 963 846 Principem
987 782 1025 824 ac
1047 764 1106 822 Du-

185 868 253 908 cem
275 849 431 910 Saxoniae
453 856 512 910 etc.
539 849 737 910 Fridericum.
780 850 954 911 Positiones
975 848 1106 908 loannis

88 1010 91 1015 .
184 932 273 991 Eckii
295 933 510 1006 scholasticae.
534 933 708 993 Positiones
720 933 843 993 Martini
863 932 997 992 Lutherii
1020 931 1105 991 theo-

185 1015 315 1095 logicae.
359 1016 583 1076 Conclusiones
616 1014 760 1077 Andreae
783 1015 989 1079 Garolostadii
1019 1014 1105 1074 theo-

184 1098 317 1178 logicae.
360 1098 410 1158 Ad
431 1099 590 1159 lectorem.
633 1099 737 1160 Habes
757 1099 823 1178 hic,
846 1098 958 1159 Lector
979 1098 1105 1178 optime,

184 1180 224 1240 ad
256 1181 408 1243 illustriss.
436 1182 593 1243 Saxoniae
620 1182 747 1260 ducem,
778 1183 868 1243 Rom.
897 1184 969 1262 imp.
992 1180 1105 1258 electo-

183 1284 259 1341 rem,
281 1264 469 1325 Friderieum
490 1265 759 1346 prudentissimum
783 1266 963 1345 principem,
985 1263 1106 1324 Erasini

185 1347 388 1408 Roterodami
407 1336 638 1428 prudentissimi
661 1350 818 1428 scriptoris
841 1349 1021 1427 epistolam,
1045 1365 1106 1425 qua

184 1432 230 1490 vir
251 1431 304 1491 ille
326 1434 400 1492 vere
422 1432 587 1512 theologus
600 1432 821 1512 benignissimo
841 1432 1010 1492 studiorum
1024 1431 1106 1490 Mae-

185 1514 287 1575 cenati
319 1516 449 1595 primum
484 1516 601 1575 litteras
631 1515 776 1576 meliores
800 1534 966 1594 earumque
987 1513 1125 1594 protea.

184 1616 270 1680 sores
300 1596 511 1676 commendat,
543 1597 655 1659 deinde
682 1599 805 1658 Martini
825 1597 959 1658 Lutherii
981 1615 1105 1657 causam

183 1683 290 1760 paucis
313 1682 469 1760 attingens
495 1683 526 1741 in
554 1702 588 1742 re
610 1682 791 1762 scrupulosa
821 1682 866 1741 sic
887 1687 1042 1758 versatur,
1072 1686 1107 1739 ut

184 1783 242 1823 nec
265 1766 468 1825 temeritatem
495 1766 542 1825 in‘
550 1765 802 1846 pronunciando,
835 1785 894 1825 nec
914 1764 1105 1845 praevarica-

184 1848 301 1908 tionem
320 1848 351 1907 in
363 1849 598 1927 ,patrocinando
610 1849 792 1909 calumniari
809 1848 920 1926 possis,
943 1864 1004 1925 qua
1018 1853 1105 1926 part-e

185 1930 343 1999 miraberis
356 1931 506 1991 Erasmici
526 1932 588 1990 stili
609 1931 790 2011 popularem
805 1929 986 1990 libertatem.
1008 1929 1104 1989 Porro

184 2013 369 2075 Lutheriana
390 2033 485 2074 causa
508 2032 652 2092 quorsum
676 2015 716 2074 sit
735 2032 874 2089 evasura,
897 2013 1000 2074 forsan
1022 2019 1126 2093 pate·

183 2095 229 2157 bit
251 2118 290 2157 ex
312 2103 425 2157 eventu
447 2096 655 2157 scholasticae
677 2094 903 2177 disputationis,
925 2115 1015 2174 quarn
1038 2095 1106 2175 lip-

184 2183 249 2240 siae
278 2181 426 2240 vicesima
458 2181 589 2259 septima
622 2181 735 2240 mensis
764 2180 848 2240 ‚Iunii
878 2178 928 2239 die
955 2179 1105 2241 forciam

183 2264 297 2324 dudum
326 2265 405 2324 inter
432 2273 535 2343 partes
569 2265 724 2324 convenit.
768 2261 913 2342 Quisquis
942 2282 1016 2343 ergo
1044 2263 1104 2322 rari

183 2346 525 2427 conflictusspectator
546 2365 615 2406 esse
637 2348 738 2426 cupis,
768 2346 817 2406 lac
839 2347 953 2426 hospes
976 2349 1006 2406 iu
1029 2352 1103 2406 tern-

182 2449 259 2510 pore
284 2431 376 2491 adsis.
420 2431 506 2490 Bene
536 2429 639 2490 vale.“
683 2430 760 2491 Cum
794 2436 879 2490 textu
912 2430 1104 2529 huiusflibri

183 2513 367 2574 contulimus
403 2514 496 2573 etiam
526 2519 643 2572 textum
666 2512 772 2573 harum
796 2513 944 2592 thesium,
983 2512 1034 2591 qui
1057 2520 1105 2572 est

183 2598 215 2656 in
236 2596 335 2675 libro,
372 2594 422 2674 qui
459 2597 645 2664 ann01519
679 2595 735 2656 sub
767 2596 828 2655 hoc
857 2597 945 2656 titulo
974 2595 1103 2675 prodiit:

183 2680 359 2759 Disputatio
383 2679 600 2740 excellentium
622 2679 659 2738 D.
677 2679 838 2739 doctorum
850 2680 1001 2740 Johaunis
1019 2678 1104 2739 nteit

183 2770 215 2823 et
236 2763 381 2823 Andreae
403 2762 609 2823 Carolostadii
631 2762 753 2842 Lipsiae
783 2769 872 2845 etc,
893 2769 925 2823 et
951 2762 1103 2824 editiones

182 2846 511 2926 Propositionum
535 2845 691 2931 Lutheri
713 2865 741 2906 a.
767 2847 847 2910 1538
869 2854 901 2906 et
925 2847 1014 2911 1558.

182 3012 411 3092 Disputatio
443 3019 482 3072 et
503 3010 718 3072 Excusatio
751 3013 787 3074 D.
809 3013 893 3076 Joh.
915 3013 1023 3073 Eccii
1045 3012 1103 3072 ad·

183 3115 325 3156 versus
358 3094 667 3156 Criminationes
699 3096 731 3155 F.
764 3096 928 3157 Martini
962 3096 1103 3175 Lutter,

418 3176 570 3239 ordinis
604 3177 873 3242 Eremitarum.

264 3345 348 3405 Deo'
366 3344 592 3404 amandissimis
624 3346 769 3425 praelatis
800 3346 935 3406 Domino
966 3345 1103 3425 Caepari,

183 3427 296 3489 Abbati
327 3428 420 3488 fontis
444 3428 628 3506 suessonis,
664 3438 695 3490 et
722 3429 855 3490 Domino
877 3429 1012 3490 lohanni
1037 3429 1104 3488 Pol-

182 3512 267 3592 lingi,
286 3513 475 3591 praeposito,
498 3514 636 3591 patronis
649 3515 711 3574 suis
728 3510 1024 3590 observandissimis,
1047 3512 1103 3572 Ec

183 3596 248 3654 ciue
270 3595 300 3654 in
323 3595 458 3656 Domino
479 3595 554 3655 Jesu
575 3594 656 3656 bene
678 3615 781 3676 agere.

265 3677 341 3738 Cum
364 3678 437 3738 mihi
459 3697 542 3738 nova
563 3676 704 3739 doctrina
726 3677 900 3740 Reverendi
925 3678 1021 3739 Patris
1044 3679 1103 3739 mei

180 3759 304 3822 Luthcri
325 3762 542 3843 Augustiniani
572 3763 640 3823 visa
667 3762 776 3823 fuisset
811 3764 842 3823 in
869 3762 972 3824 multis
1005 3780 1025 3822 a
1053 3781 1103 3823 ve·
