2346 4208
120 275 186 351 273
411 271 708 333 ‚seminemus

207 468 266 543 41)
292 463 649 527 Ρηώαὲίκωῡὶωὶαειίοὶ
670 468 702 525 st
714 463 875 545 Priuoipes
896 464 1043 525 saculares

123 569 186 615 non
220 549 459 627 ministrarent,
494 549 521 609 si
556 566 665 608 omues
696 564 809 608 saooos
846 547 1044 609 mendicitatis

125 631 291 702 delerantl
315 678 321 695 .
873 692 876 697 .

155 716 193 798 l)
214 631 363 797 Ipse)tu0
388 714 498 775 metuis
508 757 524 792 ,<
549 713 663 793 alioqui
692 732 762 774 oum
778 713 921 777 ‘luthero
941 732 979 775 so
998 733 1045 776 no·

152 801 285 863 ,bisoum
299 799 429 861 somnes
443 803 475 860 et
491 798 575 877 ipsa·
591 815 692 877 nequo
704 815 841 877 unquam
858 797 1046 859 dissonamus

158 903 224 960 :esp
250 884 277 943 ai
300 882 367 962 quis
389 880 429 941 ad
450 880 679 942 ooutassionem
701 879 807 962 adigat
826 883 1044 944 oonsoientiam

167 973 260 1029 tuam.
282 965 329 1027 lta
342 965 394 1044 qui
415 963 582 1025 seeundum
599 982 723 1024 sarnam
744 969 829 1041 suna
848 982 933 1044 quae
954 965 1046 1026 samis

168 1056 255 1126 sunt,
276 1049 410 1129 sapiunt,
432 1047 483 1126 qui
506 1065 580 1108 vero
603 1046 772 1107 seeundum
793 1048 953 1131 spiritum,
975 1062 1047 1130 quae

168 1139 240 1195 sunt
258 1132 392 1213 spiritus,
415 1131 561 1191 sentiunt
583 1129 628 1191 'l'e
641 1137 744 1192 autam
756 1130 835 1210 quid*
849 1133 939 1194 iuvat
959 1132 1047 1193 multa

168 1216 360 1295 conquirere,
380 1213 591 1274 utLutherum
612 1213 750 1292 damnas,
773 1210 844 1275 oum
864 1211 949 1277 lroo'
1010 1216 1048 1275 oia

169 1298 328 1380 potueris?
348 1296 479 1377 Nempe,
495 1297 529 1357 si
543 1297 677 1359 breviter
698 1303 730 1358 et
743 1317 805 1359 uno
817 1297 918 1361 verbo
961 1300 1048 1360 ixeris

173 1379 273 1462 (quod
296 1381 335 1442 ab
357 1380 411 1441 illo
431 1380 697 1473 graviter-aoeidit
716 1380 804 1460 tibi),·
826 1383 900 1462 quia
922 1383 1050 1465 tyranni

170 1466 239 1527 dam
263 1471 345 1528 tuam
365 1463 569 1547 oppugnavit,
590 1463 633 1524 ob
646 1463 740 1543 idque
762 1480 832 1526 osae
854 1465 1049 1543 haerdtioum

170 1555 202 1613 et
223 1549 249 1609 si
266 1547 339 1627 quid
351 1546 508 1609 haaretioo
530 1548 617 1628 peius
629 1545 730 1608 sdhuo
751 1555 807 1610 est.
830 1548 912 1610 llum
924 1549 1049 1611 oliorum

170 1630 315 1715 quioquid
337 1635 400 1708 est,
420 1630 512 1690 tasilo
533 1631 564 1690 iu
588 1629 643 1692 illo
664 1631 759 1692 ferros
770 1629 814 1713 ¹).
837 1677 839 1681 a
863 1664 884 1679 2

195 1715 255 1779 nult
276 1732 352 1776 raro
374 1720 498 1793 oportet
518 1724 551 1774 to
571 1713 768 1776 oonsiderare
788 1716 933 1791 interim,
964 1716 1051 1777 trater

135 1843 139 1849 -
170 1800 252 1875 loo,
274 1817 314 1858 ox
338 1795 484 1858 officione
507 1797 634 1876 sit-tuo,
650 1798 833 1878 opprimere
853 1798 1051 1860 defraudare

171 1885 204 1944 in
219 1879 493 1962 negotiofrntrem
517 1885 613 1958 mum,
634 1882 897 1961 proptoraaqnod
915 1880 1052 1944 ultorest

172 1966 326 2028 Dominus
349 1962 388 2024 da
402 1963 440 2023 iis
458 1963 610 2031 omnibus.
633 1963 736 2046 ipsum
751 1965 873 2046 quidem
890 1965 1051 2029 humanu

173 2050 286 2110 seimus
308 2065 372 2108 non
394 2065 551 2107 sessurum
573 2045 647 2125 tibi,
675 2049 748 2127 quia
774 2049 921 2111 deaeoere
948 2050 1049 2112 verita

173 2140 245 2211 tem,
270 2149 361 2210 quam
379 2129 481 2190 samel
502 2131 757 2211 propugnandam
780 2135 929 2214 susaapit,
955 2139 1051 2194 tantus

174 2216 293 2277 animus
316 2233 378 2274 non
402 2219 513 2293 potest.
558 2213 621 2274 Tu.
641 2214 764 2294 quidam
795 2224 971 2278 metuont·
986 2218 1051 2278 resi·

175 2306 248 2359 stas.
293 2296 373 2371 Quid
396 2315 506 2375 posses
530 2298 610 2357 enim
634 2306 742 2359 eontra
763 2301 950 2361 veritatemi
974 2318 1051 2384 praa·

131 2456 136 2467 s
173 2382 277 2442 sertim
317 2398 386 2439 oum
418 2398 511 2439 eausa
545 2387 596 2441 tuo
618 2387 684 2441 tota
705 2383 747 2442 sit·
766 2402 805 2442 ex
828 2383 1003 2464 oupiditnte
1028 2389 1051 2443 et

171 2464 350 2526 ambitione.
396 2463 438 2522 At
466 2462 554 2522 radix
584 2466 720 2525 omnium
747 2466 906 2529 malorum
929 2467 1051 2542 (Paulus

159 2549 288 2627 inquit)
320 2551 367 2606 est
395 2545 545 2625 cupiditas
561 2543 614 2621 ²),
649 2559 739 2628 qnam
763 2548 888 2629 quidam
913 2558 1050 2633 appaten-

172 2639 218 2692 tes
241 2629 502 2709 naufragaverunt
531 2629 646 2710 olida,
679 2637 711 2692 et
731 2633 929 2695 inseruerunt
954 2648 988 2696 se
1008 2633 1049 2694 do-

172 2714 286 2776 loribus
311 2712 421 2773 multis.

213 2797 352 2859 Gloriam
382 2815 455 2869 vero
478 2794 584 2856 mundi
605 2796 712 2879 fugere
738 2803 771 2858 ot
792 2818 921 2860 omnem
946 2809 1049 2880 poster·

171 2900 245 2962 gare
267 2878 483 2954 ambitionem
511 2880 642 2959 primum
666 2880 802 2942 Christus
825 2882 936 2944 docuit
964 2891 997 2944 te
1014 2880 1049 2943 sui

171 2963 334 3043 exemplo,
357 2962 409 3041 qui
430 2981 560 3042 regnum
583 2971 742 3025 aversatus
765 2973 827 3043 est,
847 2972 881 3026 et
904 2967 1047 3049 seipsum

142 3074 157 3091 ⁴-
170 3044 352 3122 inanivit3),
375 3045 503 3105 formam
526 3047 607 3106 servi
629 3047 794 3129 accipiens.
829 3044 957 3111 Deinde
979 3051 1047 3132 Apo·

173 3130 243 3189 stoli
267 3128 393 3208 passim.
438 3128 543 3190 Nolite
566 3128 694 3211 diligere
717 3130 881 3211 mundum,
904 3132 1047 3195 Iohannes

172 3213 281 3290 inquit,
304 3228 404 3288 neque
426 3230 480 3288 ea,
503 3215 635 3292 quaein
659 3213 774 3274 mundo
797 3222 879 3278 sunt.
923 3214 967 3277 Et
988 3215 1047 3276 Pau-

173 3296 220 3354 lus
242 3293 456 3373 Philippenses
489 3294 632 3357 erudiens
655 3297 716 3358 ait:
754 3297 801 3358 Ne
832 3298 909 3377 quid
932 3298 988 3361 flat
1006 3315 1048 3379 per

173 3377 424 3455 eontentionam,
447 3384 500 3439 aut
520 3397 577 3459 par
597 3381 721 3441 inanem
743 3381 896 3463 gloriam,
930 3381 986 3444 aad
1006 3396 1048 3462 ptr

172 3461 374 3521 humilitatem
397 3460 491 3521 animi
512 3461 658 3540 ‘alium⁴)
682 3465 812 3545 quisque
845 3483 881 3527 se
903 3471 1047 3547 praestan·

172 3545 282 3604 tiorem
304 3543 467 3604 existimet.
801 3569 803 3573 ·
948 3572 962 3585 ··

205 3732 236 3799 1)
258 3734 287 3785 ln
308 3734 373 3792 edit.
392 3737 518 3792 idimon:
541 3739 620 3793 fares.
658 3736 691 3802 2)
711 3735 743 3790 In
763 3736 805 3789 ed.
826 3737 901 3794 lenm
938 3737 1043 3794 avortit

131 3806 164 3871 3)
184 3805 304 3862 Itidem:
325 3809 506 3864 exinanivit·
526 3809 560 3880 4)
581 3810 612 3864 ln
631 3806 802 3865 saldimia
822 3807 921 3867 deestt
944 3811 1028 3866 addit
