2346 4208
265 298 268 307 Ι
362 203 484 280 Epistola
503 213 597 266 lohen.
618 205 698 267 Eroti.
789 206 793 212 ’
926 198 989 275 25Ἷ

64 396 214 459 Stetimus
237 415 351 478 nuper,
373 396 477 477 Papa,
499 395 560 458 duo
584 395 780 476 cardinales,
802 396 920 458 Doctor
941 398 992 459 lli-
1025 404 1027 409 '
1127 368 1130 377 Ι

63 499 197 562 spanus,
197 488 252 541 et
272 499 348 562 ego,
372 499 427 560 per
448 480 583 559 quinque
604 479 726 540 horas
718 499 749 539 rn
766 443 989 543 deliberatione

61 561 152 623 huius
174 582 309 644 nego,
258 564 292 624 tii
341 562 451 643 singuli
474 562 660 643 rogabamnr
680 569 802 624 nostras
824 561 898 624 dare
921 581 988 624 sen-

62 643 230 742 tentiask).
274 645 382 707 Bullae
396 643 528 720 formal)
551 644 685 724 placebit
713 645 803 705 bonis
813 644 870 728 ¹11)
894 649 989 708 mixta

61 730 145 789 enirn
168 737 276 790 estex
298 734 436 790 veterum
460 727 667 789 conciliorum
690 746 728 788 ac
748 727 931 789 Pontificum
956 738 988 791 et

61 809 256 892 novorumn)
280 811 518 890 consuetudine,
540 829 660 872 errores
682 818 753 872 sunt
740 812 811 874 tlt
838 832 988 893 expresse

59 893 319 975 condemnatio)

147 994 193 1055 De
214 993 406 1076 parochiaP)
433 1013 518 1072 mea,
553 995 612 1054 nisi
634 995 744 1054 summi
767 993 954 1056 Pontificio
945 1014 989 1056 ιιι-

60 1079 214 1139 terveniat
236 1079 395 1155 autoritas,
416 1078 482 1137 iure
503 1076 580 1137 nrhrl
592 1075 775 1156 obtinerem,
797 1085 830 1137 nt
852 1097 871 1137 a
891 1079 989 1140 lauto·

60 1160 145 1249 rihus
169 1162 244 1222 meis
267 1161 382 1221 intimis
404 1159 505 1222 audio.
549 1159 665 1220 Tamen
690 1179 825 1221 summus
845 1160 989 1222 Pontifex

58 1261 120 1325 pro
141 1261 177 1305 se
199 1250 230 1304 et
250 1243 290 1303 ad
312 1260 419 1324 preces
437 1243 568 1322 plurium
581 1242 906 1304 reverendissimorum
919 1245 989 1307 (iar-

57 1325 209 1387 dinalium
239 1325 396 1407 pollicitus
430 1332 522 1402 esta)
552 1344 609 1406 per
635 1345 721 1386 suum
749 1333 911 1407 pectusr),
939 1347 989 1389 me

59 1427 128 1490 non
151 1409 313 1489 abiturum,
337 1409 408 1488 quin
422 1409 479 1468 sim
497 1407 573 1471 liber
594 1415 626 1470 et
638 1427 763 1469 securus
778 1409 810 1468 in
854 1412 989 1472 arochia.

58 1491 142 1568 Quin
166 1491 291 1571 adiecit,
313 1491 374 1552 hoc
395 1510 502 1571 parurn
525 1510 603 1571 esse,
626 1492 684 1552 nisi
707 1499 738 1552 et
758 1493 789 1551 in
812 1431 988 1572 piurituss]

59 1595 114 1636 me
137 1580 355 1636 remuneraret.

145 1674 218 1736 Heri
238 1675 282 1735 fui
305 1694 373 1735 cnm
390 1676 531 1735 sanctiss.
556 1674 689 1735 Domino
712 1677 850 1735 nostro
842 1695 872 1735 ιιι
895 1695 990 1757 nego·

63 1759 110 1818 tio
132 1756 324 1838 Lutherano,
358 1758 473 1817 taciens
495 1758 676 1818 relationem
699 1757 738 1818 de
761 1757 912 1837 expeditis
935 1778 990 1840 per

62 1839 245 1902 Cardinales
267 1840 445 1921 deputatos,
468 1838 575 1922 crasi)
598 1841 707 1901 iterum
729 1840 864 1902 aditurus
887 1841 989 1904 Ponti·

61 1922 165 2002 ficem,
186 1923 401 2003 inquirendum
424 1922 463 1984 de
485 1922 536 1983 die
558 1922 741 1986 Consistorii
762 1931 821 1987 etc.

148 2022 195 2083 De
211 2023 312 2084 Roma
319 2029 355 2099 ¹1)
380 2024 476 2085 multo
489 2022 718 2104 peioraaudivi,
741 2042 831 2104 qnam
848 2025 988 2086 sentiam.

62 2106 134 2166 Hoc
154 2105 188 2166 iit
208 2106 259 2166 hic
280 2125 318 2168 eo
330 2107 488 2187 insignius,
511 2108 536 2167 si
551 2107 623 2186 quid
636 2107 707 2168 mali
729 2106 883 2186 acciderit,
906 2107 989 2187 quod

65 2189 120 2250 hic
141 2195 189 2250 est
211 2189 402 2268 colluviesx)
428 2190 510 2252 orbis
533 2191 706 2270 Christiani,
729 2197 760 2251 et
781 2191 863 2271 quod
885 2192 916 2251 in
939 2211 989 2252 au-

63 2273 150 2344 list)
175 2272 347 2353 Principum
371 2274 474 2333 evenit
494 2272 575 2352 apud
608 2279 775 2354 nostrates,
807 2274 888 2335 hunc
908 2294 989 2335 com-

64 2374 190 2416 munem
214 2356 353 2417 morbum
375 2355 469 2418 habet
491 2363 523 2416 et
544 2357 635 2417 Curia
657 2358 724 2418 ista.
769 2357 928 2433 Ceterum,
950 2377 990 2419 ne

64 2457 272 2520 praepropere
294 2438 415 2500 laudem
438 2438 583 2517 Romam,
618 2438 726 2499 differo
747 2441 808 2501 alia
830 2443 860 2500 in
884 2441 990 2503 abitio·

63 2540 155 2599 nem,
191 2529 279 2602 turpe
301 2524 381 2582 enim
413 2529 460 2582 est
494 2541 530 2582 ea
565 2524 755 2602 vituperare,
794 2543 872 2603 quae
906 2526 989 2604 prius

63 2604 287 2684 laudaverint).

152 2704 309 2766 Urbanum
340 2712 477 2766 nostrum
511 2705 590 2765 haec
620 2703 724 2786 legere
760 2704 912 2767 desidero.
958 2704 990 2766 si

64 2786 139 2868 quid
161 2806 286 2868 possem
308 2790 340 2848 in
357 2807 420 2849 rem
444 2795 536 2866 tuam,
560 2807 659 2848 essem
683 2795 815 2868 paratus.
858 2787 989 2848 Tantum

64 2870 220 2952 intelligo,
243 2873 267 2930 si
290 2870 400 2932 vellem
424 2871 705 2933 habereservatum
729 2870 767 2932 ad
785 2871 990 2932 bonamsum·

103 3098 138 3166 k)
169 3100 285 3152 Schema
310 3095 408 3148 abusio
438 3095 504 3149 dare
532 3101 689 3153 sententias.
726 3100 752 3160 l)
783 3097 877 3150 Bullaa
894 3099 990 3149 forma.

65 3169 140 3223 Nihil
160 3173 233 3224 enim
252 3170 473 3234 nisitormaest,
491 3169 519 3220 id
539 3178 587 3239 est,
606 3171 853 3238 sucusetspecies
874 3171 918 3234 m)
942 3167 991 3221 Βο-

69 3246 127 3306 nis,
159 3241 187 3294 id
209 3249 265 3308 est,
285 3238 381 3294 Bullae
403 3245 493 3294 torma
516 3245 652 3296 formatis
689 3245 721 3305 n)
744 3243 827 3295 Recte
845 3254 991 3293 novorum.

67 3315 101 3380 ο)
120 3313 173 3366 Sed
193 3329 210 3365 a
228 3314 347 3382 quibus?
384 3311 503 3380 p)Ecce
523 3313 709 3368 Christianam
729 3319 859 3378 mentem,
878 3311 991 3364 cnrlto·

68 3401 143 3437 mam
174 3388 279 3439 venerit
310 3385 416 3438 Eccius.
454 3384 487 3451 q)
515 3387 634 3440 Pretium
661 3384 758 3438 tudae.
794 3384 823 3452 r)
848 3381 992 3438 Sanctissi-

69 3472 146 3508 mum
173 3457 249 3509 illud
288 3459 317 3521 s)
338 3455 389 3508 Hic
408 3471 474 3508 vero
504 3464 608 3525 quanto
633 3457 776 3510 liberalior
793 3457 847 3510 Leo
867 3453 992 3522 Caipha‘l

10 3576 13 3583 .
69 3525 167 3593 t)llic
200 3535 280 3582 autor
305 3525 483 3581 commendat
512 3545 542 3581 se
567 3532 668 3598 ipsum.
706 3531 739 3593 u)
759 3529 831 3581 Nota
850 3525 993 3596 gratitudi-

10 3598 12 3605 '
69 3615 133 3651 nem
149 3600 297 3652 Ecoinnam
322 3615 372 3668 pro
398 3604 454 3652 tarn
479 3603 574 3670 pingui
598 3601 736 3669 parochia.
773 3602 808 3668 x)
829 3599 916 3663 Nota,
939 3597 992 3651 lto·

10 3666 14 3707 ·'
70 3686 133 3724 mae
152 3671 285 3724 colluvies
305 3678 348 3725 eat
365 3672 441 3724 orbis
454 3671 563 3726 Christi.
583 3680 616 3740 y)
638 3671 844 3742 Argumentum
863 3687 880 3723 a
899 3669 992 3723 simili.

70 3750 98 3807 a)
118 3742 148 3794 ld
167 3743 242 3812 quod
260 3759 317 3797 non
337 3742 408 3796 solet
426 3743 533 3812 Eccius,
553 3746 606 3798 nisi
626 3760 688 3799 cum
706 3745 781 3797 libet.
880 3796 882 3801 .

95 3847 189 3889 Luthert
204 3859 255 3899 opp.
272 3851 298 3894 V
315 3849 342 3891 Α.
357 3849 385 3890 ιο
399 3849 440 3892 ret
454 3849 534 3890 naar.
547 3861 570 3901 p.
584 3849 635 3893 Vol.
648 3849 686 3892 1v
779 3830 821 3896 17
