2346 4208
323 522 391 619 Ad
421 524 733 644 Aegocerotom
782 524 785 529 ’
865 622 869 629 .

185 712 390 779 Emscramm
410 710 544 778 Martini
564 709 700 777 liutheri
720 707 857 782 additio.

174 979 209 1041 ln
230 980 460 1060 Aegocerotom
482 978 686 1039 Emscreuum
713 976 754 1039 Μ.
775 977 808 1039 L.
822 976 858 1057 ⁸)

101 1131 342 1199 Martinus
375 1131 613 1193 liutherus
644 1130 933 1211 Hieronymo

399 1213 647 1277 Emserofl.

144 1364 185 1426 Et
206 1372 247 1445 tc,
268 1367 310 1426 mi
321 1365 440 1446 Emscr,
463 1368 539 1449 quis·
553 1386 688 1447 unquam
710 1364 892 1428 credidisset
912 1382 982 1428 esse

57 1456 125 1511 tam
147 1446 270 1510 doctum
293 1454 325 1510 ct
346 1457 469 1511 acutum
490 1450 687 1531 theologum,
720 1456 751 1510 et
800 1446 862 1510 uod
889 1468 981 1511 nemo

57 1551 125 1595 non
147 1533 288 1612 miratur,
310 1540 370 1593 tam
394 1533 565 1614 simplicem
587 1539 618 1594 ct
639 1531 763 1593 fldelcm
779 1467 908 1593 dumeti
929 1551 981 1613 pa·

57 1623 199 1695 nouum,
221 1616 307 1677 ouius
330 1636 443 1677 nomeu
466 1635 525 1678 uec
545 1622 688 1698 rogatus,
711 1634 769 1677 neo
792 1622 983 1695 opportunus

58 1707 124 1761 tam
156 1704 280 1761 stremm
310 1705 341 1761 et
368 1701 493 1781 egregie
514 1701 626 1761 asseris
658 1699 697 1761 ab
722 1698 860 1760 haeresis
882 1696 982 1761 Bohc»

59 1783 162 1843 micae
183 1782 331 1843 iufamia?
364 1782 454 1844 Nova
476 1783 639 1864 miracula,
668 1783 720 1862 qui
748 1782 786 1843 eb
807 1780 903 1843 Ecoio
926 1779 981 1843 de-

57 1864 174 1928 lirabar
204 1884 273 1926 esse
303 1864 478 1942 Echemus,
510 1864 549 1929 ab
571 1864 744 1944 Emsero¹)
785 1863 858 1925 mihi
886 1863 982 1925 infeu-

58 1950 142 2011 siore
175 1967 265 2028 quam
300 1948 389 2009 multi
422 1948 508 2011 Eccii
536 1948 692 2012 Bohcmus
728 1967 798 2009 esse
831 1946 981 2029 abnegor.

60 2030 137 2108 Quis
161 2031 243 2093 hunc
264 2033 341 2093 verti
363 2033 422 2093 inis
446 2032 604 2112 spiritum?
626 2034 693 2113 quis
715 2032 795 2093 haec
816 2031 982 2093 dissensio·

58 2117 107 2176 nis
131 2113 231 2176 studia
251 2052 475 2176 interdianum
499 2124 530 2177 et
547 2116 718 2177 Emscrium
741 2112 884 2175 miscuit?
907 2112 981 2189 Quis

58 2199 142 2260 hauc
164 2198 295 2260 Emscro
320 2199 351 2259 in
373 2199 538 2260 Lutherum
560 2201 689 2282 gratiam
712 2206 903 2261 commentus
925 2206 981 2274 est,

205 2466 280 2519 Pacis
300 2475 340 2520 cst
358 2473 455 2520 auctor
475 2469 651 2535 monitorque
670 2466 810 2521 Christus:

205 2538 258 2589 Cur
277 2539 389 2592 scholae
409 2545 514 2608 pugnat
533 2539 648 2592 schola?
666 2554 714 2591 cur
735 2546 856 2593 vetustas

200 2608 318 2662 'Pellitur
338 2613 402 2663 totis
422 2611 493 2664 adeo
512 2611 640 2676 theatris,

248 2682 296 2735 Bis
317 2682 491 2736 veneranda?

204 2770 324 2824 calculis
344 2771 466 2825 nondum
487 2776 589 2824 fetuum
610 2772 727 2840 receptis

127 2884 133 2893 ,
202 2843 310 2896 dudicnt
329 2843 444 2912 vulgus:
465 2847 575 2913 sapiens
595 2851 734 2909 moratur,

204 2915 237 2966 Et
256 2931 337 2966 auum
357 2930 444 2983 pense
463 2916 510 2968 dat
527 2918 651 2984 utrisque
671 2930 755 2968 causa

246 2987 353 3041 Censor
372 2988 515 3041 honorem.

203 3079 241 3130 lte
261 3077 373 3141 livores,
393 3077 487 3145 procul
508 3077 572 3129 hinc
591 3080 707 3130 facessat

202 3150 298 3218 Pugna
317 3149 436 3212 larvalis,
456 3156 622 3217 careantque
641 3149 722 3201 dente

204 3221 319 3289 Scripta,
339 3224 488 3273 fraternum
508 3223 585 3274 furor
605 3222 649 3274 hic
668 3222 770 3289 usique

260 3292 366 3346 Scindit
383 3309 517 3346 amorem.

115 3384 146 3446 ‘t
168 3383 238 3436 Ante
257 3382 405 3435 exordium
423 3383 551 3453 leguntur
570 3383 599 3434 in
619 3381 661 3434 ed.
680 3379 741 3435 Jen.
763 3392 892 3435 versum·

204 3454 255 3508 Hie
268 3457 338 3507 iacet
350 3455 520 3523 Aegoceros,
538 3455 597 3507 sine
608 3454 700 3511 foeno,
722 3455 862 3516 cornibus,
881 3467 984 3519 ungue,

253 3526 335 3591 Osse,
355 3526 426 3596 pilo,
446 3527 552 3591 nervis,
571 3527 715 3594 sanguine,
736 3540 827 3588 carne,
847 3529 914 3576 cute.

131 3600 158 3665 1)
181 3598 211 3650 In
231 3600 273 3651 cd.
299 3601 368 3666 orig.
401 3601 503 3666 ubique
529 3599 659 3665 scriptum
689 3596 801 3663 legitur:
839 3596 981 3647 Emseriua

57 3677 122 3737 εἴας
160 3676 185 3721 et
213 3672 240 3721 in
275 3669 317 3722 cd.
350 3669 408 3721 ren.
440 3685 491 3738 pro
516 3668 634 3722 Martino
668 3675 717 3722 etc.
752 3668 855 3735 ubique
885 3666 997 3718 Latho-

56 3757 106 3794 rus
125 3748 176 3793 etc.
