2346 4208
243 262 279 318 ed
298 260 570 341 Condemnationem
590 261 782 331 doctrinalem.
875 283 885 295 ·
924 257 986 336 187

56 454 136 529 pant
159 447 233 526 (sed
256 450 312 511 sub
334 449 635 515 nomineecclesiao
656 455 798 527 sanctae,
821 467 903 509 nunc
923 447 987 515 Roe

58 551 181 612 manae,
195 552 276 594 nunc
289 530 473 612 catholicae,
496 552 578 594 nunc
592 533 884 615 repraesentativae,
905 550 987 598 nuno

57 614 271 693 doctrinalis),
294 623 336 698 ut,
360 617 465 696 siquis
487 622 591 698 neget,
612 623 697 678 recte
718 615 758 677 ab
781 616 836 693 eis,
856 615 920 677 imo
943 614 987 675 di-

57 699 174 769 vinitus
195 697 319 780 factum,
342 719 416 761 mox
439 700 594 761 sexcentis
616 699 789 762 haereseon
811 696 989 763 nominibus.
1030 725 1032 734 ·

57 781 252 867 damnatum,
285 783 405 863 utrique
426 783 506 864 igni,
527 783 578 844 isti
610 790 641 844 et
661 781 780 862 futuro,
802 781 988 853 devoveant,

57 864 129 927 Nee
153 866 198 929 sie
221 870 325 928 tamen
355 885 485 946 usquam
508 874 673 946 apparent,
711 867 762 946 qui
797 870 924 946 surgant
956 869 988 927 et

58 955 187 1010 teneant
208 948 376 1011 Dominum
401 954 453 1024 (ut
465 947 576 1010 Esaias
598 947 659 1032 ait)
684 955 716 1011 et
737 948 786 1011 vel
808 947 988 1030 sanguineis

58 1031 194 1093 lacrimis
209 1031 290 1094 baec
301 1032 458 1095 horrenda
468 1037 614 1114 portenta
623 1035 689 1097 irae
700 1031 824 1095 divinae
835 1032 989 1112 mitigent

143 1113 231 1196 ligo,
264 1117 316 1195 qui
344 1117 376 1177 in
398 1114 527 1178 Eccium
554 1114 771 1197 Recianusque
804 1133 986 1197 paraveram

58 1199 209 1279 impetum
232 1199 354 1280 spiritus
377 1199 447 1279 mei,
468 1199 529 1262 hae
550 1199 664 1261 misera
674 1199 882 1279 damnatoque
904 1198 988 1259 dam-

59 1280 188 1343 natione
223 1282 284 1344 mei
315 1283 360 1343 sic
385 1282 502 1344 fractus
524 1288 719 1363 mutatusque
741 1303 825 1362 sum,
858 1286 892 1343 ut
913 1280 989 1343 flere

61 1363 161 1446 magis
184 1363 297 1444 libeat,
331 1384 423 1445 quum
451 1365 618 1446 quidquam
651 1366 795 1428 scribere.
836 1365 901 1426 Iam
922 1384 987 1426 non

60 1447 181 1529 glorior
202 1446 348 1510 deluere
371 1449 605 1530 persecutionis,
626 1449 777 1511 humanas
800 1448 987 1510 temeritates

58 1528 230 1593 arbitrabar
251 1550 331 1611 esse,
350 1551 429 1612 quae
451 1531 557 1593 divina
577 1534 623 1594 ira
645 1540 701 1612 est,
723 1537 755 1593 et
771 1537 856 1592 tanto
877 1531 932 1610 ira,
955 1537 990 1592 ut

61 1633 126 1683 non
149 1612 244 1677 modo
273 1615 339 1675 sius
360 1615 541 1697 magnitudo
570 1621 602 1676 et
634 1613 797 1677 multitudo
810 1628 888 1675 'non
917 1632 987 1695 cog·

64 1696 230 1779 noscatur,
262 1697 316 1760 sed
344 1705 376 1760 et
406 1717 463 1780 pro
512 1699 590 1760 ratie
618 1706 650 1761 et
677 1696 888 1761 misericordia
910 1696 990 1776 (heu

62 1780 192 1857 miseros
220 1780 309 1848 huius
340 1781 439 1843 seculi
468 1719 551 1844 filios
587 1777 707 1867 Adam)
743 1780 989 1861 pertinacissime
1071 1825 1076 1830 ,

59 1862 347 1944 violentissimeque
369 1884 425 1946 per
446 1865 610 1927 multorum
632 1872 762 1926 mortem
791 1869 823 1925 et
845 1862 988 1944 perditio·

59 1965 131 2009 nem
165 1947 296 2009 iactetur
322 1947 565 2029 celebraturque.
609 1947 635 2010 0
670 1966 789 2009 merces
816 1944 910 2027 digna
944 1949 986 2007 in-

59 2027 248 2111 gratitudine
269 2037 385 2094 nostra.

143 2111 230 2174 Haeo
251 2120 354 2176 tamen
382 2115 428 2175 sic
448 2114 595 2196 dixerim,
626 2121 772 2196 tanquam
800 2130 909 2175 revera
931 2112 988 2173 Lo·

62 2196 254 2256 vaniensium
282 2204 313 2259 et
336 2197 567 2259 Coloniensium
599 2198 817 2278 theologorum
854 2196 914 2256 ista
948 2195 988 2257 sit

61 2278 294 2361 condemnatio,
316 2287 381 2341 tum
405 2287 436 2342 et
457 2281 589 2361 epistola
612 2280 782 2343 Onrdinelis
801 2278 986 2340 Derthusem

62 2363 114 2440 sis,
136 2361 282 2443 quidquid
303 2363 334 2424 id
368 2363 501 2426 hominis
534 2371 589 2428 est.
640 2365 719 2426 Nam
758 2362 880 2425 subolet
916 2379 987 2425 meo

61 2463 142 2528 uaso
164 2445 315 2507 nonnulla
336 2447 551 2528 sycophantia,
574 2453 614 2524 et,
636 2455 670 2508 ut
691 2448 874 2527 loquuntur,
896 2445 988 2506 vehe-

62 2547 150 2589 mens
173 2530 324 2611 suspicio,
346 2529 540 2592 Gardinalem
570 2530 652 2591 hunc
679 2549 749 2591 esse
775 2535 986 2609 personatum,

62 2632 126 2672 uon
160 2611 243 2691 quod
276 2613 368 2674 velim
400 2612 551 2675 Cardineo
588 2613 671 2693 pileo
706 2612 838 2675 tribuere
869 2610 984 2690 aliquid

49 2695 198 2756 *alienum
219 2695 357 2772 homini,
377 2696 409 2757 id
432 2704 497 2774 est,
524 2698 685 2758 veritatem
707 2696 781 2773 Dei,
814 2694 869 2756 sed
902 2693 987 2772 quod

62 2778 183 2860 phrasis
205 2779 266 2839 ista
286 2780 417 2859 quodvis
439 2779 522 2840 aliud
533 2781 661 2859 resipiat
677 2798 768 2860 quam
780 2776 986 2840 cardinalem.

62 2860 203 2939 Necdum
224 2863 298 2923 satis
320 2864 396 2941 scic,
420 2882 459 2924 an
479 2862 666 2926 credendum
688 2865 736 2940 sit,
758 2880 887 2941 usquam
902 2859 987 2922 theo·

62 2945 154 3026 logos
178 2964 258 3025 esse,
281 2947 331 3027 qui
354 2946 434 3007 adeo
458 2945 626 3027 desipiant,
650 2953 684 3006 ut
704 2964 762 3006 nee
783 2944 906 3020 decori,
928 2962 987 3004 nec

62 3046 181 3108 rerum,
215 3048 275 3090 nec
308 3029 471 3091 verborum
509 3030 602 3090 ullam
645 3031 796 3090 rationem
841 3026 986 3104 habeant,

63 3110 177 3171 deinde
198 3112 288 3172 nudis
310 3111 418 3188 verbis,
442 3111 603 3191 damnent,
638 3130 839 3193 quaecuuque
866 3109 987 3171 libitum

63 3193 170 3273 luerit,
202 3197 383 3276 praesertim
420 3214 489 3257 eum
522 3197 634 3257 certior
661 3196 759 3259 factus
789 3195 847 3256 sim
879 3193 987 3269 literis,

62 3276 137 3339 inde
158 3276 198 3338 ad
220 3298 270 3339 me
293 3278 390 3358 datis,
426 3298 489 3340 non
521 3280 658 3340 omnium
686 3279 725 3341 de
751 3276 909 3340 Facultnte
929 3275 986 3337 Lo·

63 3361 186 3422 vanien.
209 3380 365 3424 consensu
386 3363 477 3424 istem
500 3361 729 3425 damnationem
753 3381 821 3422 esse
839 3365 953 3421 natam.

148 3443 225 3506 Utut
245 3445 388 3508 sehabet
409 3465 468 3525 res,
489 3446 739 3526 respondendum
756 3452 812 3525 est,
834 3463 872 3504 nc
886 3444 984 3524 primo

63 3525 178 3609 fiducia
216 3527 441 3607 pronunciandi
471 3529 624 3610 Magistris
659 3529 771 3591 uostris
806 3529 871 3588 sive
904 3525 986 3587 veris

64 3611 131 3689 sive
152 3612 326 3691 personatis
349 3611 524 3691 adimenda,
547 3612 843 3690 ostendendumque,
866 3610 986 3691 quantis

64 3713 143 3775 opus
165 3696 205 3756 sit
225 3693 436 3775 firmamentis,
458 3700 492 3757 nt
512 3694 654 3764 credatur
673 3697 730 3773 iis,
753 3695 804 3775 qui
824 3713 894 3755 raro
916 3711 986 3774 pro·

63 3777 287 3843 nunciaverunt
297 3777 389 3861 bene,
410 3778 585 3860 frequenter
600 3784 704 3843 autem
720 3797 758 3841 ac
778 3776 843 3840 fere
864 3795 987 3859 semper
