2346 4208
209 268 273 337 364
520 268 827 362 massonus

254 464 283 525 5.
304 458 373 521 lloo
395 468 459 538 est,
501 468 535 521 ut
564 460 695 521 honeste
727 458 853 534 vivant,
888 479 931 521 ne
952 458 1124 523 adversariis

213 542 405 615 oriminandi‚
427 542 639 617 maledioendi‚
662 541 874 622 opprobrandi
896 543 1072 624 praebeant
1085 564 1126 607 oo

211 646 379 690 oasronem.

253 713 284 774 6.
306 708 357 770 flio
385 709 509 770 Samuel
538 717 570 770 et
598 709 700 769 lloses
737 726 808 768 seso
850 710 1129 790 irreprehensibiles

214 812 322 854 eoram
345 793 461 873 populo
484 799 651 868 testantur,
685 789 756 850 dum
788 793 907 852 nemini
940 792 1059 856 bovem
1087 804 1131 856 sut

213 877 332 937 asinum
354 876 527 951 abstulisse,
549 883 603 936 ant
623 874 808 934 calumniam
829 875 949 936 fauisse
960 877 1130 959 gloriantur.

253 963 282 1022 7.
305 959 498 1018 Manifestum
519 967 566 1019 est
578 959 679 1040 igitur,
701 957 829 1017 Paulum
851 956 893 1019 de
907 960 1066 1022 eiusmodi
1086 963 1130 1022 ori

213 1040 344 1184 mgnibus
371 1041 472 1120 loqui,
504 1061 584 1121 quae
617 1043 679 1100 sint
705 1041 798 1100 etism
824 1040 946 1103 mundo
977 1046 1132 1126 repreben-

211 1124 238 1184 si
260 1124 322 1186 itis.

252 1206 281 1269 St
306 1205 416 1282 Qualia
438 1215 468 1266 et
489 1209 557 1287 ipse
578 1206 713 1286 exempli
735 1207 802 1266 vioe
824 1217 983 1286 numerat,
1016 1211 1131 1279 soilimt

212 1288 245 1350 si
266 1308 328 1348 non
351 1291 467 1369 praesit
486 1290 631 1366 familiae,
653 1309 716 1350 non
738 1290 870 1370 mstiget
892 1289 1033 1370 liberos,
1055 1294 1132 1355 siri

211 1372 366 1447 notentur,
388 1373 548 1454 superbus,
570 1391 691 1449 avarus,
712 1391 824 1432 saevus
845 1383 907 1433 eto
935 1374 1043 1440 tuerit

253 1458 284 1519 9.
308 1455 348 1516 Ut
369 1456 461 1534 quale
482 1458 597 1516 orimen
621 1464 684 1529 est,
712 1453 794 1516 filios
815 1474 881 1516 non
903 1460 1081 1540 maligue,
1098 1459 1131 1519 is

210 1538 309 1598 miliae
333 1558 397 1598 non
418 1559 580 1619 praeesse,
615 1538 678 1599 tale
698 1547 750 1598 aut
771 1557 845 1618 par,
879 1548 936 1599 sut
958 1543 1064 1603 maius
1091 1562 1130 1602 ne

210 1641 299 1682 oesse
320 1629 368 1682 est
389 1623 545 1702 prohiberi
566 1624 683 1682 unitate
704 1622 843 1681 uxoria·

237 1709 284 1770 to.
307 1704 399 1780 Quod
423 1725 492 1766 esse
513 1705 598 1766 aliud
619 1725 681 1765 non
704 1712 817 1784 potest,
846 1722 943 1784 qnam
966 1726 1011 1768 ne
1031 1707 1129 1768 limita

212 1787 335 1848 honesti
357 1790 492 1869 ooningii
513 1798 545 1849 et
565 1789 645 1849 thori
674 1786 861 1847 immaculati
882 1790 1127 1871 transgredistn.

237 1874 281 1933 tl.
304 1871 366 1931 Sed
387 1873 425 1931 sit
461 1891 522 1932 nna
544 1878 575 1932 et
600 1890 658 1931 sus
679 1878 842 1931 contentus
862 1890 986 1950 uxore,
1024 1893 1066 1935 ne
1088 1881 1127 1934 ast
1162 1938 1164 1949 ,

211 1955 347 2035 virgines
375 1957 478 2033 vitiet,
509 1962 563 2016 snt
588 1954 708 2015 alienas
739 1953 893 2034 permolot
922 1975 1061 2036 uxores,
1088 1964 1128 2018 ast

211 2057 280 2096 oum
304 2039 412 2116 quavis
433 2045 595 2099 soortetnr.

237 2122 282 2182 12.
303 2120 381 2180 Nam
405 2128 437 2180 nt
459 2121 616 2182 libidinem
633 2122 731 2202 possit
752 2121 784 2179 in
800 2118 869 2178 aliis
881 2139 1032 2201 arguere,
1054 2142 1127 2204 opor

214 2211 259 2262 tet
278 2205 377 2282 ipsum
401 2206 499 2283 primo
522 2203 562 2264 ab
584 2225 621 2264 ea
644 2223 751 2284 purum
773 2221 851 2262 esse.

237 2289 283 2349 13.
305 2286 345 2345 ln
366 2300 398 2345 ut
422 2288 576 2347 laudatam
605 2290 777 2347 castitatem
809 2286 975 2365 praedicet
1005 2290 1127 2364 feliciter,

212 2389 473 2515 'qsblllllbbpblrlrlilni
495 2369 834 2537 θιιιῗξέἰωρξιθὲιῇῗιιζ
857 2460 906 2512 tot
933 2455 967 2512 in
991 2457 1127 2535 episeopo

212 2536 302 2597 dotes
324 2539 473 2615 requirat,
494 2557 585 2596 unam
609 2539 782 2597 entitatem
803 2535 942 2595 voluisse
967 2541 1114 2599 omittere.

236 2625 283 2684 15.
304 2620 381 2681 ldeo
403 2640 466 2679 non
488 2626 537 2680 est
557 2619 692 2694 dubium,
713 2617 899 2698 Apostolum
923 2623 1048 2682 unitata
1068 2639 1128 2681 ue

212 2704 253 2761 ris
276 2705 448 2762 castitatem
471 2702 595 2769 docere,
618 2723 681 2762 non
703 2721 817 2763 novum
839 2707 1045 2766 ceremoniae
1066 2703 1129 2784 peri

213 2784 340 2844 oulosae
364 2786 506 2863 laqueum
529 2796 559 2846 et
582 2786 762 2846 scandalum
783 2803 902 2863 ponere
923 2787 1078 2849 voluisse.

238 2869 283 2929 16.
306 2867 384 2927 Eam
406 2870 579 2929 uastitatem
600 2889 694 2941 sane,
728 2887 808 2946 quse
834 2869 995 2930 tutissima
1026 2874 1082 2945 sit,
1108 2884 1130 2929 st

212 2947 328 3026 absque
351 2951 405 3011 illo
427 2953 574 3031 singulari
603 2953 688 3012 dono
710 2953 859 3030 praestari
880 2966 998 3030 queat,
1034 2973 1131 3033 nempe

212 3034 484 3176 ⁴miiliugtlbiirmenim
506 3118 643 3196 reliquae
668 3118 758 3177 dotes
779 3118 840 3175 sint
864 3135 980 3178 omnes
1004 3123 1133 3201 spiritu·

213 3195 272 3259 les.
296 3207 326 3257 et
348 3199 431 3259 nulla
453 3203 684 3267 ceremonialis,
713 3219 885 3259 consonum
909 3212 979 3269 est,
1003 3218 1036 3263 et
1058 3204 1134 3263 casti

211 3287 306 3339 tatem
339 3302 401 3342 non
432 3285 688 3361 ceremonialem,
721 3282 754 3343 id
786 3296 848 3347 est.
886 3289 1134 3366 monogamia·

211 3383 291 3423 esse.

236 3447 283 3509 18.
307 3446 349 3506 l't
381 3449 486 3515 Xnnius
509 3451 614 3508 uxoris
637 3451 699 3523 vir)
736 3448 818 3509 idem
852 3449 909 3525 sit,
945 3452 1040 3530 qnod
1074 3450 1136 3513 itt-t

216 3532 241 3591 1.
264 3528 336 3590 Cor.
358 3535 396 3592 i:
419 3531 638 3611 Unusquisque
659 3552 789 3593 uxorem
811 3551 900 3591 susm
922 3532 1056 3597 babeat

234 3615 281 3675 ts.
305 3612 396 3686 Quod
427 3614 490 3673 illie
523 3634 627 3693 susm,
663 3616 714 3675 bie
747 3635 841 3675 unam
873 3636 1012 3678 uxorem
1045 3634 1137 3683 root

209 3696 320 3755 volens
343 3697 476 3773 scilieet,
497 3718 538 3759 ne
560 3699 699 3759 diversas
720 3699 916 3760 antolianus
936 3720 1064 3766 uxores
1083 3703 1137 3787 psl
1162 3748 1164 3755 ι

207 3779 285 3846 lust
