2346 4208
119 264 165 334 88
339 267 495 338 Disputatio
513 267 625 337 lipsiae
639 269 734 322 habita
750 285 775 322 a.
796 266 857 322 xlx

122 455 264 534 ditiosos,
287 460 318 515 et
338 453 457 534 piarum
479 449 511 535 1)
535 453 654 514 nerium
678 452 864 534 offensuros,
896 455 1050 535 quoniam

120 541 153 601 in
182 556 397 619 quemcunque
432 536 571 598 ordinem
599 536 755 620 redegerit
785 537 856 600 illos
886 538 1044 617 articulos,
1067 554 1077 589 2

120 642 184 685 non
206 623 337 702 possuit
374 619 435 680 dici
462 620 707 684 christianissimi
735 629 766 683 et
786 622 975 703 evangelici,
1012 627 1045 684 et

121 707 262 787 quemvis
281 724 346 766 non
368 705 585 784 assumpserim
606 705 690 766 huno
703 704 843 767 laborem
857 703 1045 766 defendendi

120 796 216 852 tutem
240 787 394 870 synodum
415 788 447 847 in
469 786 667 849 articulorum
692 789 968 869 condemnatione,
991 786 1044 850 do·

126 891 249 935 ceamus
271 879 373 934 tamen
396 870 522 951 aliquid,
545 877 576 932 et
598 871 752 957 brevibus.

203 990 374 1053 Articulum
393 991 525 1070 primum
544 989 662 1051 iudicet
683 989 889 1069 catholicum,
920 982 951 1050 et
973 976 1044 1053 esse
1061 1058 1070 1069 ⁸

122 1074 287 1158 Augustini
309 1093 377 1154 cop.
401 1075 429 1138 6.
463 1091 556 1153 super
577 1072 690 1135 Johun.
707 1071 810 1136 Dico:
839 1073 938 1134 Forte
958 1092 1046 1147 reue·¹

121 1148 234 1220 rendui
256 1157 348 1218 Pater
369 1156 545 1236 benigniter
565 1157 782 1236 interpretetur
803 1155 975 1236 articulum,
989 1154 1044 1219 sed

121 1244 262 1322 quiores
285 1260 349 1301 nou
372 1241 516 1317 sermoni,
540 1239 595 1299 sed
619 1259 720 1301 sermo
742 1241 786 1300 rei
809 1247 856 1301 est
877 1240 1045 1319 subiectus,

121 1345 184 1387 non
206 1325 327 1385 fuerunt
349 1322 464 1403 stupidi
485 1322 609 1383 concilii
632 1321 820 1385 definitores.
850 1322 964 1384 Verum
987 1331 1045 1404 est,

121 1426 213 1469 uuum
235 1412 374 1468 sanctem
397 1413 428 1466 et
449 1404 655 1466 universalem
678 1425 748 1467 esse
770 1405 953 1486 ecelesiam,
989 1405 1045 1469 sed

121 1491 205 1572 quod
228 1491 406 1551 sitientum
428 1508 500 1567 une,
522 1490 601 1549 sicut
622 1494 670 1550 esi
689 1508 767 1550 unns
789 1508 933 1551 numerus
955 1509 1043 1570 pree·

121 1574 344 1635 destinatorum
365 1571 404 1632 ed
426 1571 611 1632 Hussiticam
633 1573 880 1654 intelligentium,
902 1579 951 1634 est
970 1573 1043 1636 lieo·

121 1657 350 1732 retioissimum,
374 1672 435 1733 quo
457 1655 524 1735 ipss
545 1654 652 1734 voluit,
676 1657 845 1719 existentes
866 1657 899 1716 iu
914 1664 1045 1739 pecunie

121 1740 264 1818 mortali,
302 1737 388 1799 velut
409 1739 522 1799 amisso
543 1737 625 1817 fide,
663 1759 725 1800 non
748 1758 819 1800 esse
846 1741 878 1800 in
900 1739 1045 1821 eeclesia,

124 1843 192 1884 cum
216 1830 320 1884 tamen
342 1840 471 1901 regnum
494 1821 652 1882 coelorum
675 1842 694 1883 a
715 1822 837 1884 Christo
859 1823 896 1899 *)
920 1840 1047 1904 oomps·

122 1914 206 1977 retu·
226 1905 335 1967 decem
358 1902 553 1986 Virginibus,
575 1904 627 1965 ubi
650 1907 783 1986 quinque
805 1912 894 1967 erant
913 1904 1046 1987 pruden—

81 2054 84 2059 ,
123 1998 180 2070 tes,
202 1991 336 2070 quinque
358 2006 433 2048 vero
455 1987 568 2066 fatuae,
591 2006 661 2048 cum
680 1989 806 2068 reliquis
825 1989 984 2071 parabolis
1005 1991 1046 2051 ei·

122 2073 192 2134 dem
229 2071 389 2153 proposito
415 2070 670 2133 deservientibus.
712 2072 822 2153 Neque
856 2071 1046 2153 Augustinus

122 2162 208 2231 tract.
232 2158 281 2221 26.
313 2173 405 2235 super
425 2154 599 2216 Johunnem
633 2155 707 2216 fucit
729 2158 825 2217 iotam
857 2154 897 2216 ed
918 2155 1046 2217 Hussiti·

22 2241 32 2253 '
125 2259 193 2300 oum
216 2239 427 2319 propositum,
459 2239 709 2299 communionem
738 2238 942 2300 eucharistiae
963 2257 1046 2301 conr·

102 2319 282 2400 mendam,
305 2319 345 2382 de
368 2339 428 2401 quo
451 2320 577 2382 lectoris
599 2320 741 2383 desidero
763 2320 921 2385 iudicium.

204 2438 251 2499 Ita
270 2438 310 2499 de
331 2438 392 2500 alio
416 2438 491 2498 dicit
511 2438 657 2501 articulo:
679 2438 767 2501 Duae
781 2446 919 2518 naturae,
941 2438 1059 2503 divina·

124 2528 155 2582 et
175 2522 320 2601 humana,
344 2541 422 2582 uuus
445 2528 493 2583 est
515 2521 663 2584 Christus.
685 2521 768 2583 Nihil
789 2542 847 2603 pro
868 2522 931 2585 hoc
952 2522 1047 2585 uddu-

122 2605 252 2682 xit-nisi
274 2604 358 2684 quod
380 2606 420 2665 sit
442 2604 482 2666 de
504 2603 576 2666 fide.
605 2604 640 2665 ln
662 2604 822 2667 Athanasii
845 2604 989 2687 symbolo
1012 2605 1043 2687 ²)

124 2689 213 2750 sliter
234 2687 374 2769 legimus,
388 2689 471 2756 Deus
494 2694 525 2749 et
545 2688 640 2750 homo
653 2708 731 2748 unus
751 2696 799 2750 est
813 2689 961 2770 Christus,
983 2709 1046 2753 non

127 2770 225 2832 deitas
248 2778 280 2831 et
300 2772 483 2833 humanitas.
795 2794 798 2799 ·

204 2889 239 2949 ln
261 2888 322 2950 alio
346 2889 496 2951 articulo:
519 2888 630 2949 divisio
645 2888 825 2951 immediato
844 2908 973 2970 operum
988 2896 1047 2958 etc.

124 2991 215 3052 quam
244 2973 311 3052 ipse
340 2974 415 3034 mire
438 2975 470 3033 in
492 2991 542 3032 me
570 2977 743 3051 retorquet,
775 2978 807 3033 et
842 2973 929 3052 quasi
956 2993 976 3033 o
997 2995 1074 3047 me,

123 3053 218 3116 iudex
239 3057 348 3117 citatus
364 3076 452 3116 suum
466 3054 618 3135 collegam
633 3053 820 3116 exclamavit
831 3055 1047 3135 triumphasse.

123 3139 171 3199 De
192 3157 253 3218 quo
273 3158 330 3200 vos
354 3157 477 3216 omnes,
512 3139 564 3216 qui
585 3137 785 3218 interfuistis,
819 3140 951 3218 potestis
971 3138 1048 3203 dere

124 3223 345 3302 testimonium,
367 3240 458 3303 quam
481 3221 641 3282 verissime
656 3218 768 3282 dixerit
788 3221 977 3283 reverendus
991 3223 1048 3285 Ps-

125 3312 181 3379 ter,
203 3312 235 3367 et
256 3305 433 3366 encomium
455 3303 539 3383 prius
562 3303 674 3364 cecinit
697 3312 769 3365 ante
791 3305 952 3366 victoriam
975 3306 1047 3367 Vui-

126 3387 313 3469 tembergue,
336 3389 397 3448 iem
420 3385 636 3490 aliudletism,
658 3389 744 3466 quusi
765 3387 887 3468 perdito
907 3388 1047 3454 victorie.

403 3583 545 3593 ...κα-..υσ-

50 3706 58 3717 .
162 3671 190 3730 i)
209 3669 240 3723 In
260 3668 301 3723 ed.
321 3668 397 3722 Jon:
422 3669 556 3738 ipserum.
593 3668 628 3737 2)
647 3669 678 3722 ln
696 3665 738 3723 ed.
761 3669 843 3738 orig:
869 3670 900 3720 in
926 3662 1047 3723 Athens·

124 3743 204 3795 sinuo
224 3740 303 3794 sliter
321 3741 450 3810 legimus.

162 3813 193 3879 ⁸)
214 3811 307 3866 Metth.
330 3811 375 3869 25.

417 3923 439 3970 ο
