<?xml version="1.0" encoding="UTF-8"?>
<!DOCTYPE html PUBLIC "-//W3C//DTD XHTML 1.0 Transitional//EN"
    "http://www.w3.org/TR/xhtml1/DTD/xhtml1-transitional.dtd">
<html xmlns="http://www.w3.org/1999/xhtml" xml:lang="en" lang="en">
 <head>
  <title>
</title>
<meta http-equiv="Content-Type" content="text/html;charset=utf-8" />
  <meta name='ocr-system' content='tesseract 3.04.00' />
  <meta name='ocr-capabilities' content='ocr_page ocr_carea ocr_par ocr_line ocrx_word'/>
</head>
<body>
  <div class='ocr_page' id='page_1' title='image "./dmartinilutheri04luthgoog_0081.png"; bbox 0 0 2346 4208; ppageno 0'>
   <div class='ocr_carea' id='block_1_1' title="bbox 197 243 924 315">
    <p class='ocr_par' dir='ltr' id='par_1_1' title="bbox 197 243 924 315">
     <span class='ocr_line' id='line_1_1' title="bbox 197 243 924 315; baseline -0.007 -14"><span class='ocrx_word' id='word_1_1' title='bbox 197 245 240 312; x_wconf 76' lang='grc'><strong>70</strong></span> <span class='ocrx_word' id='word_1_2' title='bbox 400 244 688 315; x_wconf 74' lang='lat' dir='ltr'><strong>Disputatiolipsiue</strong></span> <span class='ocrx_word' id='word_1_3' title='bbox 707 246 802 306; x_wconf 74' lang='lat' dir='ltr'><strong>hatita</strong></span> <span class='ocrx_word' id='word_1_4' title='bbox 821 261 845 298; x_wconf 87' lang='lat' dir='ltr'><strong>a.</strong></span> <span class='ocrx_word' id='word_1_5' title='bbox 866 243 924 297; x_wconf 84' lang='lat' dir='ltr'><strong>xlx</strong></span> 
     </span>
    </p>
   </div>
   <div class='ocr_carea' id='block_1_2' title="bbox 196 431 1164 1837">
    <p class='ocr_par' dir='ltr' id='par_1_2' title="bbox 196 431 1164 1837">
     <span class='ocr_line' id='line_1_2' title="bbox 197 431 1122 512; baseline 0.002 -18"><span class='ocrx_word' id='word_1_6' title='bbox 197 452 254 498; x_wconf 83' lang='lat' dir='ltr'><strong>sua</strong></span> <span class='ocrx_word' id='word_1_7' title='bbox 285 431 461 512; x_wconf 74' lang='lat' dir='ltr'>superbiam</span> <span class='ocrx_word' id='word_1_8' title='bbox 484 431 1040 510; x_wconf 75' lang='lat' dir='ltr'><strong>Patriarchae-Constantinopolitani</strong></span> <span class='ocrx_word' id='word_1_9' title='bbox 1076 432 1122 497; x_wconf 84' lang='lat' dir='ltr'><strong>iu·</strong></span> 
     </span>
     <span class='ocr_line' id='line_1_3' title="bbox 198 514 1121 597; baseline -0.002 -20"><span class='ocrx_word' id='word_1_10' title='bbox 198 515 364 596; x_wconf 79' lang='lat' dir='ltr'><strong>fringeret,</strong></span> <span class='ocrx_word' id='word_1_11' title='bbox 396 533 488 597; x_wconf 85' lang='lat' dir='ltr'><strong>quam</strong></span> <span class='ocrx_word' id='word_1_12' title='bbox 511 514 594 594; x_wconf 92' lang='lat' dir='ltr'><strong>quod</strong></span> <span class='ocrx_word' id='word_1_13' title='bbox 616 515 751 594; x_wconf 89' lang='lat' dir='ltr'><strong>suspicio</strong></span> <span class='ocrx_word' id='word_1_14' title='bbox 776 515 920 575; x_wconf 90' lang='lat' dir='ltr'><strong>elationis</strong></span> <span class='ocrx_word' id='word_1_15' title='bbox 943 522 995 575; x_wconf 89' lang='lat' dir='ltr'><strong>ant</strong></span> <span class='ocrx_word' id='word_1_16' title='bbox 1017 533 1121 593; x_wconf 88' lang='lat' dir='ltr'><strong>super·</strong></span> 
     </span>
     <span class='ocr_line' id='line_1_4' title="bbox 198 597 1123 663; baseline -0.001 -4"><span class='ocrx_word' id='word_1_17' title='bbox 198 597 269 663; x_wconf 87' lang='lat' dir='ltr'><strong>biae</strong></span> <span class='ocrx_word' id='word_1_18' title='bbox 289 597 329 659; x_wconf 84' lang='lat' dir='ltr'><strong>de</strong></span> <span class='ocrx_word' id='word_1_19' title='bbox 353 615 391 658; x_wconf 90' lang='lat' dir='ltr'><strong>ec</strong></span> <span class='ocrx_word' id='word_1_20' title='bbox 413 597 586 659; x_wconf 74' lang='lat' dir='ltr'>haberetur.</span> <span class='ocrx_word' id='word_1_21' title='bbox 623 597 713 659; x_wconf 89' lang='lat' dir='ltr'><strong>Unde</strong></span> <span class='ocrx_word' id='word_1_22' title='bbox 744 601 838 662; x_wconf 84' lang='lat' dir='ltr'><strong>etiam</strong></span> <span class='ocrx_word' id='word_1_23' title='bbox 861 597 989 659; x_wconf 75' lang='lat' dir='ltr'><strong>Servum</strong></span> <span class='ocrx_word' id='word_1_24' title='bbox 1019 616 1123 660; x_wconf 80' lang='lat' dir='ltr'><strong>servo-</strong></span> 
     </span>
     <span class='ocr_line' id='line_1_5' title="bbox 196 680 1123 761; baseline 0.003 -19"><span class='ocrx_word' id='word_1_25' title='bbox 196 701 263 745; x_wconf 85' lang='lat' dir='ltr'><strong>rum</strong></span> <span class='ocrx_word' id='word_1_26' title='bbox 285 701 320 742; x_wconf 89' lang='lat' dir='ltr'><strong>ee</strong></span> <span class='ocrx_word' id='word_1_27' title='bbox 341 681 456 760; x_wconf 88' lang='lat' dir='ltr'><strong>primus</strong></span> <span class='ocrx_word' id='word_1_28' title='bbox 479 680 658 761; x_wconf 71' lang='lat' dir='ltr'><strong>scripsitll</strong></span> <span class='ocrx_word' id='word_1_29' title='bbox 660 683 777 760; x_wconf 91' lang='lat' dir='ltr'><strong>tquod</strong></span> <span class='ocrx_word' id='word_1_30' title='bbox 798 681 860 744; x_wconf 88' lang='lat' dir='ltr'><strong>hoo</strong></span> <span class='ocrx_word' id='word_1_31' title='bbox 883 682 922 743; x_wconf 90' lang='lat' dir='ltr'><strong>sit</strong></span> <span class='ocrx_word' id='word_1_32' title='bbox 910 687 1123 758; x_wconf 81' lang='lat' dir='ltr'><strong>tverun,s1</strong></span> <span class='ocrx_word' id='word_1_33' title='bbox 1096 681 1123 741; x_wconf 85' lang='lat' dir='ltr'><strong>si</strong></span> 
     </span>
     <span class='ocr_line' id='line_1_6' title="bbox 197 763 1123 845; baseline -0.001 -19"><span class='ocrx_word' id='word_1_34' title='bbox 197 770 260 826; x_wconf 84' lang='lat' dir='ltr'><strong>tam</strong></span> <span class='ocrx_word' id='word_1_35' title='bbox 292 763 425 844; x_wconf 85' lang='lat' dir='ltr'><strong>diligens</strong></span> <span class='ocrx_word' id='word_1_36' title='bbox 459 769 507 824; x_wconf 87' lang='lat' dir='ltr'><strong>est</strong></span> <span class='ocrx_word' id='word_1_37' title='bbox 495 763 694 825; x_wconf 87' lang='lat' dir='ltr'><strong>t.reverend</strong></span> <span class='ocrx_word' id='word_1_38' title='bbox 726 766 817 828; x_wconf 86' lang='lat' dir='ltr'><strong>Pater</strong></span> <span class='ocrx_word' id='word_1_39' title='bbox 843 763 985 845; x_wconf 80' lang='lat' dir='ltr'><strong>Gregorii</strong></span> <span class='ocrx_word' id='word_1_40' title='bbox 1014 765 1123 842; x_wconf 87' lang='lat' dir='ltr'><strong>lector,</strong></span> 
     </span>
     <span class='ocr_line' id='line_1_7' title="bbox 196 846 1122 931; baseline 0 -22"><span class='ocrx_word' id='word_1_41' title='bbox 196 848 327 928; x_wconf 88' lang='lat' dir='ltr'><strong>potuit&#39;</strong></span> <span class='ocrx_word' id='word_1_42' title='bbox 319 868 350 908; x_wconf 90' lang='grc' dir='ltr'><strong>ιιι</strong></span> <span class='ocrx_word' id='word_1_43' title='bbox 372 846 510 907; x_wconf 85' lang='lat' dir='ltr'><strong>eiusdem</strong></span> <span class='ocrx_word' id='word_1_44' title='bbox 532 847 673 927; x_wconf 80' lang='lat' dir='ltr'>Epistola</span> <span class='ocrx_word' id='word_1_45' title='bbox 694 847 798 930; x_wconf 86' lang='lat' dir='ltr'><strong>legere</strong></span> <span class='ocrx_word' id='word_1_46' title='bbox 831 849 927 931; x_wconf 83' lang='lat' dir='ltr'><strong>(sicut</strong></span> <span class='ocrx_word' id='word_1_47' title='bbox 948 848 1122 928; x_wconf 86' lang='lat' dir='ltr'><strong>transponi·</strong></span> 
     </span>
     <span class='ocr_line' id='line_1_8' title="bbox 198 931 1121 1010; baseline 0.002 -19"><span class='ocrx_word' id='word_1_48' title='bbox 198 932 298 991; x_wconf 87' lang='lat' dir='ltr'><strong>turin</strong></span> <span class='ocrx_word' id='word_1_49' title='bbox 320 931 441 990; x_wconf 91' lang='lat' dir='ltr'><strong>Decret</strong></span> <span class='ocrx_word' id='word_1_50' title='bbox 465 932 574 993; x_wconf 82' lang='lat' dir='ltr'><strong>can2.</strong></span> <span class='ocrx_word' id='word_1_51' title='bbox 597 949 625 1008; x_wconf 89' lang='lat' dir='ltr'><strong>q.</strong></span> <span class='ocrx_word' id='word_1_52' title='bbox 650 933 678 994; x_wconf 89' lang='grc'><strong>6.</strong></span> <span class='ocrx_word' id='word_1_53' title='bbox 702 931 740 992; x_wconf 90' lang='lat' dir='ltr'><strong>de</strong></span> <span class='ocrx_word' id='word_1_54' title='bbox 762 937 893 1004; x_wconf 86' lang='lat' dir='ltr'><strong>cetero),</strong></span> <span class='ocrx_word' id='word_1_55' title='bbox 919 931 1121 1010; x_wconf 66' lang='lat' dir='ltr'><strong>ubipoteslas</strong></span> 
     </span>
     <span class='ocr_line' id='line_1_9' title="bbox 197 1013 1123 1095; baseline 0 -21"><span class='ocrx_word' id='word_1_56' title='bbox 197 1015 236 1075; x_wconf 90' lang='lat' dir='ltr'><strong>tis</strong></span> <span class='ocrx_word' id='word_1_57' title='bbox 257 1033 333 1075; x_wconf 88' lang='lat' dir='ltr'><strong>suae</strong></span> <span class='ocrx_word' id='word_1_58' title='bbox 355 1032 473 1074; x_wconf 89' lang='lat' dir='ltr'><strong>memor</strong></span> <span class='ocrx_word' id='word_1_59' title='bbox 495 1013 683 1074; x_wconf 81' lang='lat' dir='ltr'><strong>humillimus</strong></span> <span class='ocrx_word' id='word_1_60' title='bbox 695 1016 786 1079; x_wconf 86' lang='lat' dir='ltr'><strong>Pater</strong></span> <span class='ocrx_word' id='word_1_61' title='bbox 805 1014 980 1074; x_wconf 85' lang='lat' dir='ltr'><strong>divitiarum</strong></span> <span class='ocrx_word' id='word_1_62' title='bbox 1002 1021 1035 1077; x_wconf 84' lang='lat' dir='ltr'><strong>et</strong></span> <span class='ocrx_word' id='word_1_63' title='bbox 1056 1014 1123 1095; x_wconf 86' lang='lat' dir='ltr'><strong>glo·</strong></span> 
     </span>
     <span class='ocr_line' id='line_1_10' title="bbox 196 1096 1123 1178; baseline -0.001 -19"><span class='ocrx_word' id='word_1_64' title='bbox 196 1097 262 1159; x_wconf 84' lang='lat' dir='ltr'><strong>rias</strong></span> <span class='ocrx_word' id='word_1_65' title='bbox 283 1102 481 1176; x_wconf 81' lang='lat' dir='ltr'><strong>contemptor</strong></span> <span class='ocrx_word' id='word_1_66' title='bbox 511 1096 631 1158; x_wconf 86' lang='lat' dir='ltr'><strong>scribit:</strong></span> <span class='ocrx_word' id='word_1_67' title='bbox 605 1099 754 1160; x_wconf 85' lang='lat' dir='ltr'><strong>tAlios</strong></span> <span class='ocrx_word' id='word_1_68' title='bbox 777 1099 960 1178; x_wconf 89' lang='lat' dir='ltr'><strong>episcopos,</strong></span> <span class='ocrx_word' id='word_1_69' title='bbox 989 1105 1123 1176; x_wconf 88' lang='lat' dir='ltr'><strong>praeter·</strong></span> 
     </span>
     <span class='ocr_line' id='line_1_11' title="bbox 197 1180 1164 1259; baseline -0.002 -18"><span class='ocrx_word' id='word_1_70' title='bbox 197 1199 290 1259; x_wconf 84' lang='lat' dir='ltr'><strong>quam</strong></span> <span class='ocrx_word' id='word_1_71' title='bbox 311 1181 506 1253; x_wconf 87' lang='lat' dir='ltr'><strong>Romanum,</strong></span> <span class='ocrx_word' id='word_1_72' title='bbox 538 1181 569 1241; x_wconf 92' lang='lat' dir='ltr'><strong>in</strong></span> <span class='ocrx_word' id='word_1_73' title='bbox 598 1187 718 1259; x_wconf 90' lang='lat' dir='ltr'><strong>partem</strong></span> <span class='ocrx_word' id='word_1_74' title='bbox 745 1188 873 1243; x_wconf 82' lang='lat' dir='ltr'><strong>vocatos</strong></span> <span class='ocrx_word' id='word_1_75' title='bbox 895 1180 1123 1256; x_wconf 74' lang='lat' dir='ltr'><strong>sollicitudinis,</strong></span> <span class='ocrx_word' id='word_1_76' title='bbox 1157 1243 1164 1257; x_wconf 28' lang='lat' dir='ltr'>x</span> 
     </span>
     <span class='ocr_line' id='line_1_12' title="bbox 196 1262 1124 1343; baseline 0 -20"><span class='ocrx_word' id='word_1_77' title='bbox 196 1265 315 1325; x_wconf 90' lang='lat' dir='ltr'><strong>nonin</strong></span> <span class='ocrx_word' id='word_1_78' title='bbox 338 1262 562 1343; x_wconf 84' lang='lat' dir='ltr'><strong>plenitudinem</strong></span> <span class='ocrx_word' id='word_1_79' title='bbox 584 1266 760 1342; x_wconf 88' lang='lat' dir='ltr'><strong>potestatis.</strong></span> <span class='ocrx_word' id='word_1_80' title='bbox 795 1264 895 1324; x_wconf 86' lang='lat' dir='ltr'><strong>Nemo</strong></span> <span class='ocrx_word' id='word_1_81' title='bbox 918 1270 974 1341; x_wconf 88' lang='lat' dir='ltr'><strong>est,</strong></span> <span class='ocrx_word' id='word_1_82' title='bbox 998 1265 1051 1342; x_wconf 91' lang='lat' dir='ltr'><strong>qui</strong></span> <span class='ocrx_word' id='word_1_83' title='bbox 1073 1263 1124 1324; x_wconf 90' lang='lat' dir='ltr'><strong>hic</strong></span> 
     </span>
     <span class='ocr_line' id='line_1_13' title="bbox 197 1345 1123 1428; baseline 0.001 -22"><span class='ocrx_word' id='word_1_84' title='bbox 197 1345 338 1409; x_wconf 86' lang='lat' dir='ltr'><strong>dubitare</strong></span> <span class='ocrx_word' id='word_1_85' title='bbox 352 1347 462 1425; x_wconf 78' lang='lat' dir='ltr'><strong>possit,</strong></span> <span class='ocrx_word' id='word_1_86' title='bbox 485 1347 558 1424; x_wconf 89' lang='lat' dir='ltr'><strong>quin</strong></span> <span class='ocrx_word' id='word_1_87' title='bbox 582 1346 708 1426; x_wconf 86' lang='lat' dir='ltr'><strong>reliquis</strong></span> <span class='ocrx_word' id='word_1_88' title='bbox 720 1349 876 1428; x_wconf 86' lang='lat' dir='ltr'><strong>episcopis</strong></span> <span class='ocrx_word' id='word_1_89' title='bbox 889 1353 1019 1427; x_wconf 86' lang='lat' dir='ltr'><strong>partem,</strong></span> <span class='ocrx_word' id='word_1_90' title='bbox 1032 1347 1123 1409; x_wconf 80' lang='lat' dir='ltr'><strong>Rom.</strong></span> 
     </span>
     <span class='ocr_line' id='line_1_14' title="bbox 197 1428 1122 1511; baseline 0.001 -21"><span class='ocrx_word' id='word_1_91' title='bbox 197 1449 272 1490; x_wconf 83' lang='lat' dir='ltr'><strong>vero</strong></span> <span class='ocrx_word' id='word_1_92' title='bbox 296 1428 438 1490; x_wconf 87' lang='lat' dir='ltr'><strong>Pontifici</strong></span> <span class='ocrx_word' id='word_1_93' title='bbox 473 1428 696 1508; x_wconf 78' lang='lat' dir='ltr'><strong>plenitudinem</strong></span> <span class='ocrx_word' id='word_1_94' title='bbox 731 1450 770 1491; x_wconf 85' lang='lat' dir='ltr'><strong>ex</strong></span> <span class='ocrx_word' id='word_1_95' title='bbox 800 1431 1002 1511; x_wconf 84' lang='lat' dir='ltr'><strong>grammatico</strong></span> <span class='ocrx_word' id='word_1_96' title='bbox 1029 1449 1122 1491; x_wconf 86' lang='lat' dir='ltr'><strong>sensu</strong></span> 
     </span>
     <span class='ocr_line' id='line_1_15' title="bbox 197 1511 1123 1593; baseline -0.001 -18"><span class='ocrx_word' id='word_1_97' title='bbox 197 1512 272 1575; x_wconf 84' lang='lat' dir='ltr'><strong>dare</strong></span> <span class='ocrx_word' id='word_1_98' title='bbox 293 1512 378 1572; x_wconf 84' lang='lat' dir='ltr'><strong>velit.</strong></span> <span class='ocrx_word' id='word_1_99' title='bbox 407 1511 454 1573; x_wconf 85' lang='lat' dir='ltr'><strong>Ob</strong></span> <span class='ocrx_word' id='word_1_100' title='bbox 476 1512 507 1575; x_wconf 93' lang='lat' dir='ltr'><strong>id</strong></span> <span class='ocrx_word' id='word_1_101' title='bbox 529 1531 624 1593; x_wconf 83' lang='lat' dir='ltr'><strong>rogo,</strong></span> <span class='ocrx_word' id='word_1_102' title='bbox 645 1513 805 1576; x_wconf 89' lang='lat' dir='ltr'><strong>reverend.</strong></span> <span class='ocrx_word' id='word_1_103' title='bbox 839 1514 928 1575; x_wconf 86' lang='lat' dir='ltr'><strong>Pater</strong></span> <span class='ocrx_word' id='word_1_104' title='bbox 950 1532 1010 1590; x_wconf 91' lang='lat' dir='ltr'><strong>ea,</strong></span> <span class='ocrx_word' id='word_1_105' title='bbox 1043 1532 1123 1592; x_wconf 89' lang='lat' dir='ltr'><strong>quae</strong></span> 
     </span>
     <span class='ocr_line' id='line_1_16' title="bbox 196 1595 1121 1677; baseline 0 -21"><span class='ocrx_word' id='word_1_106' title='bbox 196 1595 367 1673; x_wconf 75' lang='lat' dir='ltr'><strong>dictasunt,</strong></span> <span class='ocrx_word' id='word_1_107' title='bbox 392 1595 440 1654; x_wconf 90' lang='lat' dir='ltr'><strong>vel</strong></span> <span class='ocrx_word' id='word_1_108' title='bbox 463 1595 609 1676; x_wconf 88' lang='lat' dir='ltr'><strong>peralios</strong></span> <span class='ocrx_word' id='word_1_109' title='bbox 624 1598 673 1658; x_wconf 92' lang='lat' dir='ltr'><strong>vel</strong></span> <span class='ocrx_word' id='word_1_110' title='bbox 696 1617 750 1677; x_wconf 89' lang='lat' dir='ltr'><strong>per</strong></span> <span class='ocrx_word' id='word_1_111' title='bbox 771 1616 830 1669; x_wconf 91' lang='lat' dir='ltr'><strong>me</strong></span> <span class='ocrx_word' id='word_1_112' title='bbox 857 1616 919 1657; x_wconf 92' lang='lat' dir='ltr'><strong>non</strong></span> <span class='ocrx_word' id='word_1_113' title='bbox 928 1615 1057 1676; x_wconf 78' lang='lat' dir='ltr'><strong>semper</strong></span> <span class='ocrx_word' id='word_1_114' title='bbox 1073 1616 1121 1659; x_wconf 78' lang='lat' dir='ltr'><strong>ve-</strong></span> 
     </span>
     <span class='ocr_line' id='line_1_17' title="bbox 197 1677 1122 1776; baseline 0.003 -38"><span class='ocrx_word' id='word_1_115' title='bbox 197 1679 233 1739; x_wconf 89' lang='lat' dir='ltr'><strong>lit</strong></span> <span class='ocrx_word' id='word_1_116' title='bbox 254 1680 382 1740; x_wconf 88' lang='lat' dir='ltr'><strong>reiicere</strong></span> <span class='ocrx_word' id='word_1_117' title='bbox 403 1679 436 1737; x_wconf 92' lang='lat' dir='ltr'><strong>in</strong></span> <span class='ocrx_word' id='word_1_118' title='bbox 469 1677 583 1739; x_wconf 79' lang='lat' dir='ltr'><strong>adsrlat</strong></span> <span class='ocrx_word' id='word_1_119' title='bbox 563 1681 656 1740; x_wconf 88' lang='lat' dir='ltr'><strong>tronis</strong></span> <span class='ocrx_word' id='word_1_120' title='bbox 679 1680 829 1776; x_wconf 86' lang='lat' dir='ltr'><strong>studium,</strong></span> <span class='ocrx_word' id='word_1_121' title='bbox 869 1680 983 1759; x_wconf 87' lang='lat' dir='ltr'><strong>quippe</strong></span> <span class='ocrx_word' id='word_1_122' title='bbox 1004 1678 1122 1741; x_wconf 83' lang='lat' dir='ltr'><strong>adulari</strong></span> 
     </span>
     <span class='ocr_line' id='line_1_18' title="bbox 197 1760 782 1837; baseline 0.003 -15"><span class='ocrx_word' id='word_1_123' title='bbox 197 1781 260 1823; x_wconf 89' lang='lat' dir='ltr'><strong>nou</strong></span> <span class='ocrx_word' id='word_1_124' title='bbox 282 1761 384 1837; x_wconf 90' lang='lat' dir='ltr'><strong>didici,</strong></span> <span class='ocrx_word' id='word_1_125' title='bbox 406 1760 580 1822; x_wconf 88' lang='lat' dir='ltr'><strong>adularit</strong></span> <span class='ocrx_word' id='word_1_126' title='bbox 548 1764 640 1822; x_wconf 87' lang='lat' dir='ltr'><strong>etism</strong></span> <span class='ocrx_word' id='word_1_127' title='bbox 664 1764 782 1825; x_wconf 87' lang='lat' dir='ltr'><strong>nescio.</strong></span> 
     </span>
    </p>
   </div>
   <div class='ocr_carea' id='block_1_3' title="bbox 341 1893 982 2155">
    <p class='ocr_par' dir='ltr' id='par_1_3' title="bbox 341 1893 982 2155">
     <span class='ocr_line' id='line_1_19' title="bbox 341 1893 982 2006; baseline 0.005 -19"><span class='ocrx_word' id='word_1_128' title='bbox 341 1927 436 1989; x_wconf 77' lang='lat' dir='ltr'><strong>Sexta</strong></span> <span class='ocrx_word' id='word_1_129' title='bbox 458 1927 508 1995; x_wconf 82' lang='lat' dir='ltr'><strong>die</strong></span> <span class='ocrx_word' id='word_1_130' title='bbox 529 1927 604 1992; x_wconf 89' lang='lat' dir='ltr'><strong>Julii</strong></span> <span class='ocrx_word' id='word_1_131' title='bbox 624 1893 711 1990; x_wconf 75' lang='lat' dir='ltr'><strong>liora</strong></span> <span class='ocrx_word' id='word_1_132' title='bbox 731 1928 862 2006; x_wconf 83' lang='lat' dir='ltr'><strong>septima</strong></span> <span class='ocrx_word' id='word_1_133' title='bbox 883 1944 982 1990; x_wconf 86' lang='lat' dir='ltr'><strong>mano.</strong></span> 
     </span>
     <span class='ocr_line' id='line_1_20' title="bbox 428 2050 901 2155; baseline 0.002 -3"><span class='ocrx_word' id='word_1_134' title='bbox 428 2092 618 2154; x_wconf 83' lang='lat' dir='ltr'><strong>Martinus</strong></span> <span class='ocrx_word' id='word_1_135' title='bbox 641 2050 809 2155; x_wconf 78' lang='lat' dir='ltr'><strong>exorsus</strong></span> <span class='ocrx_word' id='word_1_136' title='bbox 832 2099 901 2154; x_wconf 89' lang='lat' dir='ltr'><strong>est.</strong></span> 
     </span>
    </p>
   </div>
   <div class='ocr_carea' id='block_1_4' title="bbox 176 2257 1138 3751">
    <p class='ocr_par' dir='ltr' id='par_1_4' title="bbox 193 2257 1135 2919">
     <span class='ocr_line' id='line_1_21' title="bbox 283 2257 1121 2341; baseline 0.005 -25"><span class='ocrx_word' id='word_1_137' title='bbox 283 2258 450 2336; x_wconf 87' lang='lat' dir='ltr'><strong>Postquam</strong></span> <span class='ocrx_word' id='word_1_138' title='bbox 472 2257 538 2322; x_wconf 91' lang='lat' dir='ltr'><strong>heri</strong></span> <span class='ocrx_word' id='word_1_139' title='bbox 561 2261 763 2341; x_wconf 74' lang='lat' dir='ltr'><strong>egregiusD</strong></span> <span class='ocrx_word' id='word_1_140' title='bbox 785 2259 822 2320; x_wconf 89' lang='lat' dir='ltr'><strong>D.</strong></span> <span class='ocrx_word' id='word_1_141' title='bbox 846 2278 907 2325; x_wconf 88' lang='lat' dir='ltr'><strong>nou</strong></span> <span class='ocrx_word' id='word_1_142' title='bbox 931 2258 1043 2337; x_wconf 88' lang='lat' dir='ltr'><strong>partis,</strong></span> <span class='ocrx_word' id='word_1_143' title='bbox 1066 2259 1121 2322; x_wconf 88' lang='lat' dir='ltr'><strong>sed</strong></span> 
     </span>
     <span class='ocr_line' id='line_1_22' title="bbox 193 2339 1135 2422; baseline 0.004 -23"><span class='ocrx_word' id='word_1_144' title='bbox 193 2340 303 2400; x_wconf 87' lang='lat' dir='ltr'><strong>iudicis</strong></span> <span class='ocrx_word' id='word_1_145' title='bbox 316 2339 451 2402; x_wconf 86' lang='lat' dir='ltr'><strong>officium</strong></span> <span class='ocrx_word' id='word_1_146' title='bbox 474 2360 626 2422; x_wconf 86' lang='lat' dir='ltr'><strong>usurpans</strong></span> <span class='ocrx_word' id='word_1_147' title='bbox 639 2349 751 2404; x_wconf 75' lang='lat' dir='ltr'><strong>contra</strong></span> <span class='ocrx_word' id='word_1_148' title='bbox 764 2341 980 2402; x_wconf 88' lang='lat' dir='ltr'><strong>conventionis</strong></span> <span class='ocrx_word' id='word_1_149' title='bbox 995 2342 1135 2421; x_wconf 82' lang='lat' dir='ltr'><strong>pactum</strong></span> 
     </span>
     <span class='ocr_line' id='line_1_23' title="bbox 197 2423 1121 2505; baseline 0.002 -21"><span class='ocrx_word' id='word_1_150' title='bbox 197 2430 228 2484; x_wconf 89' lang='lat' dir='ltr'><strong>et</strong></span> <span class='ocrx_word' id='word_1_151' title='bbox 248 2423 441 2486; x_wconf 85' lang='lat' dir='ltr'><strong>voluntatem</strong></span> <span class='ocrx_word' id='word_1_152' title='bbox 463 2424 660 2486; x_wconf 84' lang='lat' dir='ltr'><strong>illustrissimi</strong></span> <span class='ocrx_word' id='word_1_153' title='bbox 675 2426 824 2505; x_wconf 89' lang='lat' dir='ltr'><strong>Principis</strong></span> <span class='ocrx_word' id='word_1_154' title='bbox 837 2423 973 2504; x_wconf 77' lang='lat' dir='ltr'><strong>Georgii,</strong></span> <span class='ocrx_word' id='word_1_155' title='bbox 995 2425 1121 2487; x_wconf 88' lang='lat' dir='ltr'><strong>Patroni</strong></span> 
     </span>
     <span class='ocr_line' id='line_1_24' title="bbox 196 2507 1118 2589; baseline 0.004 -23"><span class='ocrx_word' id='word_1_156' title='bbox 196 2507 310 2585; x_wconf 84' lang='lat' dir='ltr'><strong>nostrl,</strong></span> <span class='ocrx_word' id='word_1_157' title='bbox 341 2515 425 2568; x_wconf 90' lang='lat' dir='ltr'><strong>met</strong></span> <span class='ocrx_word' id='word_1_158' title='bbox 425 2510 505 2570; x_wconf 88' lang='lat' dir='ltr'><strong>oties</strong></span> <span class='ocrx_word' id='word_1_159' title='bbox 539 2507 684 2581; x_wconf 63' lang='lat' dir='ltr'><strong>definivit⁴</strong></span> <span class='ocrx_word' id='word_1_160' title='bbox 703 2517 736 2571; x_wconf 88' lang='lat' dir='ltr'><strong>et</strong></span> <span class='ocrx_word' id='word_1_161' title='bbox 765 2508 969 2589; x_wconf 83' lang='lat' dir='ltr'><strong>proclamavit</strong></span> <span class='ocrx_word' id='word_1_162' title='bbox 990 2507 1118 2570; x_wconf 86' lang='lat' dir='ltr'><strong>haereti·</strong></span> 
     </span>
     <span class='ocr_line' id='line_1_25' title="bbox 195 2589 1119 2667; baseline 0.002 -17"><span class='ocrx_word' id='word_1_163' title='bbox 195 2609 275 2667; x_wconf 88' lang='lat' dir='ltr'><strong>cum,</strong></span> <span class='ocrx_word' id='word_1_164' title='bbox 298 2609 367 2649; x_wconf 91' lang='lat' dir='ltr'><strong>cum</strong></span> <span class='ocrx_word' id='word_1_165' title='bbox 390 2593 438 2651; x_wconf 91' lang='lat' dir='ltr'><strong>sui</strong></span> <span class='ocrx_word' id='word_1_166' title='bbox 461 2589 554 2653; x_wconf 82' lang='lat' dir='ltr'><strong>officii</strong></span> <span class='ocrx_word' id='word_1_167' title='bbox 577 2593 685 2653; x_wconf 81' lang='lat' dir='ltr'><strong>fuisset</strong></span> <span class='ocrx_word' id='word_1_168' title='bbox 706 2593 807 2652; x_wconf 91' lang='lat' dir='ltr'><strong>solum</strong></span> <span class='ocrx_word' id='word_1_169' title='bbox 826 2589 971 2651; x_wconf 60' lang='lat' dir='ltr'><strong>&gt;adductis</strong></span> <span class='ocrx_word' id='word_1_170' title='bbox 993 2593 1119 2653; x_wconf 87' lang='lat' dir='ltr'><strong>rationi-</strong></span> 
     </span>
     <span class='ocr_line' id='line_1_26' title="bbox 195 2673 1120 2752; baseline 0.002 -19"><span class='ocrx_word' id='word_1_171' title='bbox 195 2673 251 2733; x_wconf 89' lang='lat' dir='ltr'><strong>bus</strong></span> <span class='ocrx_word' id='word_1_172' title='bbox 274 2679 306 2734; x_wconf 90' lang='lat' dir='ltr'><strong>et</strong></span> <span class='ocrx_word' id='word_1_173' title='bbox 294 2674 532 2737; x_wconf 89' lang='lat' dir='ltr'><strong>tautoritotibus</strong></span> <span class='ocrx_word' id='word_1_174' title='bbox 552 2675 702 2736; x_wconf 90' lang='lat' dir='ltr'><strong>iudicibus</strong></span> <span class='ocrx_word' id='word_1_175' title='bbox 726 2675 909 2752; x_wconf 82' lang='lat' dir='ltr'><strong>relinquere,</strong></span> <span class='ocrx_word' id='word_1_176' title='bbox 932 2691 1031 2735; x_wconf 90' lang='lat' dir='ltr'><strong>essem</strong></span> <span class='ocrx_word' id='word_1_177' title='bbox 1044 2675 1120 2735; x_wconf 87' lang='lat' dir='ltr'><strong>hac·</strong></span> 
     </span>
     <span class='ocr_line' id='line_1_27' title="bbox 194 2757 1120 2837; baseline 0.004 -22"><span class='ocrx_word' id='word_1_178' title='bbox 194 2757 307 2816; x_wconf 88' lang='lat' dir='ltr'><strong>reticus</strong></span> <span class='ocrx_word' id='word_1_179' title='bbox 330 2775 446 2835; x_wconf 76' lang='lat' dir='ltr'><strong>necuer3</strong></span> <span class='ocrx_word' id='word_1_180' title='bbox 479 2759 611 2837; x_wconf 91' lang='lat' dir='ltr'><strong>inquo,</strong></span> <span class='ocrx_word' id='word_1_181' title='bbox 644 2761 668 2818; x_wconf 89' lang='lat' dir='ltr'><strong>si</strong></span> <span class='ocrx_word' id='word_1_182' title='bbox 702 2777 765 2818; x_wconf 89' lang='lat' dir='ltr'><strong>non</strong></span> <span class='ocrx_word' id='word_1_183' title='bbox 789 2763 837 2817; x_wconf 91' lang='lat' dir='ltr'><strong>est</strong></span> <span class='ocrx_word' id='word_1_184' title='bbox 858 2757 975 2817; x_wconf 86' lang='lat' dir='ltr'><strong>violata</strong></span> <span class='ocrx_word' id='word_1_185' title='bbox 996 2757 1120 2836; x_wconf 82' lang='lat' dir='ltr'><strong>publius</strong></span> 
     </span>
     <span class='ocr_line' id='line_1_28' title="bbox 193 2839 809 2938; baseline 0 -39"><span class='ocrx_word' id='word_1_186' title='bbox 193 2839 281 2918; x_wconf 82' lang='lat' dir='ltr'><strong>tides,</strong></span> <span class='ocrx_word' id='word_1_187' title='bbox 304 2839 436 2901; x_wconf 89' lang='lat' dir='ltr'><strong>viderint</strong></span> <span class='ocrx_word' id='word_1_188' title='bbox 424 2840 497 2917; x_wconf 92' lang='lat' dir='ltr'><strong>thi,</strong></span> <span class='ocrx_word' id='word_1_189' title='bbox 521 2860 650 2938; x_wconf 90' lang='lat' dir='ltr'><strong>quorum</strong></span> <span class='ocrx_word' id='word_1_190' title='bbox 672 2843 809 2902; x_wconf 89' lang='lat' dir='ltr'><strong>interest.</strong></span> 
     </span>
    </p>

    <p class='ocr_par' dir='ltr' id='par_1_5' title="bbox 176 2884 1117 3400">
     <span class='ocr_line' id='line_1_29' title="bbox 279 2884 1117 3003; baseline 0.001 -20"><span class='ocrx_word' id='word_1_191' title='bbox 279 2922 326 2983; x_wconf 82' lang='lat' dir='ltr'><strong>Ad</strong></span> <span class='ocrx_word' id='word_1_192' title='bbox 349 2941 472 2987; x_wconf 88' lang='lat' dir='ltr'><strong>cansam</strong></span> <span class='ocrx_word' id='word_1_193' title='bbox 496 2927 627 3003; x_wconf 90' lang='lat' dir='ltr'><strong>primurn</strong></span> <span class='ocrx_word' id='word_1_194' title='bbox 649 2925 764 2985; x_wconf 90' lang='lat' dir='ltr'><strong>obiecit</strong></span> <span class='ocrx_word' id='word_1_195' title='bbox 752 2922 879 3002; x_wconf 89' lang='lat' dir='ltr'><strong>t,quod</strong></span> <span class='ocrx_word' id='word_1_196' title='bbox 902 2941 1023 2983; x_wconf 88' lang='lat' dir='ltr'><strong>errores</strong></span> <span class='ocrx_word' id='word_1_197' title='bbox 1037 2884 1117 2984; x_wconf 78' lang='lat' dir='ltr'><strong>[iuss</strong></span> 
     </span>
     <span class='ocr_line' id='line_1_30' title="bbox 193 3005 1117 3084; baseline 0.002 -19"><span class='ocrx_word' id='word_1_198' title='bbox 193 3006 463 3084; x_wconf 86' lang='lat' dir='ltr'><strong>pestilentissimos</strong></span> <span class='ocrx_word' id='word_1_199' title='bbox 487 3008 660 3068; x_wconf 86' lang='lat' dir='ltr'><strong>vocaverim</strong></span> <span class='ocrx_word' id='word_1_200' title='bbox 683 3006 971 3081; x_wconf 85' lang='lat' dir='ltr'><strong>christianissimos,</strong></span> <span class='ocrx_word' id='word_1_201' title='bbox 994 3005 1117 3084; x_wconf 88' lang='lat' dir='ltr'><strong>dequo</strong></span> 
     </span>
     <span class='ocr_line' id='line_1_31' title="bbox 194 3089 1116 3169; baseline 0.002 -21"><span class='ocrx_word' id='word_1_202' title='bbox 194 3096 293 3150; x_wconf 89' lang='lat' dir='ltr'><strong>testor</strong></span> <span class='ocrx_word' id='word_1_203' title='bbox 313 3109 411 3149; x_wconf 87' lang='lat' dir='ltr'><strong>meam</strong></span> <span class='ocrx_word' id='word_1_204' title='bbox 435 3092 655 3152; x_wconf 86' lang='lat' dir='ltr'><strong>innocentiam.</strong></span> <span class='ocrx_word' id='word_1_205' title='bbox 677 3090 743 3169; x_wconf 87' lang='lat' dir='ltr'><strong>Nee</strong></span> <span class='ocrx_word' id='word_1_206' title='bbox 764 3090 826 3150; x_wconf 92' lang='lat' dir='ltr'><strong>hoc</strong></span> <span class='ocrx_word' id='word_1_207' title='bbox 847 3089 960 3168; x_wconf 88' lang='lat' dir='ltr'><strong>poterit</strong></span> <span class='ocrx_word' id='word_1_208' title='bbox 982 3107 1116 3168; x_wconf 84' lang='lat' dir='ltr'><strong>unquam</strong></span> 
     </span>
     <span class='ocr_line' id='line_1_32' title="bbox 176 3171 1116 3252; baseline 0 -20"><span class='ocrx_word' id='word_1_209' title='bbox 176 3171 335 3250; x_wconf 85' lang='lat' dir='ltr'><strong>probare,</strong></span> <span class='ocrx_word' id='word_1_210' title='bbox 357 3180 389 3234; x_wconf 90' lang='lat' dir='ltr'><strong>et</strong></span> <span class='ocrx_word' id='word_1_211' title='bbox 410 3174 585 3251; x_wconf 87' lang='lat' dir='ltr'><strong>expostulo,</strong></span> <span class='ocrx_word' id='word_1_212' title='bbox 608 3180 641 3232; x_wconf 90' lang='lat' dir='ltr'><strong>ut</strong></span> <span class='ocrx_word' id='word_1_213' title='bbox 662 3174 800 3252; x_wconf 86' lang='lat' dir='ltr'><strong>assignet</strong></span> <span class='ocrx_word' id='word_1_214' title='bbox 821 3172 948 3232; x_wconf 89' lang='lat' dir='ltr'><strong>eosdem</strong></span> <span class='ocrx_word' id='word_1_215' title='bbox 960 3171 1116 3247; x_wconf 70' lang='lat' dir='ltr'><strong>articulos,</strong></span> 
     </span>
     <span class='ocr_line' id='line_1_33' title="bbox 192 3255 1116 3334; baseline 0.001 -21"><span class='ocrx_word' id='word_1_216' title='bbox 192 3271 270 3332; x_wconf 88' lang='lat' dir='ltr'><strong>quos</strong></span> <span class='ocrx_word' id='word_1_217' title='bbox 311 3255 579 3334; x_wconf 86' lang='lat' dir='ltr'><strong>pestilentissimos</strong></span> <span class='ocrx_word' id='word_1_218' title='bbox 617 3258 792 3316; x_wconf 88' lang='lat' dir='ltr'><strong>vocaverim</strong></span> <span class='ocrx_word' id='word_1_219' title='bbox 836 3255 1116 3334; x_wconf 87' lang='lat' dir='ltr'><strong>christianissimos,</strong></span> 
     </span>
     <span class='ocr_line' id='line_1_34' title="bbox 194 3343 647 3400; baseline 0.004 -2"><span class='ocrx_word' id='word_1_220' title='bbox 194 3343 249 3398; x_wconf 89' lang='lat' dir='ltr'><strong>aut</strong></span> <span class='ocrx_word' id='word_1_221' title='bbox 270 3356 379 3398; x_wconf 89' lang='lat' dir='ltr'><strong>vocem</strong></span> <span class='ocrx_word' id='word_1_222' title='bbox 403 3357 490 3398; x_wconf 87' lang='lat' dir='ltr'><strong>suam</strong></span> <span class='ocrx_word' id='word_1_223' title='bbox 511 3347 647 3400; x_wconf 91' lang='lat' dir='ltr'><strong>revocet.</strong></span> 
     </span>
    </p>

    <p class='ocr_par' dir='ltr' id='par_1_6' title="bbox 189 3419 1138 3751">
     <span class='ocr_line' id='line_1_35' title="bbox 274 3419 1115 3500; baseline 0.001 -19"><span class='ocrx_word' id='word_1_224' title='bbox 274 3420 417 3483; x_wconf 81' lang='lat' dir='ltr'><strong>Secundo</strong></span> <span class='ocrx_word' id='word_1_225' title='bbox 430 3423 615 3495; x_wconf 88' lang='lat' dir='ltr'><strong>criminatur,</strong></span> <span class='ocrx_word' id='word_1_226' title='bbox 627 3420 710 3500; x_wconf 91' lang='lat' dir='ltr'><strong>quod</strong></span> <span class='ocrx_word' id='word_1_227' title='bbox 724 3422 969 3482; x_wconf 88' lang='lat' dir='ltr'><strong>commiscuerim</strong></span> <span class='ocrx_word' id='word_1_228' title='bbox 983 3419 1115 3482; x_wconf 80' lang='lat' dir='ltr'><strong>Sanctus</strong></span> 
     </span>
     <span class='ocr_line' id='line_1_36' title="bbox 191 3502 1115 3586; baseline 0.001 -22"><span class='ocrx_word' id='word_1_229' title='bbox 191 3502 329 3564; x_wconf 77' lang='lat' dir='ltr'><strong>Graecos</strong></span> <span class='ocrx_word' id='word_1_230' title='bbox 352 3523 419 3564; x_wconf 90' lang='lat' dir='ltr'><strong>cnm</strong></span> <span class='ocrx_word' id='word_1_231' title='bbox 444 3504 657 3567; x_wconf 81' lang='lat' dir='ltr'><strong>schismaticis.</strong></span> <span class='ocrx_word' id='word_1_232' title='bbox 694 3503 775 3586; x_wconf 79' lang='lat' dir='ltr'><strong>Quid</strong></span> <span class='ocrx_word' id='word_1_233' title='bbox 804 3504 886 3565; x_wconf 91' lang='lat' dir='ltr'><strong>aliud</strong></span> <span class='ocrx_word' id='word_1_234' title='bbox 908 3505 1040 3582; x_wconf 85' lang='lat' dir='ltr'><strong>laceret,</strong></span> <span class='ocrx_word' id='word_1_235' title='bbox 1064 3505 1115 3584; x_wconf 92' lang='lat' dir='ltr'><strong>qui</strong></span> 
     </span>
     <span class='ocr_line' id='line_1_37' title="bbox 191 3586 1115 3665; baseline 0.001 -17"><span class='ocrx_word' id='word_1_236' title='bbox 191 3605 253 3649; x_wconf 90' lang='lat' dir='ltr'><strong>non</strong></span> <span class='ocrx_word' id='word_1_237' title='bbox 276 3586 404 3647; x_wconf 90' lang='lat' dir='ltr'><strong>haberet</strong></span> <span class='ocrx_word' id='word_1_238' title='bbox 425 3587 508 3665; x_wconf 93' lang='lat' dir='ltr'><strong>quod</strong></span> <span class='ocrx_word' id='word_1_239' title='bbox 531 3588 655 3665; x_wconf 86' lang='lat' dir='ltr'><strong>diceret,</strong></span> <span class='ocrx_word' id='word_1_240' title='bbox 680 3606 749 3648; x_wconf 86' lang='lat' dir='ltr'><strong>oum</strong></span> <span class='ocrx_word' id='word_1_241' title='bbox 770 3589 973 3648; x_wconf 87' lang='lat' dir='ltr'><strong>certissimum</strong></span> <span class='ocrx_word' id='word_1_242' title='bbox 987 3588 1028 3647; x_wconf 90' lang='lat' dir='ltr'><strong>sit</strong></span> <span class='ocrx_word' id='word_1_243' title='bbox 1040 3592 1115 3649; x_wconf 84' lang='lat' dir='ltr'><strong>tem·</strong></span> 
     </span>
     <span class='ocr_line' id='line_1_38' title="bbox 189 3670 1138 3751; baseline 0.001 -21"><span class='ocrx_word' id='word_1_244' title='bbox 189 3688 267 3750; x_wconf 88' lang='lat' dir='ltr'><strong>pore</strong></span> <span class='ocrx_word' id='word_1_245' title='bbox 288 3671 457 3730; x_wconf 85' lang='lat' dir='ltr'><strong>novissime</strong></span> <span class='ocrx_word' id='word_1_246' title='bbox 478 3679 617 3732; x_wconf 87' lang='lat' dir='ltr'><strong>vastatae</strong></span> <span class='ocrx_word' id='word_1_247' title='bbox 641 3671 927 3751; x_wconf 70' lang='lat' dir='ltr'><strong>Constantinopolis</strong></span> <span class='ocrx_word' id='word_1_248' title='bbox 949 3670 1043 3731; x_wconf 79' lang='lat' dir='ltr'><strong>fuisse</strong></span> <span class='ocrx_word' id='word_1_249' title='bbox 1057 3671 1138 3731; x_wconf 53' lang='lat' dir='ltr'><strong>·in·‘</strong></span> 
     </span>
    </p>
   </div>
   <div class='ocr_carea' id='block_1_5' title="bbox 0 0 1178 4208">
    <p class='ocr_par' dir='ltr' id='par_1_7' title="bbox 0 0 1178 4208">
     <span class='ocr_line' id='line_1_39' title="bbox 0 0 1178 4208; baseline 0 1"><span class='ocrx_word' id='word_1_250' title='bbox 0 0 1178 4208; x_wconf 95' lang='lat' dir='ltr'><strong> </strong></span> 
     </span>
    </p>
   </div>
  </div>
 </body>
</html>
