2346 4208
119 253 141 319 8
237 255 395 337 Disputatio
415 261 443 310 et
460 216 566 310 chns.¹
582 256 657 311 Eccii
677 256 738 309 adv.
759 254 845 310 Grim.
866 254 943 307 luth.

122 443 292 524 quaerere?
335 444 404 505 Vidi
437 445 531 504 etiam
557 450 589 504 et
617 463 685 504 cum
723 443 819 504 multo
852 442 960 503 dolore
982 442 1046 523 legi

122 545 270 606 arrogans
291 529 437 608 scriptum
460 529 525 588 eius
549 534 687 588 aetorum
710 526 792 606 apud
814 545 864 605 se,
886 525 968 606 apud
990 525 1043 587 Le·

123 618 229 691 gatum
262 617 293 670 et
314 610 542 690 Appellationis
576 610 615 671 ad
645 610 778 670 futurum
801 608 980 686 concilium,
1014 615 1046 668 et

123 712 184 753 non
227 695 293 753 sine
334 694 449 774 gemitu
489 692 607 772 aliquas
644 694 874 773 propositiones
911 692 1044 771 suscepi.

37 771 48 779 ’
123 776 271 836 Maiorem
300 795 472 856 sperassem
500 776 556 836 sub
585 779 673 858 nigra
704 775 824 836 cuculla
846 774 1044 835 sobrietatem
1087 809 1088 813 =

123 865 155 919 et
191 860 380 938 patientiam.
428 859 552 920 Utinam
587 879 654 920 eam
688 859 797 920 fuisset
834 866 956 918 secutus
988 865 1045 917 aut

124 940 218 1027 modo
247 949 426 1020 sequeretur
454 942 656 1024 modestiam,
691 960 782 1021 quam
816 941 847 1003 S.
871 941 1044 1020 Cyprianus

124 1030 239 1104 martyr
260 1024 299 1085 ad
321 1025 528 1106 Rogatianum
551 1031 582 1086 et
595 1025 773 1086 Cornelium
794 1024 908 1102 docuit,
932 1023 983 1102 qui
1005 1042 1045 1083 ex

123 1114 303 1186 contemptu
331 1108 407 1168 cleri
435 1109 580 1169 haereses
609 1114 692 1169 ortas
720 1115 849 1169 testatur
877 1105 916 1167 ad
937 1106 1045 1185 Pupia-

124 1209 206 1251 num.
245 1189 286 1250 Et
306 1190 368 1252 alio
391 1191 463 1252 loco
485 1193 543 1252 ait:
567 1191 652 1252 Haec
675 1198 746 1251 suut
767 1191 855 1250 initia
875 1188 1045 1250 haeretico-

122 1293 189 1334 rum
229 1279 261 1333 et
293 1281 378 1335 ortus
409 1284 502 1354 atque
530 1281 659 1336 conatus
691 1275 933 1335 scismaticorum
964 1271 1045 1332 male

123 1356 341 1438 cogitantium,
377 1364 410 1416 ut
442 1358 501 1419 sibi
521 1358 681 1438 placeant,
711 1364 744 1417 ut
765 1357 973 1436 praepositum
997 1374 1045 1416 su·

124 1439 220 1520 perbo
243 1446 363 1501 tumore
385 1447 601 1501 contemnant:
632 1441 677 1500 sic
705 1440 744 1501 de
765 1439 907 1500 Ecclesia
929 1437 1044 1499 recedi-

90 1550 92 1556 <
125 1529 182 1600 tur,
205 1523 250 1582 sie
272 1522 369 1589 altare
391 1523 552 1604 profanum
575 1524 649 1585 foris
670 1524 851 1599 collocatur,
874 1523 918 1582 sic
938 1528 1046 1582 eontra

124 1623 233 1685 pacem
256 1604 367 1666 Christi
394 1612 425 1667 et
438 1588 672 1668 'ordinationem
703 1613 796 1685 atque
817 1606 964 1665 unitatem
988 1604 1046 1663 Dei

123 1686 297 1769 rebellatur.
346 1688 413 1749 Nec
441 1691 522 1750 enim
555 1690 679 1750 aliunde
708 1689 769 1771 (ait
801 1688 841 1749 ad
870 1687 1046 1749 Cornelium
1081 1718 1083 1723 ·

125 1764 260 1851 Papa'm)
294 1771 439 1833 haereses
471 1781 558 1834 ortae
585 1779 672 1850 sunt,
707 1780 760 1833 aut
789 1779 863 1831 nata
890 1771 1045 1846 scismata,

125 1853 183 1914 nisi
213 1854 296 1933 quod
317 1856 470 1916 sacerdoti
492 1856 550 1916 Dei
573 1874 635 1916 non
665 1855 902 1934 obtemperatur.
946 1850 1045 1926 Quam

126 1936 297 1998 consultum
320 1945 404 1999 esset
424 1940 547 1999 Luttero
564 1939 595 1998 id
618 1938 772 2017 amplecti,
795 1935 877 2016 quod
890 1935 920 1997 S.
932 1933 1045 1996 Bernh.

125 2019 244 2081 Pisanis
266 2020 422 2081 consuluit
448 2021 488 2081 de
509 2020 650 2081 Honorio
678 2019 778 2099 Papa:
811 2019 939 2079 Honora
961 2025 1044 2078 tuum

126 2109 157 2162 et
180 2104 386 2163 universitatis
408 2104 539 2166 Patrem.
583 2102 645 2165 aed
662 2103 947 2182 antiquoscineres
969 2101 1048 2181 ignit

125 2185 230 2245 Lutter
261 2192 292 2246 et
313 2187 459 2266 antiquae
482 2187 574 2246 messi
597 2189 710 2248 hovam
732 2185 865 2265 praefert
886 2185 1046 2261 zizaniam,

126 2277 158 2328 ut
177 2267 333 2329 Ambrosii
355 2268 456 2330 verbis
484 2276 565 2346 utar,
594 2270 631 2330 D.
654 2268 689 2331 0.
713 2269 764 2347 M,
786 2270 837 2349 qui
865 2269 985 2347 recepit
1010 2285 1046 2327 se

126 2369 303 2411 mansurum
339 2370 408 2412 cum
423 2353 556 2413 ecclesia
578 2372 674 2433 usque
696 2351 736 2412 ad
749 2352 1045 2413 consummationem

20 2478 29 2495 .
125 2434 231 2510 seculi,
258 2435 411 2496 illuminet
431 2435 526 2496 corda
548 2433 682 2496 fidelium
714 2442 745 2496 et
772 2435 825 2496 det
846 2433 935 2495 nobis
958 2452 1044 2495 suam

119 2535 244 2597 pacem.
283 2517 438 2579 *Ceterum
476 2517 734 2598 quemadmodum
769 2538 819 2579 me
854 2516 965 2594 obtuli,
1002 2516 1046 2575 ita

125 2606 234 2660 contra
262 2600 372 2662 ambos
399 2595 607 2682 disputatbrus
634 2622 700 2661 sum
733 2621 789 2682 pro
817 2599 889 2660 lidei
917 2599 1046 2659 veritate

125 2681 266 2744 etssedis
286 2682 344 2764 Ap.
369 2686 499 2745 tuitione
512 2685 635 2746 Christo
658 2684 814 2745 adiutore:
838 2702 900 2744 non
922 2684 953 2742 in
976 2701 1044 2762 pro·

124 2766 196 2826 lana
217 2765 311 2827 domo
334 2773 366 2828 et
386 2768 517 2848 angulis,
539 2768 595 2829 sed
616 2769 648 2828 in
669 2767 887 2829 florentissimo
906 2764 1045 2845 Lipsensi

107 2848 306 2929 „Gymnasia
328 2869 432 2911 coram
458 2851 644 2913 doctissimis
675 2848 811 2912 eiusdem
835 2847 932 2910 studii
956 2847 1045 2927 patri·

126 2931 197 3010 bus,
227 2951 265 2992 ea
286 2949 346 3011 qua
375 2932 466 2996 decet
488 2933 651 3011 modestia,
674 2940 707 2993 ut
727 2933 871 3009 salvetur,
893 2949 956 2991 non
978 2947 1046 3010 per·

125 3013 214 3074 datur
248 3016 369 3077 veritas.
420 3017 524 3077 Placet
564 3036 638 3078 vero
667 3023 701 3077 ut
734 3033 789 3096 pro
824 3033 911 3075 more
942 3013 1046 3094 Augu-

123 3097 195 3158 stini
223 3103 255 3161 et
274 3097 455 3178 Hieronymi
485 3101 563 3161 haec
590 3099 659 3160 fidis
689 3099 881 3179 excipiantur
908 3095 1046 3173 notariis,

125 3185 170 3240 et·
189 3179 256 3243 urbi
291 3199 329 3240 ac
366 3183 432 3242 orbi
461 3181 536 3243 fiant
564 3184 732 3243 notissima.
775 3181 876 3258 Haec,
906 3178 1046 3240 fidissimi

124 3261 267 3340 Patroni,
297 3262 385 3324 vobis
413 3264 587 3346 significare
615 3266 697 3326 volui
735 3271 766 3325 et
797 3283 851 3344 per
885 3281 942 3323 vos
971 3260 1046 3322 Orbi

124 3344 310 3424 christiano,
355 3354 388 3407 ut
432 3349 483 3427 qui
521 3367 639 3409 sacram
685 3348 845 3408 veritatem
870 3345 1045 3426 plurimum

124 3427 242 3504 colitis,
264 3447 302 3488 ac
323 3431 467 3491 verticem
491 3431 650 3493 Ecclesiae
672 3431 783 3491 Christi
807 3429 970 3506 vicarium,
993 3446 1045 3507 pa·

123 3529 211 3590 pam,
234 3513 441 3591 veneramini,
476 3533 514 3574 ac
534 3532 591 3594 pro
614 3513 695 3574 felici
717 3520 798 3573 statu
820 3511 981 3572 Ecclesiae
1014 3516 1046 3570 et

124 3593 288 3655 cathedrae
310 3595 390 3656 Petri
424 3615 492 3656 eum
523 3595 665 3657 fratribus
693 3597 804 3657 vestris
836 3594 1046 3655 indesinenter

123 3678 250 3758 rogatis,
285 3689 316 3738 et
346 3678 428 3740 hane
455 3680 592 3740 veritatis
626 3698 752 3765 causam
780 3698 836 3760 pro
859 3677 982 3738 Christo
1011 3681 1044 3739 et

124 3759 215 3822 Petro
238 3780 357 3822 mecum
379 3761 520 3825 habeatis
542 3761 816 3825 commendatam·
843 3760 955 3824 Valcte
974 3759 1042 3823 nso
