2346 4208
133 251 196 317 322
368 253 460 307 Resol.
484 253 512 306 ir
530 269 615 322 super
634 253 827 321 Propositione

134 437 239 498 dacter
261 438 335 497 satis
348 436 494 513 affirmas,
515 438 552 498 iis
575 455 637 497 non
660 435 789 495 servatis
810 453 870 497 nec
890 435 985 497 fldem
1005 454 1047 496 cs
1075 428 1078 435 ’

137 521 284 582 tholicam
306 522 430 582 servari.
474 520 506 581 Si
529 521 568 581 dc
582 516 857 598 contemptoribus,
879 526 914 580 ct
934 520 982 597 iis,
1001 520 1045 598 qui

134 604 190 665 sub
214 612 244 664 te
267 613 355 680 sunt,
389 605 523 681 diceres,
551 611 635 664 recte
657 602 785 663 diceres.
827 602 920 663 Nunc
939 610 1046 680 contu,

134 689 259 767 quando
282 706 385 748 mores
409 695 440 747 et
461 687 564 765 fidem,
587 685 767 746 traditiones
789 703 859 745 curn
880 684 1044 766 evangelio,

135 771 261 831 verbum
284 770 444 831 hominum
468 790 537 830 cum
560 769 657 831 verbo
670 768 728 828 Dei
750 767 931 847 confundis,
952 786 1043 829 nonne

137 854 232 915 homo
256 853 313 913 es?
334 852 409 927 Quis
431 855 522 932 ferat,
554 860 587 912 ut
608 850 803 931 evangelium
825 858 858 912 st
878 851 971 914 fidem
990 869 1041 913 nor

134 957 257 998 servare
278 946 416 1015 putetur,
451 939 504 1018 qui
539 935 595 997 sub
617 936 738 996 statutis
772 934 833 994 illis
855 955 921 996 non
944 932 1040 995 fuerit?

133 1021 179 1081 Tu
202 1039 270 1079 cum
294 1022 351 1079 tuis
379 1039 469 1079 serva
496 1027 611 1079 statuta
641 1026 673 1078 et
694 1017 854 1094 Oenones,
887 1019 968 1097 illis,
999 1017 1038 1097 qui

135 1111 206 1163 sunt
226 1105 257 1162 in
280 1102 430 1179 Oriente,
453 1104 514 1163 alia
536 1110 608 1164 sunt
629 1108 760 1179 statuta,
783 1102 838 1162 sed
859 1101 944 1163 idem
964 1118 1038 1162 eren

155 1185 257 1246 elium.

133 1207 154 1266 g
216 1269 355 1348 Tertius,
385 1268 486 1328 distin.
510 1273 560 1332 21.
584 1287 610 1328 c.
635 1268 743 1328 Clero:
776 1267 869 1343 Quod
890 1265 1035 1349 capitulum

135 1371 194 1432 ego
218 1371 373 1431 nunquam
398 1352 521 1412 credam
545 1372 615 1412 esse
637 1351 676 1410 ab
699 1352 804 1429 aliquo
816 1352 959 1413 Romano
977 1367 1035 1430 pon·

136 1434 219 1495 tifice
242 1437 462 1513 constitutum,
496 1436 550 1495 sed
574 1434 694 1495 videtur
716 1434 827 1495 lsidori
848 1439 1034 1496 commentun

136 1536 215 1579 esse.
259 1517 319 1592 Qui
341 1519 539 1598 metropolim
564 1537 737 1578 mensurum
759 1519 903 1595 civitatis,
925 1524 956 1578 et
973 1516 1034 1577 Act

135 1601 231 1682 lytnm
254 1602 471 1662 ceroferarium
496 1601 635 1680 aliosque
654 1600 767 1680 gradus
790 1603 917 1682 egregia
936 1597 1034 1661 inscitia

138 1683 302 1761 describit,
326 1694 357 1744 et
378 1686 494 1744 invenit
515 1694 619 1744 tamen
641 1686 846 1745 autoritatem.

218 1768 379 1842 Pontifex,
401 1770 517 1846 inquit,
539 1769 682 1846 princeps
705 1767 901 1827 sacerdotum
923 1772 981 1843 est,
999 1759 1033 1823 rel

136 1870 205 1912 esse
228 1850 347 1928 dicitur,
370 1853 457 1930 quasi
481 1853 531 1911 via
553 1852 757 1930 sequentium.
779 1851 850 1930 lpse
872 1850 953 1909 enim
972 1863 1033 1907 sun·

137 1955 203 1994 mus
225 1935 389 2009 sacerdos,
417 1936 485 2014 ipse
506 1936 646 2014 pontifex
668 1935 820 1994 maximus
848 1936 1032 2012 nuncupatur:

136 2020 203 2098 ipse
226 2019 306 2077 enim
330 2017 424 2077 efficit
445 2017 624 2077 sacerdotes
647 2026 678 2077 et
699 2017 826 2091 levitas,
859 2017 928 2096 ipse
947 2025 1033 2076 omntt

137 2100 260 2162 ordines
283 2101 494 2161 ecclesiasticos
517 2101 669 2180 disponit,
703 2102 771 2179 ipse
792 2099 876 2179 quod
899 2098 1033 2176 unoque

136 2203 197 2260 que
220 2184 322 2243 facere
344 2183 445 2244 debet.
489 2186 590 2244 Antea
612 2194 713 2243 nutem
737 2183 901 2262 pontifices
917 2188 948 2243 et
965 2192 1034 2259 reget

137 2274 237 2341 erant,
268 2287 338 2326 nam
362 2269 512 2327 maiorum
534 2268 612 2327 haec
633 2266 825 2327 consuetudo
849 2267 926 2342 fuit,
948 2270 978 2325 ut
994 2276 1032 2323 rex

138 2357 222 2409 esset
252 2349 398 2410 sacerdos
434 2359 466 2410 et
502 2352 651 2431 pontifex.
706 2350 796 2411 Unde
830 2356 862 2410 et
894 2344 1032 2429 pontificet

138 2432 267 2493 Romani
290 2434 491 2513 imperatores
514 2433 757 2513 appellabantur.

219 2515 307 2574 Hunc
342 2516 544 2577 divinatorem
584 2523 793 2595 contemptum
828 2513 1030 2594 praeteriissen

137 2617 207 2658 cum
230 2600 383 2659 erroribus
405 2601 488 2677 suis,
521 2601 579 2660 nisi
601 2599 738 2659 viderem
769 2599 842 2659 hinc
865 2598 943 2659 sumi
963 2589 1032 2655 hodie

136 2701 156 2742 a
178 2682 349 2758 nonnullis,
385 2684 474 2761 quod·
499 2703 609 2763 papam
634 2685 850 2763 imperatorem
880 2680 1032 2741 marinus

138 2784 198 2843 quc
224 2765 403 2845 pontificem
434 2769 559 2829 iactant.
602 2766 676 2826 ldeo
709 2785 773 2826 non
805 2764 1032 2829 intercessae,

138 2849 192 2908 sed
214 2850 294 2909 inter
317 2868 410 2909 canes
433 2850 514 2910 hunc
536 2849 661 2929 deputa.

219 2932 260 2991 Et
281 2952 320 2991 ne
343 2932 372 2991 id
397 2935 463 2993 sinc
485 2934 597 2993 iudicio
616 2933 735 3009 faciam,
759 2951 915 3010 opponam
938 2930 965 2991 el
983 2940 1033 2987 cot·

138 3017 230 3076 traria
253 3016 401 3094 Decreta,
435 3037 514 3096 quae
537 3017 626 3076 simul
649 3017 831 3075 seutentiam
855 3009 1032 3076 rostrante

137 3099 261 3159 trabunt.
304 3099 421 3159 Dicitur
449 3102 530 3160 enim
558 3100 625 3162 dist.
649 3103 698 3163 99.
721 3118 747 3158 c.
769 3099 905 3159 Primae:
938 3096 1033 3157 Printt

138 3180 219 3242 sedis
243 3182 406 3262 episcopus
422 3203 483 3245 non
506 3183 679 3262 appelletur
692 3183 835 3261 princeps
853 3178 1033 3245 sacerdotali

138 3265 187 3324 vel
215 3285 350 3324 summus
387 3267 548 3335 sacerdos,
576 3275 629 3326 aut
650 3264 763 3344 aliquid
784 3263 971 3340 huiusmodi,
995 3248 1033 3317 ttl

138 3356 254 3408 tantum
278 3351 394 3428 primae
415 3350 497 3410 sedis
521 3352 695 3429 episcopus.
738 3348 778 3408 Et
799 3349 952 3427 sequitur:
981 3340 1034 3403 Uul·

138 3431 265 3492 versalis
300 3441 400 3493 antem
436 3453 495 3493 nec
526 3436 618 3494 ctiam
641 3433 799 3493 Romanus
832 3432 972 3511 pontifex
998 3439 1034 3501 sp

138 3514 277 3595 pelletur.

220 3599 277 3658 Hic
299 3619 357 3680 ego
378 3601 409 3659 in
426 3601 570 3661 iudicium
594 3618 674 3660 voco
696 3600 780 3679 ipsos
804 3618 942 3660 canones
963 3602 1033 3657 etse

139 3683 286 3760 nonistas,
309 3685 444 3744 doceant
455 3703 514 3757 mc,
537 3702 664 3762 quaeso,
688 3681 758 3762 quid
782 3681 956 3743 hicdicam.
993 3677 1035 3737 1⁸¹0

138 3784 238 3827 canon
259 3767 407 3849 probatus
423 3775 479 3848 est,
502 3766 558 3828 sed
570 3766 650 3845 vide,
665 3773 778 3848 quanto
796 3767 916 3829 maiore
932 3758 1036 3826 crinitis
