2346 4208
31 258 34 264 ’
123 259 168 326 10
503 263 644 332 *Epistola

125 449 340 524 constitutum,
373 447 572 527 additumque
592 448 621 530 1)
652 449 763 510 eodem
785 449 852 509 Deo
874 447 1040 511 autoread

125 532 256 612 gloriam
279 538 311 591 et
331 531 475 593 decorem
498 532 660 593 sacerdotii
684 541 824 593 ornatum
847 553 885 592 ex
900 551 1041 612 purpura,

124 615 274 694 dibapha,
308 615 418 695 bysso,
441 619 588 693 argento,
611 618 740 697 gemmis
766 622 796 676 et
817 635 907 694 auro,
940 618 1042 694 sicque

124 697 314 778 pontificium
337 699 412 758 illud
434 719 489 779 per
505 719 611 759 manus
636 700 778 760 traditum
801 699 840 758 ad
854 698 1039 779 Cayphan²)

123 801 221 860 usque
250 781 457 842 descendisse.
502 783 559 857 Qui
582 784 654 842 licet
685 785 748 842 vita
776 783 925 842 scelestus
955 782 1042 856 forst,

124 866 197 942 quia
218 872 320 925 tamen
344 884 506 927 successor
528 873 593 926 erat
615 867 735 942 Aaron,
759 872 790 925 et
811 866 951 946 pontifex
973 865 1043 926 anni

122 948 220 1021 illius,
254 948 468 1028 prophetavit,
501 956 531 1010 et
552 948 689 1010 Christus
720 949 819 1009 eidem
850 948 977 1010 subesse
1005 947 1043 1008 ad

123 1039 253 1092 mortem
286 1050 384 1110 usque
412 1035 510 1093 nostri
532 1051 626 1094 causa
648 1052 710 1093 non
734 1032 866 1108 erubuit,
904 1031 1043 1091 indicans

123 1115 281 1191 nimirum,
310 1134 349 1174 ne
371 1133 429 1176 nos
452 1119 542 1176 etiam
568 1116 683 1195 pudeat
710 1118 755 1176 sui
778 1134 871 1175 causa
893 1113 1043 1190 Pontifici,

123 1197 197 1259 licet
218 1198 377 1276 improbo,
401 1218 471 1259 esse
493 1199 658 1262 subiectos.
687 1198 778 1273 Quod
801 1205 832 1258 et
853 1198 961 1258 Petrus
983 1216 1043 1257 ma·

124 1281 235 1341 nit'este
257 1283 419 1360 praecipit,
445 1284 563 1362 etipse
585 1301 707 1361 quoque
731 1281 894 1343 mandasse
915 1280 1044 1358 videtur,

124 1383 192 1424 cum
216 1365 277 1422 ait:
311 1364 410 1443 Super
439 1366 585 1426 cathedra
606 1366 685 1426 Mosi
703 1365 734 1442 ³)
759 1364 905 1425 sederunt
926 1363 1044 1424 scribae

123 1455 155 1506 et
188 1447 361 1523 Pharisaei,
402 1451 507 1509 omnia
543 1469 634 1530 ergo,
679 1467 880 1527 quaecunque
913 1446 1045 1507 dixerint

123 1529 229 1607 vobis,
263 1538 385 1591 servate
419 1539 450 1592 et
482 1533 590 1609 tacite,
631 1532 799 1592 secundum
834 1549 932 1609 opera
970 1548 1043 1590 vero

123 1632 230 1674 eorum
252 1614 349 1674 nolite
371 1614 482 1678 facere.

207 1696 309 1771 Quare
330 1697 420 1763 facile
442 1699 515 1758 mihi
537 1697 720 1777 persuadeo,
743 1715 812 1756 cum
835 1695 973 1756 inferiori
995 1713 1045 1755 ve-

122 1781 194 1839 teris
216 1780 411 1840 instrumenti
443 1782 545 1842 molae
568 1783 690 1861 penitus
713 1781 833 1840 otiosae
856 1797 892 1838 ac
919 1777 1043 1838 tandem

122 1862 288 1923 derelictae
320 1870 424 1924 tantus
458 1865 559 1925 honos
587 1863 676 1924 fuerit
707 1863 845 1938 habitus,
878 1862 1043 1941 superioris

121 1947 230 2021 etiam,
275 1948 349 2006 novi
384 1947 502 2007 scilicet
538 1948 745 2023 Testamenti,
789 1964 913 2005 causam
949 1944 1045 2005 nihilo

120 2029 188 2089 fore
223 2028 422 2108 deteriorem,
462 2030 517 2090 sed
551 2049 702 2090 summum
735 2030 831 2106 ipsius
864 2026 1044 2108 Pontificem

120 2131 182 2171 una
203 2131 270 2171 cum
294 2112 523 2173 successoribus
545 2116 607 2173 suis
628 2113 773 2192 legitimis
796 2112 877 2190 pari,
909 2117 963 2170 aut
983 2109 1044 2170 feli·

123 2195 196 2254 ciori
221 2195 312 2253 etiarn
336 2194 440 2271 modo,
463 2203 526 2258 tam
551 2215 706 2257 sacrorum
723 2194 931 2254 Consiliorum
954 2194 1044 2252 iuter-

122 2278 312 2356 pretatione,
337 2296 427 2356 quarn
450 2280 499 2338 vel
522 2280 590 2340 sola
612 2280 671 2339 hac
693 2277 804 2360 Christi
826 2295 918 2336 voce:
948 2276 1044 2336 Pasce

122 2378 198 2419 oves
222 2378 316 2435 meas,
339 2381 358 2419 a
380 2361 447 2421 Deo
471 2369 502 2422 et
522 2363 588 2422 iure
611 2362 715 2422 divino
739 2361 833 2419 fuisse
854 2359 1042 2419 institutum:

123 2461 225 2501 mores
260 2462 333 2503 vero
355 2443 538 2505 Pontificum
560 2444 709 2525 pascendi
734 2450 835 2502 semet
856 2443 941 2520 ipsos
957 2517 960 2521 Δ
974 2442 1042 2521 plus

122 2542 212 2602 quam
236 2544 327 2602 oves,
360 2528 500 2606 piscandi
529 2530 593 2588 auri
622 2528 690 2607 plns
719 2545 810 2605 quam
832 2526 1045 2600 hominum,a

121 2607 246 2669 diabolo
288 2629 356 2668 esse
398 2611 603 2689 subdit0s4),
647 2610 909 2690 pastoriciumque
953 2607 1044 2686 plane

122 2690 325 2751 adulterinum
348 2711 385 2751 ac
406 2697 541 2772 peccatis
565 2695 678 2754 nostris
700 2693 779 2752 forte
801 2691 947 2752 debitum.
985 2690 1044 2750 Hu-

123 2776 205 2834 mani
228 2783 329 2834 autem
363 2777 437 2836 iuris
464 2797 533 2837 esse
555 2778 736 2837 electionem
766 2776 865 2854 ipsam
887 2772 1044 2832 Pontificis

123 2859 266 2932 maximi,
295 2854 425 2939 asigno
448 2880 511 2920 non
534 2860 671 2937 aberrat,
705 2860 770 2918 sive
798 2858 864 2936 quis
888 2874 1043 2916 successo·

122 2959 186 3000 rem
210 2939 267 3000 sibi
288 2939 356 3020 ipse
377 2950 550 3022 nuncupet,
572 2949 606 3002 ut
627 2943 733 3009 Petrus
756 2940 958 3016 Clementem,
981 2941 1045 2999 sive

123 3024 283 3083 universus
305 3026 453 3103 populus,
477 3033 509 3087 ut
531 3027 614 3104 olim,
638 3027 704 3085 sive
725 3031 841 3084 tantum
866 3021 984 3098 Clerus,
1007 3042 1043 3081 ex

122 3106 232 3185 hisque
254 3106 313 3166 soli
329 3106 517 3186 Cardinales,
540 3117 573 3169 ut
587 3109 689 3181 hodie,
713 3106 858 3188 suffragia
870 3105 1044 3165 conferant:

123 3190 189 3249 sive
225 3189 256 3248 id
296 3191 488 3269 imperatoris
517 3195 609 3253 etiam
638 3194 721 3252 iussu
753 3189 807 3249 fiat
833 3190 883 3248 vel
917 3191 1044 3249 iniussu.

123 3271 237 3333 Omnia
258 3274 338 3332 enim
362 3275 421 3336 ista
442 3277 565 3336 divinae
587 3275 776 3336 Comoedias
799 3273 955 3334 servireit
982 3290 1045 3331 sce-

122 3375 183 3416 nae
212 3364 244 3415 et
273 3376 330 3435 pro
358 3363 496 3438 tempore
524 3360 651 3437 variari,
686 3357 762 3418 nihil
790 3356 890 3418 refert.
939 3355 1045 3434 Neque

201 3633 227 3693 t)
248 3631 278 3682 ln
299 3630 437 3685 adden:
460 3631 629 3699 aditumque.
678 3630 706 3697 2)
727 3628 808 3698 Apud
827 3625 954 3678 Loesch.:
975 3624 1045 3692 Cay-

123 3704 218 3772 pham.
256 3702 288 3766 3)
312 3701 397 3755 ibid:
418 3703 505 3756 licisi.
543 3701 675 3768 4)1bid.:
697 3701 868 3756 subditicios.
905 3697 939 3759 5)
962 3696 1045 3750 lned.

126 3775 188 3829 len.
207 3776 356 3828 commatis
376 3777 488 3846 signam
505 3776 619 3844 ponitur
637 3779 702 3843 post
720 3768 901 3828 vocabulum:
931 3771 1044 3824 servire.
