2346 4208
184 245 225 319 26
392 250 436 306 Ad
457 257 658 324 degeneratam
677 254 859 314 Ειιιιιιιιιιιιιι

186 438 270 501 omni
303 446 426 520 oportet
458 442 570 505 studio
621 442 741 505 Deinde
783 443 897 522 scripta
931 448 1105 506 nostrorum
1143 512 1148 522 l

186 525 293 587 nescio
332 543 423 602 quam
457 526 652 586 oscitantiam
675 545 883 605 nauseamque
917 527 1042 621 spirant
1069 523 1107 585 da

186 605 351 667 fiduciaet
340 609 558 685 tsecuritete,
591 628 683 688 quam
716 608 903 670 habemus
897 629 927 671 ru
960 608 1107 688 opinione

185 690 279 786 vulgi,
302 711 340 750 ex
364 699 469 752 nostro
492 691 586 752 verbo
610 693 788 772 pendentis,
816 700 847 752 et
867 697 1024 788 potestate
1045 691 1105 755 Ro·

188 775 269 836 mani
293 773 448 852 pontilicis
470 781 576 835 nostra
597 776 737 855 probant'
730 796 765 836 rs.
793 775 858 836 Nos
881 777 924 836 ιιι
936 774 1106 851 sordemus,

186 864 219 916 ιιι
241 858 265 915 si
295 857 369 916 nihil
406 867 624 938 promoveant,
657 879 737 939 quae
776 859 952 935 scribimus,
986 856 1107 936 suffieit,

186 939 268 1018 quod
304 941 397 1021 vulgo
432 949 538 1001 nostro
572 949 604 1002 et
630 943 772 1004 Romano
806 941 944 1021 pontifici
972 941 1106 1021 placent,

185 1030 278 1101 atque
298 1023 349 1085 hic
371 1028 418 1085 est
439 1022 510 1084 linis
531 1032 656 1086 nostrae
677 1026 871 1104 scriptionis,
904 1024 979 1103 nihil
1008 1041 1107 1103 aeque

184 1106 345 1184 timemus,
384 1126 474 1185 quam
506 1126 545 1168 ne
574 1109 645 1187 quid
680 1108 836 1185 elabatur,
869 1107 952 1187 quod
971 1105 1107 1176 offendat

184 1189 356 1251 Romanum
381 1189 570 1253 Pontificem.
614 1191 683 1266 Qua
704 1193 824 1252 ratione
845 1190 894 1266 fit,
917 1198 950 1250 ut
972 1192 1052 1253 sicut
1073 1189 1106 1251 li-

185 1271 259 1333 bera
281 1291 344 1333 non
368 1273 537 1351 scribimus,
559 1276 602 1335 ita
621 1275 697 1335 nihil
719 1273 897 1335 efficiamus,
957 1320 958 1323 η

215 1396 218 1403 -
266 1355 311 1415 Tu
336 1375 416 1419 nunc
437 1357 508 1418 vide
530 1358 634 1436 verba,
656 1357 856 1437 imprudentis
879 1365 949 1418 tuae
970 1355 1106 1417 invidiae

184 1440 307 1499 veracia
328 1441 520 1516 testimonia,
548 1442 605 1501 etsi
635 1442 704 1520 ipsa
726 1440 902 1518 mendacia,
931 1459 980 1501 me
1003 1439 1105 1506 catho-

183 1520 274 1581 licum
297 1524 426 1599 asseris,
460 1524 551 1584 simul
581 1531 612 1585 et
639 1524 786 1604 dogmata
808 1543 929 1584 asseras
953 1522 1106 1586 catholica

182 1623 311 1667 necesse
335 1612 401 1685 eat,
431 1612 463 1667 et
490 1609 557 1685 quis
586 1615 634 1668 est
654 1608 737 1667 furor
759 1607 925 1687 impietatis
948 1613 1038 1682 tuae,
1075 1612 1107 1666 ut

182 1707 239 1767 pro
276 1689 438 1751 catholicis
471 1689 668 1768 dogmatibus
704 1710 766 1752 non
805 1691 904 1751 solum
937 1689 1105 1769 indigneris

183 1791 273 1833 sacra
294 1771 377 1850 fieri,
407 1773 578 1834 sedetiam
614 1773 753 1854 appelles
780 1774 927 1852 profana,
949 1773 1104 1836 abominer

185 1854 268 1932 bilia,
290 1855 518 1921 exsecrabilia?
541 1856 698 1937 intelligis,
724 1855 806 1935 quod
821 1856 927 1934 cahos,
950 1854 1033 1935 quod
1054 1874 1104 1936 pe·

184 1937 274 2018 lagos
295 1943 502 2000 monstrorum
531 1958 572 1999 ex
601 1940 660 2000 lrao
692 1940 846 2000 sententia
873 1937 1039 2018 sequatur?
1074 1943 1106 2001 ut

184 2021 256 2081 hinc
284 2028 314 2083 te
344 2021 433 2082 facile
468 2023 606 2102 peiorem
635 2023 776 2084 omnibus
797 2023 961 2088 haereticis
983 2029 1015 2082 et
1036 2020 1105 2083 dac·

185 2103 326 2165 monibus
349 2105 465 2183 possim
488 2106 646 2166 asserere?
670 2105 751 2180 Quid
770 2107 852 2166 enim
875 2124 937 2167 non
961 2105 1059 2167 faciat.
1076 2109 1106 2166 st

185 2188 321 2262 omittat,
357 2189 407 2265 qui
436 2208 492 2268 pro
523 2191 652 2251 veritate
690 2207 778 2250 sacra
813 2189 895 2250 facta
924 2188 1105 2267 pronunciat

185 2269 334 2349 profana?
371 2270 463 2348 Esto,
491 2273 553 2332 sint
573 2272 703 2332 Bohemi
732 2272 895 2350 haeretiei,
926 2277 958 2330 at
983 2270 1104 2350 quando

184 2371 241 2431 pro
263 2353 392 2414 veritate
362 2359 513 2433 teorant,
538 2374 626 2417 sacra
648 2355 727 2415 haec
748 2363 780 2414 tu
793 2356 923 2433 prolana
945 2353 1040 2414 audes
1064 2353 1107 2415 di·

186 2435 281 2497 cere?
326 2437 399 2497 An
396 2456 498 2498 saera
531 2457 588 2517 pro
615 2437 782 2497 mendaciis
811 2438 892 2498 facta
925 2443 1032 2498 sancta
1055 2435 1107 2497 tibi

185 2518 347 2579 videntur?

269 2600 347 2676 Quid
382 2604 477 2664 sentis
508 2603 547 2663 de
582 2605 656 2664 mais
679 2604 790 2681 sacris,
826 2621 905 2681 quae
938 2621 994 2683 pro
1024 2572 1055 2662 te
1077 2608 1107 2663 st

185 2684 322 2747 Ecciof
319 2687 387 2747 acio
416 2705 530 2766 magno
552 2685 644 2746 effect
633 2694 678 2763 tu,
708 2706 776 2746 cnm
809 2685 862 2747 tibi
885 2685 980 2746 atilli
1001 2684 1107 2747 haere-

186 2769 262 2830 tiens
285 2769 410 2830 videar?
432 2769 540 2849 Neque
557 2771 638 2830 enim
652 2769 752 2830 habeo
768 2768 893 2911 (crede,
911 2786 973 2829 non
986 2767 1107 2844 oredo),

185 2851 294 2932 quibus
318 2872 366 2912 me
388 2853 456 2932 plus
478 2853 592 2914 debere
609 2853 683 2913 mihi
705 2851 893 2930 videar,et
862 2871 975 2930 epro
1000 2851 1107 2930 quibus

185 2935 342 2997 ardentius
365 2955 449 2997 orem
457 2955 580 3015 ,quam
603 2956 658 3016 pro
683 2935 819 2996 iohanne
843 2934 997 3014 Tetzelio,
1020 2934 1106 2997 huius

185 3018 365 3100 tragoediae
387 2983 512 3097 autcle,
534 3021 620 3081 cuius
642 3020 745 3079 anima
767 3019 858 3078 sitin
881 3036 976 3098 pace,
999 3025 1030 3078 et
1051 3037 1106 3098 pro

185 3107 216 3162 te
238 3101 386 3179 etEceiO,
409 3102 810 3182 omnibusqueadversariis
824 3103 910 3179 meis,
933 3099 1012 3162 adeo
1036 3100 1106 3162 mihi

185 3184 334 3264 prodesse
356 3186 456 3246 sentio
478 3187 681 3247 adversarios.
725 3184 798 3246 sine
820 3204 910 3264 ergo,
933 3184 1071 3244 infelix
1064 3204 1105 3247 ιιι

185 3267 277 3344 vidia,
300 3287 355 3348 pro
370 3267 565 3348 dogmatibus
588 3270 664 3329 meis
686 3288 776 3330 saera
795 3267 870 3345 fieri,
891 3267 942 3327 vel
963 3267 1108 3340 aTurea3

185 3350 282 3412 nolite
307 3350 470 3431 prohibere
496 3373 576 3429 eum,
599 3353 735 3431 quinon
759 3359 807 3412 est
828 3357 936 3412 contra
958 3368 1030 3426 vos,
1053 3369 1106 3430 pro

186 3434 276 3495 vobis
298 3441 354 3508 est
376 3434 453 3496 dixit
441 3437 622 3498 tOhristue
665 3435 727 3495 Διιι
748 3435 878 3514 primurn
907 3452 956 3493 me
978 3433 1107 3494 haereti·

183 3537 255 3582 oum
279 3525 310 3580 et
331 3518 478 3598 dogmata
499 3519 656 3581 haeretica
680 3517 819 3592 ostende,
840 3535 880 3576 ne
894 3516 1008 3577 rabie
999 3535 1108 3578 insana

184 3602 251 3665 Deo
286 3601 477 3680 praeferre
471 3603 600 3682 incipias
631 3600 811 3675 diabolum,
850 3607 882 3660 et
912 3599 1106 3700 mendacium

184 3685 314 3747 veritati

226 3766 425 3846 Αιιικιιιοι,
441 3788 468 3833 ,ο
494 3769 618 3853 lector,
646 3787 697 3834 ure
725 3765 924 3847 Aegocerota
951 3764 1034 3833 hunc
1060 3784 1107 3832 es·
