2346 4208
419 255 456 311 ad
474 255 531 311 lac.
549 253 744 311 Hochstrateu.
904 323 912 334 ἣ
981 249 1045 319 llll

122 438 409 501 Doctorilllichacli
422 438 520 500 Swas.
552 439 631 499 Nam
653 438 855 501 certissimum
877 444 926 499 est
946 457 1044 517 gram·
1069 489 1073 504 ,

122 522 315 598 matistarum
338 521 457 585 turbam
480 522 663 584 hosinfsrre
685 540 804 583 errores
826 522 857 581 in
872 521 1045 583 ecclesiam.

123 603 218 678 Quod
231 601 256 680 l)
289 607 315 666 si
338 626 477 666 summus·
498 606 641 666 Pontifex
664 606 713 665 via
734 605 819 684 regia
841 602 953 666 dudum
975 604 1046 665 fuis-

123 694 173 748 set
193 706 386 767 progressus,
411 695 442 748 et
463 708 526 749 non
539 689 677 750 audisset
696 690 727 749 in
740 695 900 766 utramque
922 694 1046 750 nostrae

122 770 397 833 subsannationem
421 771 709 832 aGrammatioellis
725 772 846 849 factam,
869 788 931 832 non
954 777 1045 847 esset,

124 855 269 932 quoiam
293 863 384 934 caput
409 874 496 914 suum
520 875 673 917 murmure
695 861 896 931 attentarent,
921 861 953 914 ut
975 859 1046 915 ante

123 939 157 997 iu
180 939 324 999 examine
348 938 463 999 Gabale
485 937 598 998 dudum
622 937 884 1015 tumultuantibus,
907 945 939 996 et
960 937 1047 1017 quasi

122 1019 293 1099 furibundi,
317 1028 348 1082 et
370 1022 457 1099 quasi
478 1020 644 1081 insalutato
667 1021 790 1100 hospite
812 1019 952 1081 abierunt
976 1019 1046 1085 vui-

124 1103 370 1183 tembergenses.

209 1186 277 1266 Ego
291 1193 332 1265 111)
360 1189 423 1248 iam
444 1206 562 1247 nonum
582 1186 662 1247 diern
686 1187 735 1246 hic
758 1206 861 1248 moror
882 1186 968 1247 finita
981 1185 1047 1247 llis·

125 1270 297 1350 putatione,
321 1289 400 1350 quae
422 1277 484 1329 tres
506 1269 627 1329 duravit
649 1272 846 1349 septimanae.

209 1353 340 1414 Fecerat
360 1353 509 1414 Lutherus
548 1355 579 1412 in
615 1352 664 1414 die
686 1353 716 1416 S.
739 1354 819 1413 Petri
847 1354 876 1412 in
908 1352 1064 1416 absentia

80 1470 89 1478 -
124 1436 275 1517 Principis
296 1438 325 1496 in
339 1436 644 1516 aulaDisputationis
666 1455 841 1496 sermonem
858 1436 1045 1497 Hussiticum

125 1520 221 1599 plane
254 1539 427 1582 erroneum.
485 1519 553 1598 Ego
588 1519 751 1579 confestim
787 1520 818 1578 in
853 1519 1047 1581 Visitationis

125 1602 262 1682 Virginis
284 1604 414 1680 Mariae,
450 1609 481 1662 et
509 1602 559 1662 die
580 1603 721 1681 sequenti
743 1602 774 1661 in
796 1603 1047 1680 frequentissimo

124 1685 295 1765 auditorio,
319 1686 411 1765 quale
433 1703 586 1763 nunquam
609 1683 717 1764 habui,
740 1686 917 1764 praedicavi
938 1692 1049 1746 contra

127 1771 194 1831 eius
218 1789 354 1848 errores,
384 1776 415 1829 et
437 1769 583 1848 populum
608 1788 692 1829 mere
714 1769 882 1846 concitavi,
912 1775 945 1828 ut
966 1767 1049 1831 fasti·

126 1852 193 1912 diat
213 1871 332 1913 errores
355 1851 554 1927 Lutlierancs,
578 1871 645 1911 cras
668 1851 772 1913 itidem
796 1852 929 1912 facturus
952 1853 1049 1912 etsie

126 1936 263 2015 Lipsiam
287 1934 502 1996 valedicturus

211 2019 437 2098 Occupationes
471 2019 598 2093 faciunt,
634 2018 716 2097 quod
744 2018 879 2080 Domino
910 2016 1048 2082 Arnoldo

127 2102 264 2162 scribere
300 2123 363 2162 non
395 2102 511 2180 possim
541 2120 599 2160 nec
629 2101 683 2161 tibi
710 2121 772 2162 non
809 2102 906 2180 plura.
949 2101 995 2160 Tu
1025 2101 1049 2159 si

127 2185 201 2264 quid
226 2186 301 2246 velis
331 2185 515 2260 rescribere,
550 2186 724 2245 committas
747 2186 883 2244 Domino
908 2184 1050 2265 Michaeli

128 2270 233 2345 Swas,
270 2270 320 2346 qui
356 2288 409 2346 per
432 2268 575 2327 Sueteros
603 2277 655 2327 aut
678 2268 828 2328 Vualeros
859 2275 924 2328 tuto
948 2274 1051 2347 potest

128 2352 348 2433 lngolstadium
372 2353 501 2412 mittere.

215 2436 325 2495 Valeat
345 2435 515 2494 reverenda
537 2435 634 2513 pietas
657 2443 718 2512 tua,
741 2443 772 2496 et
793 2437 818 2493 si
841 2435 912 2513 quid
937 2454 1051 2514 operae

129 2522 247 2599 possim
271 2517 463 2598 impendere,
487 2520 517 2576 in
541 2526 580 2594 te,
604 2524 635 2577 et
655 2520 768 2578 factum
792 2518 939 2597 crede¹).

214 2603 262 2661 Ex
285 2603 387 2682 Lipsia
409 2602 519 2662 XXlV.
544 2602 618 2677 lulii,
641 2602 733 2662 Anno
749 2603 867 2682 gratiae
888 2602 1050 2664 lll.D.lllll.

211 2716 218 2737 ’
289 2767 437 2849 Epistola
459 2767 603 2850 Philippi
624 2768 877 2903 nelmantpanis

159 2903 197 2963 de
220 2904 340 2983 Lipsiea
364 2905 579 2984 Disputatione
601 2905 640 2963 ad
663 2906 794 2964 amicum
819 2905 1029 2984 quendum*).

228 3059 361 3119 Amico
384 3060 418 3118 N.
442 3059 644 3140 Philippus
667 3059 945 3152 Melanchtlion

426 3176 561 3238 Salutem
584 3180 614 3238 in
638 3177 768 3238 Christo.

216 3329 322 3411 Neque
346 3333 459 3392 referre
482 3332 608 3392 multum
631 3338 722 3410 pute,
752 3351 852 3411 neque
875 3340 904 3392 tu
929 3351 1053 3412 magno-

203 3506 225 3567 l)
246 3504 393 3557 Accusatio
436 3507 528 3572 Papae
570 3506 648 3571 quasi
689 3504 829 3571 eleganter
870 3509 1053 3574 geminatum.

133 3577 176 3641 nn)
200 3576 281 3627 ltedit
299 3577 371 3627 unde
392 3576 533 3643 digressus
555 3582 605 3628 est.

205 3649 236 3711 l)
259 3650 287 3699 ln
308 3649 422 3699 Loesch.
447 3653 503 3699 Act.
524 3649 642 3699 Reform.
664 3647 696 3697 lll
719 3664 744 3714 p.
765 3647 950 3717 2241egitm·:
985 3657 1011 3702 et
1030 3652 1053 3703 sl

133 3720 199 3787 quid
221 3735 322 3786 optaras
344 3722 448 3787 possim
469 3720 630 3787 impendere
649 3721 676 3770 in
698 3725 732 3783 te,
753 3719 783 3768 id
801 3724 901 3773 lactum
924 3723 1015 3778 crede.

206 3789 237 3857 *J
260 3794 278 3844 i.
299 3809 320 3845 e.
341 3792 472 3844 loannem
492 3791 745 3860 Oecolampadium.
