2346 4208
314 295 453 366 parandas
473 299 583 351 unimus
600 295 780 352 cononem.
896 260 898 265 Ι
959 289 1023 360 459

103 482 207 562 Atque
240 483 317 545 haec
348 485 424 546 fides
456 485 616 547 retinenda
648 485 773 546 tirmiter
806 493 867 560 est,
901 485 1021 546 etiamsi

10 593 11 601 ¹
103 586 212 627 omnes
235 569 351 649 augeli,
389 589 495 630 omnes
518 577 690 644 creaturae,
722 571 785 630 imo
820 569 911 628 etiam
938 569 1021 628 Deus

101 652 170 730 ipse
194 649 348 711 diversum
372 652 513 713 videatur
533 654 658 730 sentire,
678 652 709 712 id
732 651 814 731 quod
830 650 923 711 Satan
943 652 1022 710 mira

102 740 171 794 arte
192 752 413 816 nonnunquam
436 735 544 814 eflicit,
572 737 615 796 ita
638 737 718 796 enim
741 735 827 816 fingit
850 735 1023 811 omnia,*ut

102 822 193 894 putes
214 818 340 878 omnino
363 820 452 878 aliam
472 820 529 879 Dei
552 838 620 879 esse
643 819 841 892 voluntatem,
865 835 955 896 quarn
976 832 1027 877 re·

102 918 176 959 vera
199 904 252 959 est
298 900 387 975 Quod
414 922 487 982 ergo
515 902 585 962 huic
611 903 693 962 malo
715 902 905 962 inveniemus
926 918 1022 961 reme·

101 981 184 1042 diurn
206 983 331 1045 miseri?

186 1063 325 1145 Deoimo,
349 1086 431 1129 mors
454 1086 518 1128 non
541 1073 588 1128 est
608 1068 678 1128 talis
692 1065 895 1148 concipienda
908 1067 1021 1145 auimo,

103 1147 202 1227 qualis
236 1160 289 1208 aut
324 1152 392 1230 ipsa
423 1157 489 1228 est,
526 1157 579 1211 aut
606 1149 695 1210 nobis
724 1169 793 1210 esse
815 1149 948 1224 videtur,
971 1155 1023 1210 aut

103 1231 202 1309 qualis
231 1251 299 1292 esse
331 1240 476 1313 apparet,
511 1235 616 1310 iniis,
651 1235 700 1312 qui
723 1234 761 1293 ab
784 1235 862 1293 irato
885 1233 972 1311 Deo,
1004 1252 1024 1292 a

104 1319 205 1374 morte
225 1316 314 1392 victi,
337 1320 408 1376 sunt
429 1315 636 1377 condemnati.
680 1315 758 1376 Nam
782 1318 807 1376 si
830 1316 921 1375 talem
944 1334 1022 1376 mor·

103 1397 141 1456 tis
163 1396 272 1457 faciem
295 1399 398 1460 animo
420 1399 570 1476 includas,
593 1399 773 1460 succumbes
796 1405 826 1458 et
846 1399 924 1478 ipse.
1026 1416 1030 1423 ·

185 1479 246 1541 Sed
270 1483 315 1542 sie
339 1488 385 1542 est
406 1481 598 1560 faciendum,
622 1482 747 1557 oeulos,
780 1500 834 1542 cor
856 1487 888 1541 et
908 1482 1031 1560 cogita‘

104 1564 206 1622 tiones
227 1571 295 1625 tuae
317 1584 335 1625 o
392 1584 426 1625 es
455 1565 493 1625 ab
515 1567 569 1625 illa
591 1566 697 1625 mortis
718 1565 798 1625 facie
818 1571 958 1641 avertes,
976 1629 977 1632 Ἴ
992 1571 1031 1625 et*

103 1645 197 1706 telem
221 1648 285 1707 eius
307 1649 471 1730 imaginem
495 1639 634 1708 includes
652 1649 772 1723 animo,
802 1647 900 1725 qualis
923 1653 971 1707 est
990 1648 1023 1706 in
1070 1720 1072 1728 Ι

102 1729 156 1804 iia,
180 1729 284 1808 quiin
307 1731 440 1791 Domino
463 1731 709 1808 obdormierunt,
733 1737 763 1790 et
785 1731 924 1789 vicerunt
945 1748 1023 1790 mor·

103 1817 182 1886 tem,
216 1815 382 1894 praecipue
405 1821 507 1874 autern
530 1814 629 1894 qualis
651 1822 698 1872 est
720 1814 751 1872 in
775 1809 914 1891 Christo,
942 1820 1023 1892 post,

103 1894 203 1972 qualis
224 1897 255 1954 iu
279 1895 399 1956 Sanctis
423 1916 545 1977 quoque
567 1898 663 1976 ipsius
686 1903 743 1956 est.

188 1976 247 2051 Qui
270 1980 362 2039 talem
386 1984 492 2041 mortis
515 1981 623 2040 faeiem
646 1981 749 2039 animo
772 1979 959 2057 concipiunt,
981 1979 1024 2037 vi·

103 2059 178 2118 dent
205 2079 273 2120 eam
296 2081 359 2123 non
382 2063 513 2144 amplius
535 2063 759 2124 formidabilem
787 2068 819 2120 et
838 2059 1023 2120 horrendam

103 2161 191 2219 esse,
225 2144 278 2203 sed
303 2153 512 2225 contemptum
541 2153 571 2206 et
599 2148 829 2225 interemptam,
851 2163 906 2223 per
928 2145 1023 2203 vitam

104 2242 229 2303 quoque
256 2227 407 2288 devictam
438 2236 468 2289 et
499 2238 682 2310 superatam.
725 2229 758 2288 ln
790 2227 910 2288 Christo
942 2228 1022 2287 euim

104 2314 136 2366 et
158 2308 278 2368 Sanctis
301 2312 366 2370 eius
388 2313 451 2370 vita
474 2320 535 2388 est,
560 2331 660 2390 neque
682 2313 744 2371 ulla
766 2313 872 2371 mortis
895 2312 1025 2390 vestigia

104 2399 263 2471 apparent.

188 2473 310 2548 Quanto
345 2476 437 2554 igitur
473 2476 563 2536 altius
583 2477 689 2535 talem
720 2479 827 2536 mortis
859 2476 1024 2556 imaginem

104 2558 207 2616 animo
230 2559 436 2637 impresseris,
459 2567 545 2618 tanto
566 2560 634 2637 ipsa
657 2577 738 2618 mors
762 2562 859 2638 magis
882 2559 1023 2619 obscura-

104 2640 193 2717 bitur,
216 2652 246 2699 et
269 2643 335 2700 sine
357 2641 420 2702 ullo
445 2642 551 2702 labore
574 2649 748 2702 evanescet.
782 2641 926 2701 Pacatum
949 2661 1022 2720 quo

104 2741 164 2800 que
187 2741 240 2782 cor
262 2725 334 2802 erit,
369 2733 401 2783 ut
429 2726 460 2784 in
483 2744 561 2805 paco
584 2743 653 2783 cum
676 2724 797 2784 Christo
819 2724 949 2784 feliciter
971 2724 1024 2784 ob·

104 2805 252 2881 dormiat,
284 2808 363 2866 sicut
388 2809 420 2866 in
443 2808 632 2887 Apocalypsi
660 2807 813 2867 scribitur:
847 2808 949 2885 Beati,
973 2807 1034 2887 quiv

104 2889 134 2945 in
156 2887 290 2949 Domino
313 2889 380 2949 lesu
402 2892 579 2951 moriuntur.
1030 2918 1032 2923 ·

188 2970 244 3030 llst
270 2979 371 3032 autem
400 2973 488 3032 huius
518 2976 561 3033 rei
589 2973 819 3052 elegantissima
847 2971 945 3052 ligura
964 2972 1023 3031 Nu-

104 3071 163 3112 me.
186 3056 240 3115 21:
274 3055 316 3113 illi
339 3056 435 3130 enim,
468 3059 518 3137 qui
547 3075 565 3115 a
599 3056 791 3134 serpentibus
823 3055 898 3114 laesi
928 3062 1024 3132 erant,

105 3153 166 3194 nou
191 3136 410 3216 depugnabant
432 3158 498 3198 oum
521 3138 728 3218 serpentibus,
758 3138 812 3198 sed
834 3138 877 3196 illi
900 3156 1023 3197 aereum

104 3226 295 3298 serpentem
327 3223 376 3299 qui
406 3222 480 3281 nihil
503 3229 624 3301 praeter
647 3224 781 3300 speciem
802 3222 952 3301 serpentis
973 3220 1025 3280 ha·

104 3298 206 3375 bebat,
230 3303 433 3381 intuebantur,
457 3311 488 3365 et
510 3307 610 3365 statim
633 3305 870 3365 restituebantur
891 3305 1024 3364 sanitati.
1095 3367 1099 3377 Χ

103 3384 155 3443 Sic
175 3404 313 3464 quoque,
350 3389 374 3446 si
402 3388 432 3445 in
463 3388 573 3448 Ohristi
609 3388 744 3447 mortem
767 3386 884 3467 deligas
915 3388 1023 3447 mentis

104 3467 227 3545 oculos,
250 3471 342 3527 vitam
365 3473 509 3548 reperies.
554 3471 606 3531 Sin
629 3481 730 3530 autem
755 3470 845 3530 aliam
869 3470 1022 3549 quandam

104 3553 211 3611 mortis
233 3553 411 3631 conceperis
432 3555 614 3635 imaginem,
648 3553 829 3614 succumbes
848 3562 879 3613 et
899 3553 1023 3632 peribis.

104 3633 200 3693 Recte
232 3635 323 3715 igitur
351 3635 537 3718 Christus*)
571 3637 662 3697 dixit:
697 3637 731 3697 ln
758 3636 873 3698 mundo
901 3637 1033 3718 quidem¹

103 3744 522 3770 *ww-am„-

175 3802 205 3870 Ἴ
223 3805 322 3859 locun
343 3807 386 3863 18.
