2346 4208
431 280 813 357 dominantum-'²
978 282 1076 355 Μ.

137 492 180 535 ses
196 472 385 537 Romae-vel
404 474 438 535 iu
459 472 528 537 eliis
550 472 680 536 eoelesie
690 479 826 555 monus,
847 475 927 537 siout
945 475 1046 557 pridie

78 600 80 611 .
142 556 201 639 uzi,
217 556 304 638 quod
325 559 358 619 in
370 556 514 619 &mene
534 556 609 619 sede
629 557 752 619 fuerunt
772 555 896 619 dueenti
919 564 951 619 et
971 557 1047 621 duo·

140 638 346 721 iusiurPupee,
367 645 524 703 ettamen
546 649 620 701 unte
641 658 748 702 eorum
769 642 959 705 emotionem
980 642 1046 709 nul-

139 723 175 785 ln
202 721 359 785 definitive
389 728 423 784 et
448 725 633 807 sententium
660 721 798 785 ferendo·
817 725 849 785 in
875 722 938 785 tide
965 743 1045 787 erre-

97 852 105 877 ,
140 806 210 869 mit
273 834 292 853 ÷.
401 836 404 841 .
450 836 454 841 .
521 850 527 857 ,
656 836 659 841 .

196 888 254 950 nd
262 888 480 971 Theophilum,
503 902 594 969 quem
615 888 673 969 pro'
695 906 753 952 suo
764 894 840 949 nutu
862 896 956 971 neget
975 891 1044 953 siue

138 972 249 1034 sinnius
271 972 322 1033 vei
342 972 517 1033 autoritatis
546 970 596 1032 vsi
621 972 752 1033 ustionis
772 970 919 1047 induotn,
940 973 1045 1053 miror,

78 1058 81 1125 j
138 1054 204 1137 quod
224 1054 454 1117 eoelesiestioos
475 1054 581 1115 Putres
602 1055 647 1115 ite
667 1055 847 1135 eontemnit,
867 1056 921 1135 qui
941 1055 1045 1137 sophi-

137 1140 179 1201 or
197 1144 245 1200 est
264 1136 433 1200 admodum
452 1137 600 1200 infensus.
621 1137 670 1198 Au
694 1139 827 1198 ustinum
841 1137 972 1216 induxit,
992 1140 1045 1219 qui

78 1254 80 1263 ·
136 1218 293 1303 ibeopbilo
314 1239 378 1282 non
399 1219 591 1301 adversatur,
612 1219 659 1283 oh
685 1228 765 1283 stum
778 1220 914 1282 loentum
936 1220 976 1282 de
991 1240 1044 1303 gs·

137 1324 195 1367 uere
213 1304 362 1385 martyrii.
384 1302 447 1365 fied
468 1302 596 1382 dooeet,
619 1302 670 1364 ubi
692 1304 882 1385 Augustinus
903 1303 1042 1366 ordinem

136 1388 293 1471 mgisterii
314 1387 485 1468 negaverit,
506 1405 578 1449 eum
598 1385 714 1447 ibidem
734 1392 822 1449 treot
847 1389 908 1451 124
928 1385 968 1449 de
988 1387 1044 1449 Pe·

136 1466 172 1533 io
187 1472 332 1551 intentur,
344 1488 424 1531 eum
443 1469 539 1531 irrisus
559 1469 785 1531 abundantiore
862 1471 921 1549 tiu,
947 1488 1043 1539 unum
1130 1532 1141 1553 ,

109 1616 113 1625 ,
134 1554 314 1634 umdemque
356 1553 465 1615 timum
477 1552 674 1633 apostolum.
696 1552 737 1613 Et
755 1553 788 1613 iu
836 1553 952 1634 pistule
964 1556 1043 1619 162:

133 1634 317 1701 iu-Romeuu
399 1634 485 1714 lesio,
505 1637 615 1716 inquit,
635 1654 759 1717 semper
779 1635 972 1716 apostoliens
993 1654 1043 1698 eu·

133 1718 247 1783 usum
267 1719 368 1809 viguit
386 1706 712 1801 prinoipetuss-Quere
733 1738 795 1780 non
819 1737 869 1779 me
891 1725 989 1801 roget,
1010 1726 1043 1781 ut

82 1872 88 1887 ,
132 1803 353 1867 eouoiusion'em
375 1807 526 1882 uosbum,
549 1820 641 1882 quem
654 1806 899 1883 'reputovsrem,
921 1800 1045 1864 nonde·
1064 1832 1073 1865 ·.

131 1885 274 1951 burim·
485 1922 488 1927 ·
595 1912 600 1921 ·
878 1930 882 1936 -
1075 1906 1078 1915 ·

200 1970 266 2034 Suu
287 1987 369 2049 quse
389 1967 520 2030 adduxit
536 1967 579 2028 ‘de
601 1966 692 2029 Petro
702 1969 751 2050 ²⁸),
775 1968 869 2029 misso
891 1969 923 2029 iu
939 1967 1043 2030 Seme·

128 2054 211 2134 rium,
239 2059 273 2115 st
293 2071 349 2133 per
368 2051 431 2113 hoo
450 2053 614 2132 primatum
644 2050 684 2112 eb
705 2069 744 2112 eo
766 2050 919 2130 oblatum,
954 2054 1041 2130 qussi

128 2139 293 2199 ueseiemue
315 2135 448 2215 aliquem
468 2134 589 2195 mittere
611 2135 776 2214 seipsum,
800 2141 833 2195 ut
853 2134 961 2194 Filium
984 2135 1040 2194 Dei
1166 2140 1170 2149 “

127 2219 239 2282 ePutre
260 2225 294 2279 et
314 2238 334 2278 a
356 2237 390 2278 se
412 2219 482 2298 ipso
502 2219 637 2296 missum,
659 2236 723 2278 non
745 2219 867 2279 noviter
888 2219 948 2280 iste
969 2237 1041 2278 ven·

125 2303 195 2364 tiieri
218 2308 410 2382 coeperunt,
440 2300 495 2361 sed
524 2302 628 2360 omnio
655 2298 769 2360 dudum
798 2301 918 2362 fuerunt
940 2301 1042 2361 solute

124 2405 171 2466 per
183 2387 368 2467 Aipherum‚
381 2383 556 2445 Johsnnenr
578 2383 618 2444 de
628 2384 724 2444 Turre
745 2388 881 2444 bremete
902 2388 933 2444 et
954 2384 1041 2444 elios.

125 2467 208 2545 Quod
232 2471 260 2530 si
283 2469 391 2528 Petrus
414 2466 534 2529 ieoobo
555 2468 649 2527 cessit
668 2467 894 2547 Hierosolymis
915 2468 945 2526 in
970 2486 1041 2528 eon·

122 2554 197 2634 ubo,
222 2559 255 2613 et
277 2552 339 2612 looi
361 2554 392 2610 et
413 2551 579 2610 senectutis
603 2551 753 2612 rationem
776 2550 910 2627 hebens,
931 2552 1040 2631 prime·

121 2643 177 2699 turm
202 2637 296 2696 Petro
319 2653 382 2695 non
405 2633 511 2696 aufert.
550 2632 612 2694 sed
641 2640 675 2693 ut
699 2630 839 2694 videatur
864 2633 978 2713 eliquid
1000 2634 1041 2694 fu-

121 2708 201 2797 bere,
230 2717 337 2779 tribuit
365 2717 528 2797 primatum
556 2716 683 2776 honoris
713 2718 818 2794 Petro,
842 2717 928 2778 'forte
957 2717 1041 2777 velut
1080 2746 1083 2751 ·

120 2804 300 2878 ambitioso,
333 2819 401 2860 oum
424 2819 463 2860 ex
486 2819 534 2859 me
557 2799 687 2860 audierit
709 2800 912 2881 Cyprianum,
934 2800 1039 2861 Hiero-

120 2906 253 2968 nymum,
277 2883 511 2959 etenensium,
535 2883 697 2964 apostolos
720 2883 858 2963 aequalis
880 2882 973 2943 fuisse
983 2884 1039 2944 ho-

120 2972 208 3030 noris.
230 2968 318 3048 Ergo
339 2968 502 3047 primatum
526 2967 651 3027 honoris
673 2966 859 3028 reverendus
880 2966 974 3028 Pstei'
991 2969 1040 3027 tri·

121 3050 180 3113 buit
191 3053 295 3129 Petro,
319 3069 409 3129 quem
431 3050 462 3122 S.
472 3050 578 3110 Patres
600 3057 724 3130 negent,
748 3056 856 3112 eontra
877 3051 1040 3129 primatum

120 3136 273 3217 regiminis
296 3139 390 3214 neget
413 3134 513 3211 Petro,
537 3152 628 3214 quem
650 3152 780 3195 oonoors
794 3133 954 3194 S.Petrum
973 3154 1039 3194 sen·

122 3220 213 3280 tentio
234 3223 268 3279 et
289 3216 411 3277 eeneiiii
424 3215 680 3292 'Constantiensis
702 3217 795 3278 Petro
817 3217 930 3279 tribuit.

198 3302 331 3361 Desinet
346 3317 442 3381 ergo,
472 3319 544 3378 oro,
577 3300 703 3380 gloriari
737 3320 771 3361 se
794 3309 902 3361 contre
924 3311 984 3361 tsru
1008 3303 1039 3365 S.

123 3382 232 3463 Patres,
256 3391 365 3444 eontra
386 3390 448 3443 tem
472 3383 594 3444 eelebre
619 3383 793 3461 eoneiiium,
817 3403 850 3444 se
872 3385 1039 3446 maioribus

123 3466 470 3545 autoritatibus'nixum,
492 3467 573 3545 quod
597 3485 690 3547 seepe
719 3466 905 3528 ostenderim
928 3472 1038 3530 euteri-

123 3555 196 3610 tutes
223 3568 288 3630 per*
307 3569 376 3631 eum
404 3549 544 3610 inductas
565 3552 728 3631 primatum
758 3570 820 3610 non
851 3570 964 3632 negare
986 3554 1039 3613 oli-

124 3634 201 3693 euiue
222 3632 250 3695 S.
273 3631 372 3693 Petris
394 3634 556 3698 sententio.
579 3630 681 3709 Quare
703 3635 804 3714 potius
829 3653 896 3696 oum
910 3634 1038 3696 Graecis

156 3812 183 3878 ⁸>
202 3810 340 3870 retorsit.
423 3788 425 3793 ’
