2346 4208
484 277 520 337 D.
538 278 578 336 u*
592 279 712 337 numan
992 274 1054 344 331

133 461 261 525 iactant.
304 461 373 545 Ego
402 466 428 526 si
457 467 502 526 sic
533 486 645 548 papam
674 466 945 546 contempsissem,
978 464 1057 526 sicut

133 563 203 606 eum
227 565 310 607 nnnc
331 555 533 610 contemnunt
554 552 601 611 sui
622 550 808 625 laudatores,
826 554 983 629 putassem
1005 567 1056 609 rns

134 629 244 690 adem
267 630 345 692 hora
367 631 611 713 absorbendum,
635 653 703 693 oum
721 632 822 692 Chore
844 636 875 692 et
896 631 966 694 suis.

219 711 279 774 Sed
303 720 336 775 ut
356 715 499 795 redeam,
534 736 601 776 cum
625 719 668 777 ita
696 716 846 777 ecclesiae
874 719 905 774 et
926 713 1057 794 Spiritus

133 795 232 856 sancti
256 804 469 878 exspectarem
491 801 690 874 sententiam,
722 817 796 859 mox
817 796 960 858 indicitur
981 796 1058 858 mihi

133 877 309 957 silentium,
349 888 379 942 et
411 883 564 963 allegatur
599 882 800 944 consuetudo.
842 880 911 960 Ego
933 880 1054 940 territus

133 963 302 1023 autoritate
324 967 457 1025 nominis
476 965 627 1027 ecclesiae
645 967 733 1041 cessi,
756 971 787 1024 et
807 963 954 1024 cardinali
969 963 1055 1024 Coie-

133 1050 209 1105 tano
232 1045 391 1127 Augustae
414 1047 510 1110 obtuli
527 1049 690 1128 silentium,
712 1047 866 1108 humiliter
885 1053 1004 1126 petens,
1023 1051 1056 1106 ut

131 1134 164 1187 et
185 1127 373 1191 clamoribus
393 1131 543 1193 adversae
574 1133 669 1212 partis
698 1131 812 1211 pariter
833 1130 987 1191 silentium
1010 1129 1053 1189 in·

130 1209 258 1273 diceret.
279 1210 337 1274 Ille
359 1233 433 1275 vero
455 1234 518 1277 non
531 1215 630 1276 solum
651 1215 712 1275 hoc
734 1211 986 1294 denegavit-sed
1000 1211 1055 1272 ad-

130 1292 225 1354 didit:
247 1294 313 1355 Nisi
329 1316 518 1376 revocarem,
541 1318 610 1359 sese
622 1298 833 1358 damnaturum
848 1297 954 1357 omnia
975 1314 1053 1375 meo,
1096 1372 1099 1379 1

129 1395 335 1457 quaeeunque
357 1380 540 1442 docuissem.
583 1383 756 1442 Docueram
786 1385 888 1438 autem
915 1380 977 1439 iam
999 1398 1054 1439 ca-

128 1459 313 1521 techismum
343 1482 405 1523 non
433 1483 530 1544 parvo
556 1465 669 1541 tructu,
709 1481 799 1541 quem
832 1461 970 1522 damnari
991 1480 1055 1524 non

129 1550 277 1623 oportere
307 1546 457 1625 sciebam,
491 1565 593 1626 neque
619 1546 691 1607 mihi
713 1546 773 1606 hoc
794 1544 951 1605 ferendum
975 1562 1054 1621 esse,

128 1627 189 1686 nisi
213 1626 327 1687 vellem
351 1629 505 1691 Christum
528 1632 693 1712 abnegare.
736 1629 783 1689 lta
797 1633 921 1688 ventum
945 1634 993 1688 est
1012 1627 1054 1687 ad

127 1709 213 1770 hanc
231 1713 467 1794 necessitatem,
501 1719 535 1774 ut
564 1733 692 1795 cogerer
713 1719 853 1772 extrema
881 1715 1002 1771 tentare
1022 1717 1056 1771 et

128 1799 323 1872 exspectare.
415 1871 416 1874 Ἴ
1029 1816 1032 1821 ’

213 1876 328 1938 Verum
350 1898 413 1940 non
434 1898 516 1941 nnnc
536 1879 697 1940 historiam
725 1895 825 1937 msom
847 1881 970 1953 texere,
998 1875 1052 1937 sed

127 1972 218 2018 meas
252 1961 412 2040 stultitias,
446 1963 653 2043 ignorantias,
689 1959 881 2020 infirmitates
913 1958 1053 2019 confiteri

126 2040 230 2117 volui,
265 2059 305 2103 ne
341 2046 409 2124 quis
438 2065 488 2105 me
511 2044 564 2130 (ut
585 2044 710 2105 Paulum
734 2048 862 2122 sequar)
899 2042 1056 2102 existimet

126 2142 224 2204 supra
243 2125 284 2204 id,
307 2126 390 2204 quod
412 2128 543 2189 videtin
565 2147 624 2206 me,
647 2134 678 2189 et
701 2147 750 2187 me
770 2126 928 2186 hominem
949 2125 1053 2205 fuisse,

128 2213 162 2265 et
183 2225 254 2266 esse
275 2209 350 2269 nihil
373 2209 499 2287 dubitet,
523 2213 548 2270 si
570 2213 638 2290 quis
662 2221 763 2271 tamen
782 2208 921 2270 dubitare
942 2209 1051 2288 possit,

125 2290 158 2348 in
195 2291 287 2350 tantis
324 2291 561 2354 offensionibus:
605 2295 694 2354 simul
727 2299 761 2352 ut
798 2291 943 2371 exemplo
981 2309 1050 2352 meo

124 2377 271 2432 terrerem
293 2374 478 2451 audaculus,
509 2382 541 2436 et
562 2378 659 2436 crucis
681 2395 718 2436 ac
740 2382 868 2436 satanae
890 2374 1050 2454 imperitos

125 2451 293 2536 (superbos
323 2459 396 2518 volo
430 2457 551 2533 dicere)
574 2458 812 2538 scriptorculos,
847 2457 956 2537 quibus
987 2457 1049 2516 iam

123 2536 203 2596 nihil
225 2546 271 2598 est
298 2560 425 2620 papam,
459 2543 522 2602 imo
549 2547 687 2602 satanam
709 2543 810 2621 ipsum
832 2542 965 2601 vincere.
988 2539 1049 2598 Lu·

123 2619 229 2761 thtzrus
257 2631 305 2683 est
329 2624 495 2704 petendus,
526 2625 587 2695 hoc
605 2625 687 2684 victo
716 2630 803 2684 satan
827 2629 875 2683 cst
894 2622 955 2682 illis
976 2621 1047 2715 ridi·

127 2721 167 2762 cu
181 2722 242 2764 um.

210 2785 289 2860 Quid
311 2788 440 2851 faciam?
469 2789 635 2865 Quomodo
659 2788 763 2869 potui,
784 2790 875 2849 etiam
900 2789 926 2847 si
948 2806 1047 2848 essem

122 2868 273 2948 angelus,
296 2869 447 2949 divinare,
470 2873 547 2933 tales
570 2874 641 2934 mihi
665 2874 695 2932 in
718 2871 837 2952 tergum
859 2872 1044 2931 insurrectu-

123 2968 177 3010 ros
200 2970 269 3013 esse
295 2953 401 3015 hostes
435 2956 491 3016 sub
527 2958 652 3016 nomine
680 2955 770 3017 uteo?
809 2953 873 3016 Sed·
894 2953 967 3034 qnid
989 2973 1048 3034 ego

124 3032 238 3093 stultus
271 3054 457 3115 conqueror,
490 3057 558 3098 cum
580 3039 655 3099 nulli
678 3039 789 3099 fuerint
809 3037 915 3097 hostes
938 3036 1050 3097 Christi

122 3122 157 3176 et
179 3116 237 3176 Dei
269 3119 411 3198 peiores,
448 3139 538 3199 quam
568 3123 618 3201 qui
647 3121 702 3183 sub
732 3121 857 3182 nomine
880 3119 991 3180 Christi
1019 3126 1050 3179 et

122 3199 182 3259 Dei
204 3198 356 3260 Christum
381 3209 412 3262 et
433 3203 531 3264 Deum
552 3206 705 3284 persecuti
726 3209 809 3265 sunt.
845 3203 928 3283 Lege
950 3201 1048 3282 Scrip-

122 3287 226 3360 turas,
258 3289 289 3343 et
310 3284 445 3365 videbis,
468 3286 540 3365 quid
562 3288 737 3368 prophetis,
759 3286 925 3366 apostolis,
954 3285 1049 3365 omni·

122 3364 244 3444 busque
266 3368 379 3427 sanctis
401 3369 555 3434 acciderit.
594 3371 712 3430 ‘Verum
735 3376 782 3431 est
803 3369 878 3429 illud
900 3368 1048 3446 Micheae,

121 3449 187 3507 imo
210 3447 335 3509 Christi:
366 3451 482 3513 inimici
504 3447 649 3513 hominis¹
666 3453 827 3514 domestici
850 3453 925 3513 eius.
965 3450 1046 3512 Chri-

122 3536 189 3591 stus
211 3549 366 3612 nunquam
387 3535 495 3597 fuisset
520 3535 691 3613 crucifixus,
715 3537 774 3596 nisi
795 3537 963 3617 pessimum
985 3533 1046 3596 dia·

123 3612 229 3674 bolum
253 3616 332 3676 inter
354 3619 515 3697 apostolos
536 3620 648 3680 tudam
670 3620 797 3680 aluisset
819 3625 850 3679 et
877 3618 1046 3680 extulisset.

208 3695 269 3757 Sed
293 3704 396 3761 tamen
418 3701 475 3762 has
503 3720 588 3762 meas
609 3702 802 3763 infirmitates
840 3708 872 3763 et
893 3703 1047 3781 stultitias,

123 3780 240 3861 optime
261 3781 370 3863 frater,
404 3784 458 3847 tibi
480 3785 646 3866 confiteor,
686 3791 720 3846 ut
747 3793 779 3846 tu
801 3804 925 3867 quoque
947 3785 1049 3848 discas
