2346 4208
121 270 184 338 314
358 272 453 328 Resol.
471 272 499 329 It
518 285 601 343 nuper
620 272 814 343 Propostdons
900 304 903 309 ·

122 465 168 521 tot
189 478 227 521 ec
249 461 324 521 tenti
347 459 420 539 viri,
453 464 562 521 contre
583 465 646 521 tom
671 478 835 540 expressae
858 458 1033 539 scripum,

123 551 184 604 tem
208 543 382 604 evidentem
405 540 684 622 experientiam1),
721 562 830 605 omnes
853 562 932 604 oves
951 541 1033 603 Petro

122 634 281 709 arrogant,
312 628 365 707 qui
388 632 488 687 tamen
512 628 696 687 unanimiter
719 625 860 687 confiteri
883 630 1034 707 coguntur,

122 711 259 791 singulos
286 710 448 791 apostolos
475 711 505 769 in
535 729 606 770 suos
628 715 727 771 sortes
759 728 830 771 esse
853 709 982 787 missos,
1009 714 1035 769 et

123 794 251 854 Pculum
274 792 313 854 de
336 793 425 853 coelo
446 793 477 852 in
499 792 708 873 apostolatum
730 794 868 873 gentium
890 796 1033 853 reectum.

121 877 156 938 In
180 877 289 956 quibus
304 875 456 953 omnibus,
479 876 636 955 quomodo
649 876 770 937 Petrum
783 873 887 937 adhuc
908 874 1033 936 omniun

121 967 279 1041 pastorem
315 978 455 1019 asserere
485 959 656 1019 eudemus?
690 960 741 1039 qui
774 959 892 1019 nullum
921 958 1031 1021 illorum

123 1044 220 1121 misit,
253 1043 433 1123 praesertim
456 1042 603 1119 Peulum,
639 1047 674 1102 ut
704 1041 743 1103 ed
771 1041 875 1103 Celet.
899 1044 920 1106 l.
942 1038 1032 1101 mullir

121 1126 222 1186 verbis
245 1125 414 1186 contendit.
459 1125 536 1186 Sunt
557 1126 635 1187 hoec
657 1132 719 1186 tem
741 1131 861 1206 aperte,
884 1130 921 1185 ut
940 1122 1030 1185 sonte-

122 1210 240 1270 tetione
262 1227 340 1288 opus
362 1227 426 1269 non
438 1208 587 1269 videatur.
630 1209 687 1287 Illi,
709 1209 809 1288 inquit
820 1209 954 1287 llerous,
972 1216 1029 1289 pro

122 1293 193 1353 lecti
218 1291 474 1371 praedicaverunt
496 1291 619 1372 ubique.

206 1375 347 1454 Sequitur
371 1394 462 1455 ergo,
498 1375 589 1455 eut2)
613 1375 706 1435 Petro
738 1381 770 1435 et
791 1372 1027 1435 successorium

123 1478 184 1518 non
209 1476 279 1518 esse
304 1476 412 1518 omnes
426 1458 538 1519 Christi
561 1476 637 1519 oves
659 1458 860 1518 commissas:
882 1460 1026 1531 autores,

123 1558 199 1620 quas
220 1561 283 1602 non
307 1541 430 1614 Petrus,
453 1540 508 1601 sed
531 1540 643 1601 Paulus
665 1547 697 1601 et
718 1542 813 1602 ceteri
834 1538 969 1622 apostoli
985 1554 1025 1619 pe

122 1631 247 1704 verunt,
280 1623 319 1684 cd
343 1642 418 1685 oves
441 1624 553 1684 Christi
583 1643 646 1685 non
670 1625 833 1703 pertinere.
877 1621 948 1698 Quo
967 1616 1025 1703 quid

122 1706 352 1787 blasphemius?
375 1707 458 1788 llrgo
472 1707 632 1784 Corinthii,
655 1706 796 1787 Galatae,
817 1705 1024 1787 Philippeum,

123 1796 155 1851 et
176 1790 256 1852 elice
278 1798 403 1871 gentes,
439 1792 511 1868 quia
532 1809 591 1850 neo
612 1796 775 1870 poscente,
807 1808 867 1851 nec
902 1790 1024 1869 pastore

121 1875 264 1934 mittente
285 1874 376 1934 Petro
399 1880 508 1953 pastae
530 1880 615 1951 sunt,
638 1891 713 1933 oves
735 1871 849 1933 Christi
869 1870 1023 1953 intelligen-

119 1956 178 2017 doe
200 1976 264 2016 non
287 1966 367 2016 eunt.
411 1955 472 2017 Sed
496 1955 568 2035 quid
590 1974 696 2016 moror
716 1957 749 2016 in
770 1975 804 2016 re
826 1962 889 2016 tem
914 1948 1023 2035 aperttl
1063 2008 1065 2013 .

203 2039 236 2101 Si
259 2038 350 2099 dicis:
384 2038 426 2099 At
447 2039 575 2101 verbum
600 2038 712 2099 Christi
735 2039 775 2100 ed
797 2036 899 2100 solum
920 2036 1022 2099 Perus
1062 2042 1065 2071 ¹

122 2122 214 2182 dicit:
233 2123 330 2182 Posce
354 2140 430 2183 oves
445 2142 541 2198 meus,
563 2121 754 2201 respondeo:
776 2120 847 2182 Non
870 2120 956 2193 dixit,
975 2134 1023 2180 on

122 2224 177 2265 nes
201 2224 275 2265 oves
299 2224 398 2279 meas,
430 2205 566 2284 alioquin
590 2210 753 2285 peccasset
772 2205 898 2283 Petrus,
933 2202 957 2263 ei
975 2216 1022 2261 uon

121 2307 229 2349 omnes
242 2289 380 2367 perisset
392 2289 486 2367 solus,
503 2289 570 2349 sine
584 2289 693 2348 ceteris
706 2287 869 2368 apostolis.
898 2284 1023 2348 Porum

121 2372 214 2431 etiam
242 2371 336 2432 hodie
358 2372 516 2432 Romanus
539 2372 695 2450 pontifex,
730 2370 813 2451 quod
841 2388 906 2431 non
935 2364 1023 2451 pettit

122 2472 181 2514 nec
203 2461 344 2533 pastores
366 2455 459 2514 mittit
481 2453 520 2513 cd
542 2454 657 2515 Turces
681 2459 713 2515 et
733 2454 810 2514 elias
835 2450 992 2535 gentes⁸).

205 2536 285 2611 Quin
308 2535 392 2597 eliud
415 2537 532 2597 dicem:
566 2537 614 2596 Ex
641 2538 702 2597 isto
726 2536 821 2598 verbo
843 2535 921 2597 nihil
940 2532 1023 2615 potet

123 2621 194 2700 cogi
217 2620 300 2680 eliud
312 2668 320 2701 ‚
361 2639 451 2699 quem
474 2625 507 2679 ut
527 2620 635 2680 Petrus
657 2626 800 2700 pasceret
834 2636 927 2697 oves,
963 2626 1023 2696 gott

123 2702 245 2763 fuerunt
267 2722 306 2763 ex
329 2703 402 2764 ovili
425 2702 629 2779 Judaeorum,
663 2710 695 2763 et
728 2704 773 2763 sio
805 2700 882 2762 nihil
908 2700 948 2762 ed
972 2712 1022 2759 eud

123 2786 274 2866 pertinet,
297 2804 356 2846 nec
379 2785 417 2846 ed
439 2784 612 2846 Romanum
635 2783 814 2866 pontificem
836 2791 868 2846 et
889 2794 1022 2846 sumto

123 2888 187 2929 rem
212 2870 294 2929 eius:
327 2873 464 2929 autnon
492 2869 532 2929 cd
555 2868 655 2930 solum
677 2888 747 2929 eum
768 2868 911 2950 pertinet
952 2856 1022 2941 Quod

124 2970 164 3012 ex
189 2951 336 3032 apostolo
359 2952 456 3012 Paulo
479 2951 565 3012 Gale.
591 2955 620 3015 2.
642 2951 752 3032 probo,
773 2951 824 3012 ubi
848 2950 969 3012 Petrum
987 2960 1022 3005 vt

125 3042 178 3095 cet
201 3035 378 3115 apostolum
403 3036 653 3112 circumcisionis,
677 3042 707 3095 et
729 3034 952 3115 secpostolum
969 3044 1022 3129 geu

123 3117 208 3178 tium.
251 3116 335 3198 Ergo
359 3119 384 3177 si
406 3120 473 3196 quis
482 3120 625 3198 pertinax
638 3123 731 3193 esset,
753 3117 839 3179 nulle
852 3118 884 3178 vi
907 3106 1020 3197 poent⁴l

124 3201 196 3282 cogi
219 3200 280 3261 hoc
302 3201 397 3261 verbo
418 3200 529 3262 Christi
552 3200 634 3262 eliud
656 3201 805 3283 intelligi,
830 3218 923 3280 quem
943 3200 1021 3285 pult

124 3302 191 3344 rem
216 3284 330 3362 ovium,
354 3303 434 3363 quae
455 3285 577 3344 luerunt
599 3304 639 3345 ex
661 3278 1021 3355 circumcisione:'eut‚t

123 3366 305 3428 extenditur
326 3366 366 3427 ed
388 3368 562 3428 Romanum
584 3366 781 3448 pontificem,
813 3368 875 3427 iem
898 3382 955 3427 nec
972 3374 1020 3449 put
1063 3424 1065 3445 ἶ

124 3449 221 3510 hiberi
242 3456 364 3529 potest,
387 3451 459 3529 quin
481 3449 521 3510 cd
543 3469 651 3511 omnes
673 3452 846 3531 pertineat,
869 3454 901 3511 ct
921 3436 1020 3509 exunt
1063 3508 1065 3513 .

122 3534 189 3613 peri
211 3534 338 3613 negotio
362 3531 402 3593 ed
425 3552 534 3594 omnes
557 3540 659 3613 quent.

167 3724 197 3788 l)
220 3724 249 3775 ln
270 3723 312 3777 ed.
332 3723 442 3791 priore:
464 3721 607 3775 evidentes
620 3719 816 3787 experientias.
836 3720 869 3787 2)
890 3720 970 3777 ibid:
984 3712 1019 3769 rel

124 3794 152 3863 3)
175 3794 263 3850 Ibid.:
283 3796 453 3864 provinciae.
488 3792 524 3860 4)
544 3793 576 3846 ln
595 3791 640 3847 ed.
657 3790 733 3847 lem:
751 3798 859 3862 ponet.
