2346 4208
120 235 163 301 48
407 238 529 308 Epistola
547 239 579 293 D.
598 239 633 294 ιι.
654 238 774 292 Luthari-
865 262 879 298 Δ,

123 404 155 487 ιιι
176 426 319 506 publico,
357 427 477 507 speeies
497 426 552 496 illa
574 432 627 487 tua
653 432 684 486 et
706 427 863 488 simulatio
884 416 1044 509 spadonia

122 511 214 587 sima,
252 529 314 589 qua
346 511 477 571 amicum
500 509 639 587 Lutheri,
673 511 808 571 veritatis
840 511 1045 572 sincerum-el

122 598 260 672 apertum
282 599 463 670 amatorem,
485 600 516 652 te
538 594 651 672 passim
674 593 867 655 venditabas.
960 610 963 615 '

205 697 247 757 At
268 698 347 757 bene
369 698 472 774 habet,
494 697 685 778 Expurgatio
707 705 776 778 tua,
805 698 890 760 velut
913 690 1043 777 madido!

122 781 284 858 comicum,
306 780 362 840 has
386 799 495 841 omnes
517 780 620 841 turbas
635 780 762 861 dispulit
783 800 821 842 ao
834 781 965 865 sedavit,
988 800 1045 925 Ἓι

123 863 281 941 omnibus,
310 863 408 941 qualis
431 864 522 924 lucris
545 871 576 924 et
603 865 660 946 eis,
683 860 786 944 palam
809 860 959 930 ostendis.

122 965 197 1007 sane
218 945 369 1027 paucula,
398 966 477 1026 quae
499 964 555 1008 ceu
577 948 766 1044 perizomata
788 949 949 1046 contexis,
985 949 1045 1028 qui

120 1029 178 1091 bue
200 1027 383 1090 modestiam
415 1031 635 1109 caritatemque
665 1031 758 1091 etiam
781 1049 848 1092 cum
870 1033 1043 1093 iuramento

121 1112 176 1173 tibi
198 1110 329 1192 affingis,
351 1112 425 1173 talia
444 1120 524 1191 sunt,
547 1121 580 1174 ιιι
594 1114 841 1175 criminationum
865 1114 1046 1181 tumultibus¹

122 1204 154 1256 et
181 1194 414 1275 tempestatibus
448 1197 561 1257 collata
590 1196 743 1294 quendam
775 1197 938 1281 ridiculum
970 1194 1043 1258 ιιιιι

121 1278 261 1339 thionem
284 1279 426 1339 referant.
456 1279 552 1340 Huius·
575 1281 656 1341 enim
676 1281 840 1341 animantis
863 1276 932 1342 eam
947 1272 1046 1371 ierant

122 1379 192 1422 esse
214 1362 389 1441 stultitiam,
418 1369 451 1422 ut
473 1381 507 1422 ee
527 1369 625 1423 totam
648 1363 753 1423 credat
774 1368 886 1424 tectam
911 1356 1000 1442 ess'd,
995 1362 1045 1422 ἰι

121 1463 184 1505 una
210 1444 319 1505 fronde
351 1446 464 1506 collum
494 1448 611 1507 texerit
655 1445 763 1506 ltat
731 1452 763 1507 et
783 1453 816 1507 ιιι
843 1452 927 1508 totus
949 1446 1044 1507 orimi-

122 1529 207 1589 natio
230 1534 261 1588 et
281 1528 489 1609 impatientia,
513 1548 575 1590 nno
599 1529 749 1590 etaltera
772 1529 868 1591 verbo
890 1537 923 1591 te
943 1535 1045 1591 rotun·

122 1609 181 1672 dae
196 1610 411 1672 modestiaeet
434 1612 569 1673 caritatis
581 1612 741 1693 exemplar
753 1614 918 1695 proponis3
941 1631 1045 1674 verum

121 1693 199 1755 haec
221 1701 294 1755 eant
315 1711 376 1775 quo
400 1706 480 1757 eunt.

207 1800 256 1861 Ad
278 1800 320 1879 id,
345 1800 428 1881 quod
448 1797 544 1882 magia
568 1799 719 1878 detestor,
742 1803 916 1899 veniemus,
937 1800 970 1863 id
992 1808 1047 1876 est

124 1884 163 1944 ad
186 1849 413 1945 simulationem
436 1890 534 1962 tuam,
570 1903 610 1944 ne
636 1883 743 1944 videar
772 1891 803 1945 te
829 1886 953 1966 penitus
976 1903 1046 1946 oon·

123 1968 299 2049 tempsisse,
335 1975 429 2048 atque
460 1965 561 2028 dilatis
590 1969 712 2046 ceteris,
740 1969 873 2048 quaein
903 1967 1045 2049 Epistola

124 2070 195 2111 mea
216 2050 381 2131 dilaceras,
405 2069 461 2131 pro
484 2060 633 2146 tempore
645 2049 775 2133 ιριιιιι
766 2070 834 2113 eam
857 2059 977 2133 partem
999 2069 1045 2112 ao

124 2135 223 2214 cipio,
255 2135 286 2193 ιιι
309 2141 422 2212 quaet
445 2140 476 2194 ιιι
500 2134 634 2193 maxime
654 2150 688 2195 es
712 2124 909 2217 negotiosus,
943 2141 976 2195 et
1003 2133 1044 2195 rei

122 2218 216 2278 totius
238 2235 340 2296 paene
361 2236 481 2276 summa
502 2216 633 2297 pendet,
662 2235 775 2298 nempe
797 2217 880 2298 quod
907 2218 1044 2314 proposi-

122 2301 222 2360 tiones
253 2299 432 2379 Caristadii,
462 2301 642 2381 praesertim
671 2299 747 2361 duas
778 2303 916 2381 priores,
947 2303 1044 2381 prima

122 2382 330 2462 disputatione
353 2389 513 2463 tractatas,
537 2383 599 2443 dixi
622 2402 640 2443 a
662 2390 693 2443 te
716 2403 896 2463 concessas,
921 2382 1044 2447 atinde

123 2484 201 2546 quae
225 2473 393 2546 sequuntur
427 2466 465 2527 ad
494 2467 563 2527 illas
584 2465 682 2527 intuli.
725 2466 849 2528 Interim
874 2474 905 2528 ιιι
928 2466 1045 2529 fortiter

122 2568 207 2630 para,
229 2550 338 2630 quibus
360 2550 506 2611 articulos
528 2550 673 2610 Iohannis
694 2548 776 2610 Huss
797 2570 816 2610 a
837 2570 888 2612 me
909 2557 1044 2612 assertos

123 2638 154 2693 et
186 2632 349 2694 concilium
381 2633 531 2694 Nicenum
564 2652 621 2713 pro
656 2651 705 2692 me
738 2633 848 2694 fecisse
883 2650 1043 2732 coarguas

124 2715 184 2780 Sed
216 2715 292 2776 heus
313 2736 431 2778 memor
453 2723 537 2795 esto,
571 2735 633 2777 non
656 2716 687 2775 in
711 2716 830 2778 theatro
852 2716 887 2778 Li
910 2716 994 2778 sensi
1015 2723 1044 2778 te

121 2800 197 2877 fore,
220 2807 251 2860 et
271 2799 310 2859 ad
332 2799 454 2860 laudem
470 2800 660 2880 Lipseneiurn
684 2799 733 2859 vel
755 2806 838 2861 tuam
859 2802 891 2861 ni
915 2800 935 2860 l
958 2819 1043 2883 seqm

121 2884 152 2943 in
176 2883 258 2943 bona
279 2884 503 2963 consequentia
527 2890 557 2943 et
579 2889 667 2944 extra
687 2882 836 2964 Lipsiam,
868 2885 946 2945 scito
970 2903 1042 2981 qup-

122 2984 182 3045 que
209 2965 415 3026 Lutherum
407 2987 468 3027 ram
500 2986 564 3027 non
598 2966 752 3046 captivum
782 2973 883 3046 tuum,
920 2986 980 3029 neo
1013 2967 1042 3028 in
1082 3017 1086 3023 .

121 3057 202 3110 terra
223 3049 430 3129 inimicorum,
453 3051 484 3110 in
507 3069 563 3110 sua
584 3067 678 3110 arena
699 3051 885 3131 consistere,
907 3057 938 3111 et
960 3049 1043 3131 quod

121 3151 212 3214 spero
237 3139 267 3193 te
290 3132 408 3212 faeere,
445 3136 517 3194 ante
546 3134 651 3194 omnia
671 3131 823 3194 Christum
846 3153 942 3215 roga,
982 3152 1042 3214 quo

121 3216 206 3276 solus
228 3216 305 3295 ipse,
328 3218 379 3295 qui
402 3217 513 3278 veritas
537 3222 594 3294 ast,
616 3216 705 3277 nobis
720 3216 907 3279 certantibus
930 3218 1043 3295 vincat,

121 3299 312 3379 gloriamque
334 3306 469 3362 nostram
493 3299 617 3380 perdat,
639 3299 749 3361 Amen.

315 3450 575 3532 attendensque
598 3451 671 3532 quid
693 3469 848 3531 quaeram

203 3566 267 3629 Has
298 3569 527 3650 propositiones
550 3568 712 3631 Oarlstadii
741 3569 816 3630 duas
856 3575 963 3631 nonne
968 3568 1043 3714 tiob

121 3646 191 3712 tulit
213 3651 443 3713 defendendas?
475 3651 615 3712 Liberum
637 3652 794 3714 arbitrium
816 3661 889 3715 ante
1052 3698 1055 3705 ·

121 3753 184 3795 non
203 3735 305 3814 valet,
332 3736 389 3796 nisi
416 3734 457 3794 ad
480 3735 687 3816 peccandum:
731 3734 919 3798 liberumar
940 3738 1042 3798 ιιιιιιιιι
