2346 4208
387 334 390 339 Ι
419 264 453 321 de
471 265 603 335 pusione
621 260 732 320 Ohrtati.
969 258 1032 327 411

112 449 227 527 bellos,
260 448 396 530 tabulas,
424 469 548 529 cruces,
575 449 714 529 aliasque
746 465 853 528 nugas.
902 445 1032 523 Quidam

113 553 151 594 ao
175 551 271 612 usque
293 551 416 614 quoque
438 533 575 614 prolapsi
597 541 676 609 sunt,
699 537 731 592 ut
753 550 787 590 se
808 531 855 591 his
875 531 966 593 etiam
989 535 1033 593 tu-

113 623 162 678 tos
184 616 312 677 credant
333 615 371 677 ab
393 636 490 696 aqua,
512 617 591 696 igni,
613 615 706 692 ferro,
729 614 859 694 aliisque
880 613 1034 695 periculis,

113 700 201 779 quasi
231 718 306 760 vero
330 698 442 761 Christi
464 701 568 780 passio
591 699 629 760 ab
653 699 788 765 externis
810 697 870 757 illis
893 697 982 757 malis
1001 700 1035 759 ct
1101 760 1105 765 ,

112 802 132 842 a
156 800 247 841 cruce
264 781 383 861 liberet,
407 802 474 842 cum
499 790 601 842 tamen
618 781 770 842 diversum
785 782 887 861 potius
911 779 1034 843 efficiat

195 864 310 942 Tertio,
333 865 501 926 condolent
523 884 648 945 quoque
668 863 799 941 Christo,
823 871 853 924 et
869 867 1036 943 queruntur

114 947 153 1009 de
176 948 243 1008 eius
264 948 444 1009 innocentia
467 968 504 1009 ac
526 946 640 1015 deflent
662 947 747 1026 eum',
776 943 1034 1026 quemadmodum
1058 966 1061 971 ·

114 1030 312 1093 mulierculae
334 1031 407 1092 illae
440 1031 751 1112 Hierosolymitanae,
774 1048 850 1108 quas
871 1028 1034 1109 reprehen-

114 1112 207 1175 debat
228 1113 366 1174 Christus
382 1111 417 1192 *J
442 1133 479 1175 ac
501 1113 664 1190 monebat,
694 1121 726 1173 ut
756 1132 790 1173 se
819 1131 954 1192 suosque
982 1110 1036 1179 de·

114 1195 223 1257 flerent
242 1195 367 1258 liberos.

197 1277 313 1354 Quibus
335 1278 419 1343 haud
441 1281 604 1341 dissimiles
622 1285 704 1339 tsunt
725 1280 960 1340 concionatores
981 1277 1036 1357 illi,

114 1362 167 1441 qui
200 1363 210 1441 ζ
226 1368 259 1423 ta
286 1363 407 1424 ratione
441 1364 619 1444 passionem
648 1367 792 1439 tractant,
829 1363 911 1422 utin
935 1360 1037 1423 media

113 1381 382 1506 lerchamatione
412 1446 558 1506 historiae
590 1448 621 1505 in
654 1445 711 1505 hos
748 1450 911 1505 excurrant
939 1444 1036 1529 locos,

115 1527 273 1606 quomodo
307 1530 370 1588 suis
410 1531 441 1588 in
479 1529 629 1589 Bethania
673 1527 855 1588 valedixerit
889 1525 1037 1604 Christus,

115 1611 237 1689 quantis
260 1610 419 1673 doloribus
442 1611 625 1672 discruciata
647 1612 686 1670 sit
705 1610 818 1689 Maria,
847 1611 930 1670 etin
954 1611 1037 1671 simi·
1082 1613 1084 1616 ⁴

115 1692 160 1753 les
182 1693 278 1770 alios,
312 1695 342 1754 in
366 1695 474 1774 quibus
498 1696 671 1756 consistunt
691 1693 834 1773 longius,
856 1694 961 1772 eisque
982 1693 1037 1752 im·

115 1782 279 1837 morantur.
323 1777 402 1837 Hinc
432 1797 555 1857 quoque
584 1777 782 1854 factumest,
815 1774 898 1856 quod
930 1777 961 1835 in
990 1781 1037 1836 tot

114 1858 222 1935 horas,
255 1879 325 1919 cnm
351 1868 511 1921 narrarent
537 1860 691 1941 passionis
718 1858 893 1937 historiam,
926 1858 977 1921 rea
997 1858 1037 1919 sit
1097 1872 1104 1890 ¹

115 1948 263 2020 extracta,
285 1945 390 2004 nescio
413 1963 452 2004 an
475 1943 647 2005 dormiendi
667 1963 706 2003 an
729 1941 877 2023 vigilandi
898 1960 1001 2002 causa.

199 2023 333 2104 Quarto,
370 2026 401 2086 hi
430 2047 503 2108 ergo
527 2047 601 2088 vere
629 2033 660 2087 et
680 2033 764 2086 recte
786 2023 897 2085 Christi
918 2023 1036 2104 passio-

115 2127 187 2168 nem
208 2108 403 2189 meditantur,
425 2112 476 2189 qul
499 2112 529 2170 in
552 2111 647 2191 ipsius
663 2110 809 2188 passione
830 2114 960 2188 peccata
980 2125 1037 2166 sua

116 2198 258 2266 cernunt,
291 2199 322 2251 et
350 2192 403 2252 illo
427 2200 594 2273 conspectu
617 2199 812 2271 peccatorum
836 2196 1037 2267 exterrentur,

117 2292 245 2351 quorum
278 2276 468 2336 conscientia
498 2295 552 2335 ceu
581 2278 610 2335 in
643 2275 889 2354 desperationem
916 2273 1036 2334 labitur.

116 2357 211 2418 Porro
234 2357 285 2416 ille
309 2365 406 2417 metus
430 2366 460 2418 et
486 2363 583 2418 terror
604 2358 675 2417 inde
698 2359 848 2436 nascitur,
883 2356 965 2436 quod
995 2355 1036 2416 vi·

117 2438 171 2498 des
205 2440 234 2498 in
265 2440 324 2499 hae
345 2439 456 2501 Christi
486 2443 633 2522 passione
657 2441 870 2500 vehementem
901 2442 976 2500 iram
1005 2444 1038 2500 et

116 2529 310 2582 constantem
333 2524 390 2583 Dei
412 2526 442 2583 in
466 2531 647 2604 peccatores
669 2525 883 2602 severitatem,
910 2524 961 2602 qui
983 2541 1037 2584 nc·

117 2605 172 2664 luit
194 2606 224 2663 in
251 2606 380 2686 gratiam
404 2608 552 2687 unigeniti
582 2608 628 2666 sui
650 2607 716 2666 Filii
739 2607 906 2685 impunitos
929 2624 1036 2685 pecca-

117 2697 198 2747 tores
221 2707 259 2748 ac
280 2688 395 2750 liberos
418 2690 586 2766 dimittere,
622 2690 677 2748 nisi
707 2707 762 2749 eos
791 2708 847 2747 sna
869 2693 969 2748 morte
991 2707 1036 2749 re

117 2769 244 2830 dimeret
265 2771 366 2833 Filius.
409 2772 444 2832 ld
479 2772 561 2852 quod
591 2771 699 2831 Esaias
731 2789 854 2850 quoque
877 2770 1039 2831 confirmat

116 2871 183 2932 cap.
206 2856 262 2917 53:
286 2854 417 2934 Propter
437 2863 567 2935 peccata
587 2854 694 2937 populi
717 2855 775 2914 mei
798 2855 936 2932 percussi
958 2873 1036 2915 cum.

199 2934 279 3009 Quid
303 2956 376 3018 ergo
400 2937 438 2998 de
461 2939 550 2999 nobis
572 2937 785 3018 peccatoribus
807 2935 874 3014 fiet,
903 2955 971 2996 eum
994 2934 1036 2996 di-

115 3020 212 3078 lectus
234 3019 329 3079 Filius
357 3020 435 3081 adeo
467 3021 580 3081 duriter
604 3027 749 3081 tractetur
770 3039 807 3080 ac
828 3020 1036 3100 percutiatur?

115 3100 252 3160 Necesse
276 3109 322 3161 est
344 3103 529 3165 ineffabilem
555 3111 585 3163 et
606 3104 699 3184 plane
713 3102 936 3164 intolerabilem
960 3104 1036 3163 iram

116 3202 154 3242 ac
176 3186 371 3246 severitatem
395 3206 474 3263 esse,
497 3188 544 3247 cui
567 3207 600 3246 se
623 3207 781 3267 opponere
796 3193 881 3247 tanta
903 3203 1037 3266 persona

115 3274 224 3326 coacta
256 3269 312 3344 sit,
346 3275 376 3328 et
408 3270 447 3329 ad
483 3289 571 3349 quam
596 3269 778 3350 placandam
810 3277 841 3330 et
868 3268 1036 3329 sedandam

114 3349 172 3409 Dei
193 3348 273 3410 filius
295 3371 403 3430 passus
427 3373 463 3412 ac
487 3360 624 3414 mortuus
646 3355 693 3412 sit.
737 3352 777 3412 Et
799 3372 889 3429 sane,
920 3353 943 3411 si
967 3351 1035 3430 quis

114 3432 164 3492 hic
187 3432 349 3514 diligenter
372 3436 527 3516 expendat
554 3437 654 3516 ipsum
681 3436 739 3496 Dei
767 3434 879 3514 filium,
916 3436 966 3516 qui
989 3441 1036 3495 est

115 3521 241 3660 aeterpa
262 3518 359 3578 Patris
382 3521 542 3600 sapientia,
565 3520 627 3598 pati
650 3519 792 3600 graviter,
817 3524 865 3581 sat
887 3521 962 3597 seio,
984 3537 1035 3582 ex-

114 3606 192 3659 terre
215 3601 282 3660 itur.

326 3741 535 3750 Ἤ...

152 3789 182 3856 ⁴)
202 3788 344 3847 turmas
