2346 4208
238 1010 242 1020 ’
351 982 551 1105 Epistola
579 984 783 1080 Iohannis
813 984 932 1082 Eccii

179 1175 279 1241 missa
300 1172 388 1238 exli
410 1173 462 1238 sia
475 1172 516 1237 ad
536 1173 689 1239 famosum
702 1175 736 1238 et
751 1174 961 1241 reverendum
972 1174 1100 1242 Patren

179 1248 213 1324 ii.
247 1255 352 1323 Jacob.
384 1190 613 1332 fiochstraten,
650 1255 841 1339 Magistrum
869 1259 904 1323 in
932 1259 1100 1343 theologia

179 1341 333 1416 nostrum,
355 1341 389 1405 in
412 1358 475 1422 qua
496 1339 647 1416 ostendit,
690 1341 786 1406 uibus
801 1342 982 1424 scripturis,
1005 1358 1098 1426 argn-

179 1423 296 1490 montis
319 1426 352 1489 et
373 1423 556 1490 rationibus
571 1359 751 1490 defenderit
773 1423 929 1490 articulos
951 1443 1099 1492 romanae

181 1502 334 1574 ecclesiae
357 1508 392 1572 in
406 1506 637 1590 disputatione
658 1508 786 1590 Lipsica
814 1510 927 1575 contra
949 1507 984 1574 D.
1005 1507 1099 1575 liant.

340 1589 520 1676 lutherum
535 1607 617 1656 anno
639 1589 794 1655 unm
814 1591 936 1657 habita.

546 1762 730 1770 Μ

260 1858 361 1948 Sicuti
395 1888 634 1969 disputationem
663 1889 857 1968 Lipsiensem
896 1890 980 1948 varia
1015 1896 1099 1948 ante-

179 1978 339 2033 cesserunt
361 1973 489 2051 scripto,
525 1970 634 2049 quibus
666 1972 720 2031 illa
750 1979 796 2032 est
823 1977 1023 2052 praeparata,
1058 1973 1101 2031 ita

179 2056 264 2116 illam
288 2056 374 2114 varia
396 2055 560 2115 subsecuta
582 2063 652 2115 sunt
674 2056 797 2134 scripta,
820 2055 929 2133 quibus
950 2054 1004 2115 illa
1026 2072 1099 2132 quo·

179 2137 346 2199 dammodo
369 2137 492 2217 longius
515 2137 665 2217 producta
686 2145 734 2197 est
767 2145 798 2198 et
827 2143 1008 2217 propagata.
1052 2135 1100 2197 Ea

180 2228 272 2292 enata
306 2227 376 2280 sunt
409 2223 574 2280 maximam
606 2229 724 2301 partem
757 2241 795 2280 ex
828 2221 954 2296 libellis,
993 2220 1101 2298 quibus

179 2304 349 2383 disputatio
392 2304 446 2364 illa
485 2311 531 2364 est
564 2304 725 2384 descripta.
780 2305 904 2363 Praeter
939 2303 1102 2382 epistolam

180 2395 299 2463 autem,
333 2406 393 2465 qua
422 2387 571 2448 Lutherus
605 2390 672 2467 ipse
701 2388 738 2447 D.
767 2386 904 2466 Georgio
941 2385 1100 2465 Spoletino

176 2470 523 2551 hanc'disputationem
546 2472 701 2550 copiosius
725 2478 861 2543 enarrat,
895 2469 974 2529 duae
1005 2468 1044 2529 de
1066 2488 1102 2528 ea

179 2554 271 2614 datae
300 2560 371 2614 sunt
398 2555 548 2634 gravioris
579 2555 727 2613 momenti
758 2553 918 2633 epistolae.
963 2551 1100 2612 Alteram

180 2636 266 2698 dedit
279 2637 340 2699 loh.
355 2637 465 2697 Eeoius
488 2637 538 2697 die
560 2639 609 2699 24.
623 2656 662 2696 m.
676 2636 748 2696 Julii
763 2657 790 2695 a.
810 2638 888 2700 1519
902 2634 941 2695 ad
952 2634 1101 2696 Jacobum

179 2721 465 2797 Hochstratenium,
502 2719 679 2799 theologiae
709 2720 915 2799 professorem
940 2717 1101 2777 Colonien-

181 2824 244 2864 sem
278 2813 309 2864 et
336 2802 510 2863 haereticae
532 2804 689 2882 pravitatis
712 2803 941 2880 inquisitorem,
975 2801 1101 2862 alteram

180 2887 257 2948 Phil.
280 2886 499 2947 Melanchthon
528 2885 579 2947 die
602 2889 651 2949 21.
674 2907 714 2947 m.
737 2886 808 2945 Julii
841 2882 879 2944 ad
905 2885 1036 2944 amicum
1062 2887 1103 2944 lc.

183 2968 472 3050 Oeoolampadium‚
496 2989 575 3048 quae
596 2971 664 3048 ipso
687 2967 882 3028 menselulio
906 2969 987 3047 typis
1010 2967 1104 3027 divul-

181 3060 254 3135 gato
277 3060 323 3113 est
348 3054 403 3127 (ol.
422 3053 586 3129 Loesoher,
610 3052 744 3113 Reform.
769 3051 836 3113 Act.
850 3051 893 3111 Ill
915 3070 944 3129 p.
959 3052 1019 3112 214
1038 3070 1103 3129 sqq.

183 3137 378 3209 Seidemanm
402 3136 452 3196 die
463 3137 623 3217 Leipziger
639 3136 835 3214 Disputation
860 3135 900 3193 im
915 3132 1008 3192 Jahre
1026 3137 1104 3196 1519

182 3241 210 3301 p.
239 3221 308 3283 78).
352 3219 478 3297 Eccius,
513 3221 597 3279 cuius
631 3220 751 3278 animus
781 3218 839 3276 hac
859 3216 1105 3276 Melanohthonis

182 3304 314 3383 epistola
337 3302 472 3363 offensus
496 3309 570 3379 erat,
593 3321 699 3361 mense
710 3300 792 3362 lulio
816 3321 843 3360 a.
869 3301 948 3363 1519
972 3308 1104 3359 exeunte

182 3395 235 3447 aut
266 3405 372 3446 mense
403 3387 544 3466 Augusto
581 3387 706 3445 ineunte
734 3385 855 3463 Lipsiae
888 3402 974 3440 suum
1011 3382 1106 3443 edidit

54 3503 58 3510 =
182 3469 335 3530 libellum:
369 3463 895 3529 Excusao10.10h.ncciiad
920 3483 980 3541 ea,
1004 3484 1106 3543 quae

182 3553 286 3613 falso
320 3553 397 3612 sibi
429 3552 635 3631 Philippus
663 3548 940 3611 Melanchthon
970 3547 1103 3608 Gram-

183 3638 348 3696 maticus
378 3634 767 3714 Vuittembergensis
802 3650 920 3711 super
949 3631 1106 3692 theolo-

182 3720 569 3800 gioaDisputatione
590 3717 747 3798 Lipsioa
768 3714 994 3792 adscripsit.
1030 3714 1108 3777 Huic
