2346 4208
124 246 188 315 296
354 251 447 307 Resal.
468 252 493 306 i.
513 266 597 320 super
614 250 802 320 Propoetidas

210 426 370 500 Resolutio
400 438 585 499 Lutberiana
623 457 715 519 super
747 438 958 582 propositione
981 454 1021 497 sm

130 523 226 583 tereie
247 522 368 583 decime
390 522 427 582 de
450 528 604 602 potestate
619 541 719 603 papae
745 529 787 596 (s.
823 571 828 582 .
852 528 883 583 et
902 522 966 601 a);
980 536 1021 581 aex

131 613 268 685 quatern.
277 637 282 647 ·
291 606 382 666 Tituli
398 606 512 686 pagina
525 606 622 666 literis
635 605 818 686 capitalibus
831 612 880 666 est
889 606 1021 686 impresse

212 689 374 750 Resolutio
407 688 592 749 Lutheriana
625 707 718 768 super
745 689 1022 770 propositionem

129 772 251 833 deoima
272 773 371 851 tertia,
395 772 440 833 De
451 779 607 852 potestate
620 773 733 853 Papae,
754 774 784 834 4.
808 770 887 855 tlt,
910 777 1042 851 quatern.

128 856 220 916 Tituli
242 856 357 937 pagina
390 862 422 916 et
442 855 609 916 maioribus
641 862 672 916 et
692 855 862 917 minoribus
886 854 973 915 litan's
989 856 1023 913 ὰ·

129 938 279 1020 pitalibus
303 944 350 999 est
370 940 547 1018 impressa·
997 954 1000 959 '

213 1021 374 1082 Resolutiu
387 1021 574 1083 Lutheriana
593 1041 686 1102 super
696 1022 911 1103 propositione
931 1018 1024 1081 detine

129 1106 233 1164 tertia:
257 1104 296 1164 de
318 1111 475 1184 potestate
493 1124 609 1185 papae:
632 1124 687 1184 per
699 1111 839 1165 sutorem
853 1103 1023 1185 loeupleistt.
1065 1158 1069 1163 .

128 1188 159 1246 ln
193 1188 265 1246 tine:
298 1187 419 1267 Lipsiae
456 1207 496 1247 ex
519 1187 655 1248 Aedibus
679 1187 833 1249 Valentini
858 1186 1019 1248 Sohumani.

130 1272 222 1331 Auno
256 1271 372 1331 domiui
396 1271 558 1331 Millesimo
593 1273 805 1352 quingentimo
834 1270 987 1352 vigesimo.
1002 1264 1024 1329 l.

487 1354 620 1430 (Panzer
643 1374 713 1414 ann.
736 1359 802 1434 typ.
824 1353 992 1433 V11‚2tt.l

488 1498 697 1507 ——----—..-

332 1617 553 1713 Reaolutio
584 1616 865 1769 Itutheriaua¹
938 1596 971 1743 s

132 1827 254 1886 super
300 1806 585 1886 Propositioue
626 1806 704 1868 Xlll.
757 1805 802 1866 de
847 1806 1027 1886 potestate

230 1889 376 1970 Papae,
399 1910 468 1968 per
489 1896 665 1949 autorem
687 1889 950 1970 loeupletata.

500 2006 518 2066 J
540 2026 557 2066 e
580 2026 594 2065 s
617 2026 635 2065 u
658 2022 699 2066 s.'

136 2124 283 2182 Martinus
305 2123 419 2184 Luther
441 2123 495 2184 Pio
517 2124 639 2184 Lectori
665 2123 794 2183 salutem
823 2124 856 2183 in
879 2118 1031 2189 chrisa't·

218 2240 316 2320 Super
349 2239 615 2320 propositionibus
654 2240 804 2302 tredecim
835 2238 1031 2303 Resolutiouet

134 2343 217 2383 meas
240 2344 338 2404 nuper
366 2323 563 2384 tumultuario
592 2325 720 2405 negotio
744 2322 843 2403 edidi,
878 2332 912 2384 ut
937 2318 1034 2385 ferebat

172 2494 203 2562 1)
227 2494 256 2547 ln
276 2495 399 2548 editione
431 2496 536 2562 priore,
566 2509 622 2547 non
645 2492 829 2561 locupletata,
859 2493 931 2547 haee
954 2492 1036 2561 legitur

134 2567 286 2632 praefatio:
478 2566 521 2618 Ad
540 2566 691 2620 [restorem.
751 2610 754 2615 .

170 2637 263 2707 Cogor
274 2653 327 2707 ego
343 2638 419 2691 solus
432 2641 490 2691 fere
508 2637 667 2691 mortalium
681 2635 916 2704 disputationibus
930 2636 994 2691 mets
1002 2634 1038 2687 ut

139 2708 246 2760 nullum
266 2711 431 2763 interserere
458 2708 630 2778 paradoxum
658 2713 705 2760 aut
728 2722 797 2761 mox
816 2706 900 2761 simul
918 2704 1038 2763 effundere

135 2786 220 2832 totum
238 2786 383 2834 secretum.
403 2778 481 2833 Adeo
493 2782 693 2845 ceteriomnes,
707 2794 768 2831 eum
782 2779 928 2833 ambulent
938 2780 966 2833 in
976 2778 1039 2832 mlrs

134 2851 235 2905 bilibus
245 2869 327 2921 super
336 2858 399 2904 seet
410 2850 556 2905 uonrnodo
566 2851 777 2920 paradoxotete,
792 2848 1039 2921 sedetpseudodox·

134 2930 209 2977 otata
226 2927 429 2992 proposuerint,
441 2925 624 2978 hunohabent
634 2926 761 2992 gratiam,
773 2922 897 2992 utlouge
907 2923 1039 2991 tisanam

135 3004 178 3047 tur
189 2998 311 3062 interea,
331 3012 401 3063 quae
413 2999 610 3062 amonentem,
622 3002 649 3048 et
662 3010 695 3047 sa
713 3009 785 3062 quae
802 2993 887 3062 plene
904 2997 935 3049 iu
953 2990 1039 3065 pupilli

136 3070 236 3121 docent
247 3074 294 3121 aut
308 3067 381 3120 domi
393 3068 565 3136 i'abulautur3
579 3083 648 3120 unus
657 3072 698 3120 ast
710 3066 854 3133 lutherus,
868 3068 917 3135 qui
927 3070 1039 3137 stprore

140 3146 219 3192 catur
238 3146 266 3192 et
285 3141 313 3190 vi
332 3141 438 3207 rapitur
463 3139 497 3192 ad
518 3155 641 3208 pugnum
661 3138 894 3207 disputationem,
923 3144 951 3193 et
975 3128 1039 3191 elmtl

135 3212 256 3280 exigitur
275 3209 365 3263 dicere
391 3216 416 3263 et
438 3213 569 3264 rationem
589 3218 652 3263 aute
672 3215 781 3278 tempus
799 3207 933 3276 reddere,
956 3212 1000 3263 eut
1012 3202 1040 3259 iu

136 3282 225 3335 dicere
246 3282 444 3350 disputaturus,
464 3290 494 3335 ut
513 3299 529 3334 a
548 3282 715 3335 cerdonibus
733 3296 843 3349 quoque
861 3280 979 3405 ἰιιίοῙῙίξΙ
993 3288 1040 3345 pel·

135 3357 178 3407 sit.
217 3354 298 3420 Quod
318 3356 340 3406 si
361 3370 417 3407 non
437 3357 544 3415 lacero,
576 3369 643 3407 mox
671 3353 842 3420 haereticus,
869 3352 951 3422 blesp
971 3358 1038 3409 emti

137 3425 320 3479 scandalosus
340 3442 410 3490 sum,
430 3428 469 3478 sie
488 3442 552 3479 mea
564 3425 647 3479 habet
665 3440 737 3491 sors,
757 3424 796 3476 mi
815 3423 911 3491 laetor,
930 3422 977 3478 ssd
994 3430 1038 3473 not

138 3499 231 3549 timeo.
253 3497 342 3550 donee
363 3497 490 3551 Christus
511 3499 619 3561 vixerit,
639 3498 686 3564 qui
706 3494 801 3561 simili,
817 3497 877 3550 imo
897 3496 998 3551 melote
1010 3490 1039 3543 it·

137 3568 211 3621 vidia
229 3568 381 3631 laboravit,
403 3587 464 3622 cum
486 3571 544 3622 suis
564 3568 664 3621 divinis
683 3567 837 3636 paradoxis
855 3556 1039 3641 superbula}

137 3642 213 3705 leret,
234 3646 263 3692 ut
285 3643 332 3708 qui
351 3640 475 3694 videntes
495 3647 573 3694 eraut
593 3640 666 3693 caeci
685 3640 798 3707 tierent,
817 3654 890 3707 quas
908 3644 995 3693 nmen
1008 3644 1038 3685 ¹¹·

137 3713 242 3780 sipost
268 3714 457 3766 ascensionem
489 3719 685 3782 suo-tempore
703 3727 754 3780 per
780 3710 910 3781 spirltum
932 3708 1036 3767 eeurtw

113 3799 121 3806 ·
137 3785 260 3839 revelare
282 3784 390 3851 noluit..
