2346 4208
413 271 510 323 centn
528 266 563 323 Μ.
582 265 743 323 Lnthsrnm.
982 259 1045 329 313

128 455 281 537 quaedam
306 456 453 536 damnari,
476 458 568 520 modo
582 457 634 519 ille
649 458 782 517 vicissim
794 461 948 536 pateretur
962 454 1044 515 dam-

125 541 192 602 nari
216 540 298 619 quod
322 540 445 613 oderat,
480 549 533 602 aut
565 541 646 621 quod
677 545 797 620 putaret
814 538 1042 599 incommodum

126 624 189 683 suis
212 622 311 687 rebus.
334 623 413 685 Nam
427 625 635 686 Lovanienses
654 644 715 684 non
732 623 878 684 damnant
898 621 939 696 id,
963 620 1044 700 quod

126 706 258 766 maxime
280 710 388 786 gravei
404 707 578 785 Lutherum,
600 707 743 768 videlicet
763 707 925 786 primatum
947 705 1045 784 ponti·

125 787 193 849 flois
216 809 277 850 non
301 808 370 850 esse
391 791 462 850 iuris
485 790 588 850 divini.
632 791 671 849 Et
691 789 847 850 Turnhaut
867 807 979 867 parans
1001 806 1045 847 re·

125 872 234 932 fellere
263 872 485 934 Conclusioues
508 873 647 951 Lutheri,
681 880 809 933 testatus
845 878 892 930 est
924 890 957 931 se
986 870 1046 930 hoc

125 955 208 1016 velle
239 957 385 1016 intactum
420 956 602 1035 relinquere.
658 955 737 1017 Satis
764 957 855 1036 igitur
888 953 1047 1015 declarant

128 1040 215 1099 sein
237 1037 299 1099 boo
319 1040 434 1114 sentire
456 1046 524 1099 cum
537 1039 680 1116 Lutbero,
703 1045 734 1098 et
756 1046 856 1098 tauoen
869 1038 952 1117 passi
974 1043 1047 1098 sunt

127 1119 265 1195 damnari
286 1123 317 1181 in
334 1121 429 1182 Bulla.
475 1122 516 1182 lit
537 1123 665 1183 Lovanii
687 1128 766 1198 suut,
791 1122 841 1200 qui
865 1120 1046 1194 obstiterint,

126 1223 166 1264 ne
188 1204 339 1283 quaedam
362 1204 589 1266 damnarentur.
631 1204 713 1265 Ecce
735 1204 814 1265 duae
835 1211 951 1265 tantum
974 1203 1047 1263 Uni·

128 1287 306 1366 versitates‚
329 1289 419 1348 etiam
445 1289 632 1366 coniurasse,
654 1307 715 1348 non
739 1289 944 1349 consentiunt.

210 1369 272 1429 lam
295 1388 363 1430 cum
386 1370 539 1432 fateantur
559 1373 590 1432 in
611 1371 739 1448 Thomu,
760 1372 790 1429 in
814 1370 918 1447 Scuto,
940 1370 970 1430 in
993 1369 1047 1430 Pe·

126 1460 173 1514 tro
186 1452 369 1533 lombardo,
392 1456 422 1514 in
445 1454 628 1535 Angustiae,
648 1455 679 1513 in
702 1447 811 1515 oetsris
824 1453 964 1514 omnibus
979 1471 1048 1513 esse

126 1554 258 1616 errores,
281 1544 312 1596 et
334 1537 475 1608 eosdem,
498 1557 576 1616 quos
599 1537 745 1597 damnant
766 1538 796 1595 in
819 1536 967 1612 Lutbero,
990 1555 1049 1596 uec

127 1620 175 1680 bis
199 1617 408 1695 offendantur,
431 1622 505 1681 satis
528 1620 686 1680 declarant
711 1639 745 1680 se
767 1618 839 1681 odio
861 1618 985 1678 Lutberi
1006 1619 1048 1678 fa·

126 1721 216 1779 cere,
239 1702 321 1781 quod
343 1703 472 1781 faciunt,
495 1723 558 1765 non
582 1704 649 1764 zelo
671 1702 760 1780 fidei,
795 1721 885 1780 quem
908 1721 970 1761 non
994 1701 1048 1760 ba-

129 1785 206 1846 bent
226 1785 367 1847 homines
388 1787 583 1860 fucatissimi,
608 1789 654 1846 sui
676 1792 792 1846 mutum
815 1791 968 1860 amantes,
990 1802 1049 1844 nec

128 1866 214 1929 aliud
251 1887 340 1948 quam
383 1889 510 1950 reguum
544 1869 733 1930 affectantes.
783 1868 881 1928 Nemo
917 1868 1049 1927 fraterne

128 1951 249 2012 monuit
269 1951 442 2030 Lutherum,
466 1954 639 2033 cupientem
664 1952 798 2028 discere,
821 1970 912 2010 nemo
934 1949 1049 2027 docuit,

128 2053 223 2094 nemo
257 2035 376 2096 refellit.
419 2035 556 2096 Tandem
586 2044 755 2115 coeperunt
780 2036 810 2094 in
845 2033 957 2094 scholis
992 2033 1049 2092 dis·

127 2126 237 2198 putare
258 2117 403 2179 adversus
425 2119 603 2198 Lutherum,
632 2119 767 2194 sedita,
802 2125 836 2178 ut
859 2136 920 2176 non
943 2117 1048 2176 liceret

128 2200 334 2261 Baooalauriis
357 2202 440 2280 loqui
471 2202 590 2262 cuidam
615 2203 777 2282 Theologo
815 2200 978 2260 adducenti
1002 2220 1046 2258 ar-

126 2291 322 2364 gnmeutum‚
353 2285 435 2363 quod
457 2304 521 2345 non
544 2293 669 2364 possent
691 2285 827 2359 solvere,
851 2284 1047 2343 vehementer

125 2365 277 2447 indignati
300 2375 386 2444 sunt,
409 2374 440 2427 et
461 2368 651 2446 collegerunt
673 2368 836 2429 concilium
860 2366 898 2426 de
920 2366 973 2426 illo
997 2367 1047 2425 eii-

127 2448 255 2522 cieudo,
287 2449 445 2510 Turnhaut
478 2455 509 2510 ct
537 2449 683 2510 Latonius
718 2458 886 2528 coeperunt
907 2448 1047 2509 refellere

124 2533 157 2592 in
180 2531 362 2595 lectionibus
392 2534 454 2592 suis
488 2538 520 2593 et
545 2534 597 2592 vix
624 2534 817 2612 perfecerunt
845 2533 905 2592 duo
935 2533 1045 2610 capita,

125 2622 243 2675 tantum
268 2622 301 2676 nt
322 2623 405 2676 esset
425 2622 603 2695 praetextus
625 2616 705 2695 apud
729 2616 848 2692 stultos,
871 2621 904 2674 ut
925 2616 1044 2675 interim

124 2702 326 2778 procurarent
347 2718 398 2776 ea,
421 2718 500 2778 qnae
520 2718 602 2758 nuno
624 2698 770 2759 videmus.

210 2779 300 2855 Quod
323 2783 407 2842 sires
431 2801 468 2841 eo
489 2781 665 2853 deducetur,
688 2780 897 2859 utTheologis
920 2779 1044 2839 liberum

124 2865 166 2923 sit
185 2863 302 2942 absque
331 2864 500 2925 rationibus
529 2864 645 2924 dicere:
676 2865 743 2923 Hoc
763 2864 873 2924 falsum
894 2869 955 2937 est,
987 2863 1047 2922 hoo

123 2947 327 3025 haereticum,
350 2947 410 3007 hon
433 2947 630 3019 offensivum,
663 2967 720 3007 nen
741 2946 794 3006 ulli
817 2952 887 3004 sunt
909 2944 991 3015 libri,
1013 2947 1044 3005 in

125 3028 235 3108 quibus
256 3049 318 3091 nou
331 3032 432 3109 possis
454 3030 568 3109 aliquid
591 3031 652 3091 tale
664 3029 852 3104 calumniari,
875 3029 1044 3106 cuicunque

124 3113 318 3173 succensebit
329 3109 541 3187 Hocbstratus,
563 3113 723 3174 vocabitur
744 3112 782 3173 ad
804 3113 917 3191 ignem,
940 3120 970 3171 et
993 3113 1044 3172 bo·

125 3214 185 3255 nae
207 3195 315 3256 literae
339 3204 370 3256 et
390 3196 464 3258 boui
493 3198 549 3255 viri
572 3196 738 3277 prodentur
766 3195 897 3255 hominis
920 3194 1046 3267 indocti,

122 3277 229 3349 furiosi
252 3285 283 3339 et
305 3279 444 3339 scelerati
469 3279 596 3339 llbldrur.
641 3279 695 3338 llle
717 3281 746 3338 in
770 3279 831 3336 suis
854 3277 1046 3355 praefationi·

122 3359 178 3421 bus
199 3361 342 3441 gloriosis
361 3363 508 3442 promittit
530 3362 600 3422 illos
619 3362 815 3421 admirandos
838 3358 1044 3440 syllogismos,

123 3443 233 3522 quibus
256 3444 396 3504 volentes
420 3446 561 3506 nolentes
584 3448 622 3505 sit
644 3445 805 3505 adacturus
828 3462 885 3502 nos
907 3441 944 3500 ad
968 3442 1044 3502 cbe-

123 3525 277 3586 diendum.
320 3527 360 3586 Et
391 3527 492 3589 subito
520 3530 636 3608 profert
666 3528 837 3589 carnificem
866 3546 951 3584 suurn
976 3545 1043 3584 curn

120 3610 287 3684 fasciculis,
310 3611 377 3690 ipse
398 3612 533 3671 carnifex
555 3612 733 3671 cucullatus.

203 3691 328 3770 Omnia,
357 3712 435 3771 quae
457 3694 604 3756 hactenus
626 3697 655 3753 in
677 3694 840 3754 Lutherum
864 3699 933 3751 sunt
955 3692 1046 3771 scrip-

120 3781 163 3855 ta,
185 3775 301 3837 babent
323 3776 514 3837 manifestam
537 3779 705 3856 insaniam,
742 3795 849 3839 omnes
872 3775 1044 3876 tprpissimc
