2346 4208
190 251 253 318 124
418 224 661 310 ΤᾷεεατΜοηεοΙ.
680 255 715 310 Ι).
736 257 769 308 ll.
791 256 902 309 Lutherl

191 462 260 502 cras
281 443 310 501 in
340 441 492 502 clibanum
525 443 659 517 mittitur,
683 443 765 502 Deus
794 444 839 501 sic
866 444 973 517 vestit,
996 449 1112 521 quanto

192 525 290 606 magis
313 545 368 584 vos
392 526 531 585 modicae
553 525 644 584 fidei?
679 524 781 599 Quare
810 545 848 585 ex
870 525 1041 585 collatione
1063 525 1113 585 bo-

192 627 318 686 norum,
348 608 456 686 quibus
487 609 556 668 rnali
580 608 751 683 abundant,
786 615 816 668 et
839 608 926 684 mali,
949 607 1035 688 quod
1057 627 1114 668 nos

190 693 337 771 patimur,
371 689 446 751 fides
481 698 585 751 nostra
617 701 791 769 exercetur,
827 698 858 750 et
885 692 1061 752 consolatio
1079 693 1112 750 ⁴in

191 776 291 835 Deum
318 780 414 853 (quae
437 775 505 836 sole
527 785 633 835 sancta
648 783 710 845 est)
727 782 860 854 paratur,
883 775 962 835 adeo
985 793 1117 836 necesse.

192 864 248 936 est,
273 859 377 918 omnia
399 859 558 936 cooperari
582 859 611 917 in
635 858 747 917 bonum
771 859 895 920 sanctis.

275 941 411 1000 Alterum
427 939 552 1019 bonum,
576 941 657 1020 quod
675 940 769 1001 mullo
788 940 1007 1018 mirabilius¹),
1031 940 1113 1020 quod

192 1044 299 1086 eorum
323 1024 404 1083 mala
426 1024 515 1085 nobis
538 1024 620 1085 bona
643 1031 725 1100 sunt,
744 1025 811 1084 Deo
835 1025 880 1083 sic
902 1043 959 1083 uos
975 1030 1112 1084 curante.

191 1107 268 1167 Nam
292 1107 349 1167 etsi
371 1113 501 1186 peccata
523 1127 627 1167 eorum
651 1107 868 1167 sintecandalc
883 1106 1116 1178 infirmioribus,

192 1189 374 1250 firmioribus
396 1195 499 1250 tamen
521 1197 592 1250 sunt
606 1191 722 1250 virtutis
734 1191 913 1251 exercitium
937 1195 968 1249 et
989 1191 1114 1250 occasio

191 1292 313 1352 pugnae
336 1274 521 1352 maiorisque
543 1275 651 1336 meriti.
694 1274 807 1334 Beatus
830 1275 910 1333 enim
933 1271 1041 1350 vir*),
1063 1274 1113 1352 qui

192 1355 298 1415 suffert
319 1358 535 1432 tentationem,
559 1357 715 1435 quoniam,
743 1376 811 1416 cum
832 1356 984 1436 probatus
1014 1356 1115 1433 fuerit,

190 1439 322 1518 accipiet
344 1457 491 1502 coronam
513 1443 604 1501 vitae.
648 1437 734 1514 Quae
755 1458 830 1500 vero
853 1440 950 1498 maior
973 1440 1113 1514 tentatio,

190 1540 281 1600 quam
329 1523 490 1586 multitudo
533 1523 586 1583 illa
630 1523 831 1601 pessimorum
875 1521 1113 1600 exemplorum?

191 1605 333 1683 Denique
378 1606 450 1666 hinc
485 1606 614 1666 mundus
653 1626 730 1665 unus
763 1606 898 1667 hostium
938 1604 1114 1684 appellatur

191 1696 366 1748 sauctorum
381 1689 448 1762 Dei,
474 1690 555 1768 quod
578 1691 640 1748 suis
663 1688 814 1749 illecebris
838 1695 870 1764 et
890 1688 991 1766 impiis
1015 1688 1113 1768 operi·

191 1770 247 1830 bue
270 1790 327 1831 nos
349 1773 455 1850 irritat,
477 1779 637 1852 provocat,
660 1771 756 1833 allicit
779 1771 817 1831 de
833 1772 883 1830 vic
896 1771 952 1830 Dei
974 1773 1006 1829 in
1030 1773 1111 1831 viam

190 1873 291 1931 suam,
313 1855 391 1914 sicut
413 1855 490 1916 Gen.
514 1858 548 1918 6:
579 1855 729 1914 Viderunt
757 1853 811 1914 filii
826 1855 890 1914 nei
913 1853 991 1913 filias
1015 1853 1112 1914 homi·

187 1957 270 2013 num,
295 1938 377 2014 quod
400 1944 503 1999 essent
525 1939 688 2019 pulchrae,
718 1944 749 1999 et
776 1957 848 1997 caro
871 1937 944 1997 fecti
966 1943 1054 2014 sunt,
1083 1943 1113 1997 et

186 2019 294 2080 Nume.
317 2024 371 2085 25:
397 2022 464 2081 Filii
486 2022 580 2082 lsrael
603 2020 778 2082 oeciderunt
800 2040 868 2080 cum
890 2018 1013 2080 filiabus
1026 2019 1117 2081 Moe·

189 2102 332 2163 bitarum:

271 2185 317 2246 lta
339 2192 371 2246 ut
393 2187 525 2246 salutare
547 2188 602 2261 sit,
635 2205 692 2246 nos
710 2205 832 2265 semper
862 2184 965 2263 aliquo
994 2186 1112 2246 incom-

190 2267 282 2326 modo
306 2272 411 2348 premi,
435 2290 474 2328 ne
497 2270 603 2330 muudi
625 2268 778 2328 scandalis
802 2267 910 2328 offensi
924 2286 1060 2344 ruamus,
1083 2276 1113 2327 et

187 2369 351 2430 peccemus
385 2372 442 2413 uos
475 2353 594 2411 infirmi.
650 2352 700 2412 Sic
732 2351 790 2411 Lot
827 2350 1063 2411 commendatur
1095 2371 1113 2411 a

186 2433 296 2512 Petr0,
329 2437 357 2498 2.
382 2437 444 2495 Pet.
468 2439 504 2513 2,
541 2435 622 2514 quod
654 2456 672 2495 a
705 2434 934 2494 Zodomitarum
969 2435 1113 2513 pessimis

134 2543 152 2563 ·
188 2519 337 2598 exemplis
370 2518 466 2578 multa
495 2537 602 2597 passus
626 2520 679 2595 sit,
718 2525 750 2577 ut
778 2518 945 2586 iniustitia
979 2535 1114 2596 suaper

187 2598 266 2658 heco
288 2603 486 2681 promoverit.
529 2601 664 2661 Necesse
687 2607 735 2660 est
756 2620 848 2680 ergo,
871 2606 903 2658 ut
924 2599 1004 2658 haee
1026 2619 1119 2659 scam·

189 2681 260 2742 dala
282 2687 416 2763 veniant,
439 2703 518 2762 quac
540 2692 704 2764 operentur
726 2683 815 2744 uobis
839 2702 972 2762 pugnam
998 2688 1031 2743 et
1054 2684 1113 2742 vio·

188 2767 314 2845 loriam,
342 2788 398 2828 vae
421 2774 523 2827 tamen
555 2766 669 2827 mundo
699 2786 717 2824 a
745 2765 907 2827 scandalis.
952 2765 983 2825 Si
1008 2773 1113 2826 autem

186 2850 217 2908 in
260 2853 395 2930 peccatis
430 2852 558 2910 eliorum
597 2856 682 2910 tanta
713 2849 803 2909 uobis
847 2848 928 2909 bona
967 2855 1114 2928 procurat

188 2932 286 3013 Deus,
313 2943 427 3013 quanto
458 2936 555 3014 magis
587 2935 616 2993 in
646 2940 752 2994 nostro
791 2931 989 2992 incommodo
1021 2932 1113 2992 nobis

189 3014 303 3077 bonum
326 3024 504 3096 operaturus
527 3023 594 3077 toto
617 3015 710 3076 corde
733 3015 816 3075 credi
838 3014 938 3091 debet,
962 3016 1022 3074 etsi
1046 3035 1113 3075 sen·

191 3117 242 3158 sus
265 3109 296 3160 et
318 3119 390 3160 caro
412 3099 495 3159 aliud
517 3100 640 3159 iudicet.

272 3183 341 3243 Non
359 3184 458 3242 minus
481 3183 553 3243 boni
579 3182 667 3242 nobis
680 3181 810 3241 mundus
826 3181 945 3241 confert
959 3200 998 3239 ex
1013 3182 1113 3242 altero

190 3266 338 3326 malorum
362 3286 486 3326 suorum
509 3266 613 3340 latere,
637 3264 720 3343 quod
743 3271 790 3324 est
810 3263 990 3326 adversitas.
1033 3264 1112 3324 Nem

190 3366 267 3426 quos
295 3349 447 3410 illecebris
480 3368 542 3410 non
577 3354 679 3427 potest
711 3347 861 3408 devorare
892 3352 923 3406 et
955 3347 1114 3408 scandalis

190 3432 248 3493 sibi
271 3434 479 3512 incorporare,
502 3430 696 3511 passionibus
713 3439 842 3493 conatur
864 3450 930 3490 ase
943 3430 1114 3508 expellere,

190 3523 222 3575 et
244 3515 331 3577 malis
353 3534 522 3595 poenarum
551 3514 724 3593 exturbare,
747 3534 868 3594 semper
898 3519 951 3572 eut
983 3514 1114 3575 insidias

264 3719 294 3786 1)
317 3721 346 3772 ln
366 3721 409 3775 ed.
429 3720 493 3776 len.
513 3719 653 3775 additum:
674 3724 723 3774 est.

258 3791 293 3863 ¹*J
313 3792 403 3848 lacob.
419 3794 445 3849 1.
513 3824 516 3829 ·
803 3794 807 3826 ²
