2346 4208
172 251 248 319 ‘450
449 251 618 306 V..Geaoio
634 252 669 304 D.
687 253 724 305 ll.
740 251 821 304 tutu.

186 438 283 500 nenti
303 438 497 517 perpendent
515 445 769 517 venerenturque,
792 437 881 497 uxori
902 435 997 513 ἤι’)
1020 434 1104 495 debi-

186 527 249 582 tam
271 519 519 582 benevolentiam
540 521 665 599 reddet,
699 521 840 581 similiter
864 527 899 580 et
927 537 1008 579 uxor
1026 519 1105 595 viro,

187 603 388 682 videantque,
409 625 450 665 ne
471 612 597 685 propter
620 607 812 684 importunas
838 603 1105 681 concupiscentiae

187 685 314 746 affectus
336 687 487 748 humanus
509 687 563 748 fiet
584 687 723 750 heluinus
746 695 777 747 et
797 685 993 747 irrationalis.

271 769 447 830 Secundum
464 772 588 850 bonum,
610 771 837 831 matrimonium
854 768 1010 830 vinculum
1033 766 1105 827 fidei

187 851 306 915 dicitur.
354 853 445 914 Fides
481 855 563 914 euim
584 854 816 914 fundamentum
848 859 897 913 est
922 860 955 911 et
985 869 1106 911 summe

187 937 392 1014 matrimonii,
414 926 494 997 elter
521 938 603 996 enim
630 937 718 997 elteri
746 955 816 997 sese
836 935 973 996 devovet
992 941 1026 994 et
1045 933 1106 1005 det,

189 1019 318 1078 seelueis
341 1020 484 1080 omnibus
517 1021 594 1079 eliis.
637 1019 717 1095 Quia
744 1039 819 1100 ergo
842 1017 978 1098 copulati
999 1017 1106 1078 metri-

187 1103 292 1161 monio
321 1105 589 1182 concupiscentiae
621 1103 737 1162 carneli
768 1102 966 1162 occluserunt
998 1118 1107 1162 omues

186 1185 270 1261 vies,
300 1191 332 1244 et
351 1186 488 1265 quisquis
510 1205 566 1246 sue
587 1188 719 1266 coniuge
741 1193 904 1245 contentus
925 1184 1017 1263 vivit,
1048 1201 1108 1242 nec

187 1268 301 1346 possim
321 1267 496 1346 delicietur,
527 1270 677 1330 Dominus
701 1269 783 1328 Deus
812 1288 852 1328 ex
874 1269 974 1348 gretie
994 1284 1105 1328 conce-

188 1349 250 1427 dit,
279 1358 313 1409 ut
345 1350 522 1413 huiusmodi
547 1351 754 1412 delectatione
782 1351 953 1433 geudeent,
985 1350 1107 1410 etiamsi

186 1432 240 1492 ille
260 1434 301 1493 sit
321 1435 397 1494 citro
418 1455 505 1515 spem
525 1435 649 1513 fructus,
670 1435 764 1496 modo
783 1441 921 1495 servetur
941 1432 1105 1511 modestia,

180 1535 228 1577 *ne
249 1518 413 1598 coniugum
437 1538 525 1578 emor
546 1518 600 1579 fiat
620 1518 787 1581 brutorum.

251 1599 329 1660 .Hic
351 1600 515 1662 dicendum
536 1603 629 1680 foret,
659 1602 841 1681 quibusnam
864 1600 965 1661 verbis
987 1604 1108 1660 contre·

188 1681 297 1743 hentes
318 1685 362 1744 uti
383 1692 521 1764 possent.
564 1685 678 1745 Verum
706 1705 756 1746 res
783 1686 826 1744 ite
848 1692 896 1746 est
916 1685 1058 1744 involuta
1077 1688 1109 1740 et

188 1765 345 1845 impedite,
366 1775 400 1827 ut
421 1788 481 1849 ego
502 1770 589 1828 iuxte
611 1787 712 1829 meum
734 1775 858 1848 ceptum
880 1775 911 1828 et
932 1765 1108 1845 simplicite

188 1854 250 1909 tem
288 1850 462 1931 intelligere
499 1870 563 1910 non
594 1853 722 1930 possim.
765 1851 941 1911 Verendum
975 1866 1107 1928 quoque,

188 1931 271 2010 qnod
299 1933 396 1993 multe
426 1935 621 1993 metr-imonie
657 1933 696 1994 ed
726 1934 807 1994 hunc
832 1933 970 2015 regulam
993 1931 1112 1991 exenn-

188 2020 262 2076 uete
290 2035 353 2075 uon
382 2017 444 2075 sint
464 2017 670 2078 matrimonia.
713 2017 831 2078 Temen
852 2036 922 2077 cum
943 2015 1110 2096 praecipue

189 2104 311 2158 constet
331 2118 370 2157 ex
393 2117 548 2159 consensu
561 2107 690 2179 mutuo,
712 2101 788 2161 nolo
810 2119 872 2181 ego
890 2097 1109 2179 inpreeseutie-

188 2200 255 2240 rum
277 2179 413 2261 definire,
436 2182 491 2242 sed
505 2183 583 2260 Deo,
604 2184 689 2243 cuius
710 2183 825 2243 iudicis
846 2190 917 2243 suut
938 2183 1108 2261 incompre-

189 2263 352 2323 hensibilia
373 2271 405 2324 et
426 2265 586 2344 mirabilia,
610 2268 780 2326 committo.

272 2347 374 2406 Verba
400 2350 604 2409 communiter
632 2349 797 2409 observate
825 2349 904 2409 haec
925 2355 1010 2407 eunt:
1040 2347 1109 2427 Ego

189 2448 254 2489 sum
278 2436 356 2507 tuus,
378 2437 409 2490 tu
433 2451 466 2492 es
490 2451 574 2510 mec,
599 2450 773 2512 quanquam
796 2434 877 2492 acuti
899 2430 1022 2511 quidam
1045 2431 1109 2509 opi-

188 2520 314 2589 nentur,
337 2533 399 2573 non
425 2517 499 2575 setis
522 2534 608 2591 esse,
634 2534 703 2575 cum
726 2515 850 2576 dicitur:
888 2515 957 2594 Ego
979 2522 1010 2573 te
1031 2514 1109 2573 ecci-

188 2597 252 2674 pio,
275 2596 325 2656 vel
346 2598 497 2677 eccipiem
520 2606 560 2676 te,
582 2598 633 2658 vel
653 2599 685 2658 id
707 2618 805 2679 genus
827 2599 890 2658 alia
909 2595 1012 2659 verbe.
1047 2596 1109 2655 Me-

185 2679 240 2738 -lim
263 2688 366 2739 temen
396 2699 456 2761 ego
478 2681 613 2742 iudicare
632 2681 719 2742 iuxte
742 2689 893 2759 mentem,
920 2699 1014 2760 ⁴quem
1037 2686 1111 2739 tunc

187 2769 315 2841 utreque
335 2783 534 2842 personarum
559 2764 805 2825 contrahentium
827 2765 942 2825 hebuit.

270 2845 434 2907 Praeterea
453 2850 536 2909 circe
557 2849 633 2927 hoc,
669 2848 753 2927 quod
775 2865 994 2926 nonnunquam
1018 2845 1111 2905 tecite

188 2929 297 3008 aliquis
321 2932 470 3010 promittit
493 2933 560 3012 uni,
583 2931 694 2992 deinde
716 2932 843 2992 alteram
867 2931 965 3010 ducit,
988 2929 1037 2988 vel
1061 2945 1110 2988 oc-

188 3011 270 3072 culte
293 3013 343 3073 vel
365 3015 541 3092 manifeste,
577 3017 684 3075 nescio
714 3035 753 3075 eu
776 3016 881 3076 omnie
904 3032 975 3073 veru
997 3013 1059 3071 sint
1081 3017 1112 3070 et

188 3103 282 3174 recte,
304 3115 384 3175 quee
406 3097 547 3159 dicuntur
568 3105 600 3157 et
621 3098 802 3158 scribuntur.
827 3098 895 3158 Hoc
915 3114 1016 3156 meum
1039 3113 1110 3154 oon·

188 3178 289 3239 silium
311 3186 372 3240 est:
400 3180 547 3242 Parentes
569 3200 642 3241 suos
666 3181 779 3243 liberos
801 3183 969 3257 instruent,
997 3196 1037 3238 ne
1060 3195 1112 3237 ve-

187 3263 393 3323 recundentur
418 3263 457 3323 eb
487 3267 531 3324 eis
553 3271 658 3344 petere
680 3266 838 3344 coniuges.
879 3264 955 3323 Item
978 3261 1111 3321 doceeu·

188 3352 252 3422 tur,
283 3366 323 3406 ne
345 3348 421 3407 citra
442 3354 603 3427 parentum
624 3345 815 3408 voluntatem
841 3345 1033 3407 contrehent.
1080 3342 1111 3403 Si

188 3430 270 3490 enim
291 3438 321 3490 te
344 3450 406 3491 uon
429 3431 525 3511 pudet
545 3438 665 3510 togam,
695 3432 837 3508 domum,
866 3436 898 3489 et
918 3428 979 3489 elie
1006 3427 1036 3486 id
1060 3445 1112 3507 ge-

188 3531 244 3572 nus
267 3515 484 3593 aparentibus
506 3522 626 3595 petere,
651 3533 704 3574 cur
724 3514 853 3596 pudebit
874 3513 1037 3591 coniugem
1060 3528 1112 3589 pe

187 3602 267 3680 tere,
299 3617 365 3657 rem
394 3598 491 3659 multo
521 3598 620 3678 magis
642 3595 871 3658 necessariam?
913 3593 1005 3670 Quod
1027 3592 1112 3654 Sem-

260 3788 287 3852 ·)
309 3787 334 3840 1.
354 3786 477 3845 Corinth.
495 3787 522 3841 7.
