2346 4208
408 230 442 285 de
460 231 588 287 libertate
608 230 774 285 christiana.
989 224 1051 293 231
1130 248 1136 257 ’

121 422 206 497 tale,
229 427 263 481 ut
285 420 412 483 virtutes
435 420 584 481 enarretis
607 420 688 496 eius,
719 420 770 499 qui
793 420 916 480 vocavit
938 436 994 480 vos
1017 418 1056 480 de

121 504 259 567 tenebris
280 505 311 563 in
334 503 516 564 admirabile
537 504 641 564 lumen
665 523 763 563 suum.

208 587 296 663 Quae
319 585 380 647 duo
416 588 462 647 sio
496 606 530 646 se
552 586 678 649 habent.
722 587 873 661 Primum,
910 584 992 665 quod
1016 583 1054 645 ad

122 691 252 753 regnum
276 671 425 751 pertinet,
456 669 584 750 quilibet
606 669 796 731 Christianus
819 688 874 750 per
896 667 989 728 fidem
1012 670 1056 728 sio

123 753 337 836 magnilloatur
357 755 577 833 superomnia,
600 760 634 813 ut
648 753 797 833 spirituali
809 753 949 831 potentia
972 771 1055 831 pror·

121 857 177 900 aus
209 838 345 899 omnium
368 835 510 897 dominus
533 837 586 912 sit,
622 837 665 897 ita
693 845 727 896 ut
755 836 839 896 nulla
861 836 987 896 omnino
1011 853 1055 894 re-

120 941 191 983 rum
212 922 312 1001 possit
334 920 362 979 ei
384 919 550 998 quidquam
574 938 705 999 nocere,
728 921 789 980 imo
813 920 917 978 omnia
938 917 1055 979 subieo

122 1013 157 1065 ts
189 1005 217 1064 ei
260 1009 412 1083 eoguntur
445 1004 559 1063 servire
604 1002 642 1062 ad
676 1002 816 1063 salutem.
860 1001 911 1062 Sia
943 1000 1055 1061 Paulus

98 1089 215 1149 ·Rom.
237 1085 266 1150 8.
289 1085 377 1148 dicit:
402 1085 513 1147 Omnia
531 1091 736 1166 cooperantur
748 1088 776 1145 in
800 1086 915 1146 bonum
938 1084 1056 1162 eleotis3

122 1171 199 1231 item
226 1174 253 1231 1.
276 1169 345 1231 (lor.
369 1171 406 1233 3:
429 1168 540 1229 Omnia
563 1177 673 1246 vestra,
697 1171 761 1229 sive
780 1188 873 1245 mors,
896 1169 960 1228 sive
982 1169 1055 1244 vita,

122 1257 190 1314 sive
212 1252 369 1327 instantia,
393 1252 459 1311 sive
481 1253 590 1331 futura,
614 1260 793 1313 vosautem
817 1251 940 1311 Christi.

206 1335 277 1396 Non
299 1333 383 1414 quod
406 1335 559 1415 oorporali
582 1337 723 1415 potentia
746 1336 905 1415 quisquam
930 1333 1054 1394 Christi·

122 1438 254 1480 anorum
287 1419 506 1497 superomnia
534 1421 718 1479 eonstitutus
750 1420 791 1478 sit
814 1415 1001 1498 possidenda
1025 1424 1056 1477 et

123 1500 305 1579 tractanda,
339 1519 399 1580 quo
423 1501 525 1562 lurore
555 1503 669 1581 passim
700 1501 902 1561 ecelesiastici
931 1501 1054 1579 quidam

121 1585 289 1647 insaniunt.
312 1584 381 1644 Hoo
403 1585 483 1644 enim
507 1604 625 1665 regum,
648 1586 818 1665 principum
843 1590 880 1643 et>
896 1583 1055 1644 hominum

123 1670 224 1731 estin
248 1674 345 1744 terra3
378 1667 502 1745 quando
524 1669 593 1748 ipso
617 1669 700 1727 vitas
723 1687 778 1727 usu
800 1666 956 1743 videmus,
996 1684 1053 1747 nos

124 1750 269 1814 omnibus
292 1750 409 1825 subiici,
433 1749 528 1811 multa
549 1751 629 1831 pati,
658 1759 749 1829 atque
772 1750 851 1811 adeo
873 1751 970 1826 mori,
991 1752 1054 1810 imo

124 1854 188 1915 quo
212 1833 413 1894 Christianior
435 1835 595 1914 quisquam
618 1841 674 1912 est,
697 1834 757 1894 hoo
779 1833 915 1914 pluribus
937 1832 1052 1893 subieo-

124 1926 175 1980 tus
198 1923 245 1978 est
267 1915 372 1995 malis,
403 1916 598 1996 passionibus
622 1924 653 1977 et
676 1917 840 1993 mortibus,
877 1918 960 1976 utin
984 1917 1053 1995 ipso

123 2002 265 2083 prinoipe
292 2001 499 2080 primogenito
522 2001 642 2062 Christo
677 2000 708 2061 et
745 2000 886 2062 omnibus
914 1999 1054 2060 fratribus

124 2086 189 2145 suis
213 2084 327 2144 sanetis
350 2082 498 2143 videmus.

208 2166 352 2226 Potentia
374 2167 452 2226 haee
480 2168 645 2246 spiritualis
676 2172 741 2245 est,
774 2185 853 2244 quae
881 2164 1056 2225 dominatur

123 2254 156 2312 in
180 2249 282 2310 medio
304 2249 509 2325 inimieorum,
533 2258 564 2310 et
586 2256 697 2329 potens
720 2251 817 2309 estin
842 2248 949 2308 mediis
971 2267 1055 2326 pres-

125 2335 216 2395 suria.
260 2331 350 2407 Quod
373 2339 421 2392 est
443 2333 526 2393 aliud
550 2334 647 2410 nihil,
681 2352 771 2411 quam
802 2331 885 2411 quod
908 2332 1003 2391 virtus
1025 2331 1055 2389 in

124 2414 307 2477 infirmitate
330 2414 494 2494 perficitur,
518 2418 600 2475 etin
625 2416 766 2475 omnibus
789 2435 914 2495 possum
940 2414 1054 2473 luorum

124 2500 233 2560 faeere
255 2499 372 2577 salutis,
395 2499 484 2573 adeo,
510 2505 542 2558 ut
564 2518 638 2558 arux
661 2507 691 2557 et
712 2517 795 2557 mors
810 2504 960 2578 cogantur
982 2497 1056 2556 mihi

127 2583 244 2645 servire
267 2588 298 2641 et
320 2583 481 2664 oooperari
504 2581 542 2641 ad
565 2580 752 2656 salutern*).
796 2581 882 2641 Haeo
905 2587 952 2638 est
974 2580 1054 2638 enim

127 2665 226 2728 ardua
248 2671 279 2725 et
297 2663 427 2742 ‘insignis
458 2664 604 2744 dignitas,
639 2683 773 2742 veraque
806 2671 837 2724 et
861 2665 1056 2740 omnipotens

126 2754 278 2831 potestas,
302 2747 460 2827 spirituale
482 2748 654 2826 imperium,
678 2748 708 2805 in
733 2765 793 2824 quo
816 2746 900 2806 nulla
923 2765 970 2804 res
994 2752 1056 2804 tum

128 2833 231 2909 bona,
263 2829 348 2891 nulla
380 2837 443 2890 tum
474 2830 572 2907 mala,
608 2849 686 2907 quae
709 2848 770 2889 uon
793 2831 824 2889 in
846 2829 960 2889 bonum
984 2828 1057 2886 mibi

128 2921 329 2994 cooperetur,
365 2915 388 2972 si
419 2913 512 2974 modo
543 2912 719 2990 eredider03
751 2914 836 2972 nulla
857 2921 960 2971 tamen
985 2910 1057 2970 mihi

128 3017 208 3078 opus
233 3004 280 3057 est
295 2999 383 3073 (uum
407 2997 475 3056 sola
497 2995 574 3057 tides
597 2995 729 3056 sufficiat
751 2995 788 3054 ad
812 2996 973 3071 salutem),
996 2995 1055 3052 nisi

128 3079 214 3161 quod
246 3079 323 3138 fides
353 3082 383 3139 in
417 3099 455 3140 ea
483 3081 625 3140 virtutem
656 3087 686 3139 et
719 3081 878 3158 imperium
908 3077 1056 3137 libertatis

82 3197 89 3209 ·
129 3183 207 3226 suae
231 3170 386 3223 exerceat.
430 3162 512 3223 ane
534 3163 612 3222 haee
634 3171 681 3223 est
709 3162 949 3222 Christianorum
972 3161 1055 3219 inae-

130 3246 293 3309 stimabilis
316 3249 455 3325 potentia
477 3253 508 3306 et
529 3245 661 3308 libertas.

214 3329 280 3389 Neo
301 3329 400 3389 solum
424 3348 513 3409 reges
538 3330 672 3389 omnium
696 3329 856 3405 liberrimi,
880 3326 935 3387 sed
958 3345 1056 3385 saser-

130 3413 222 3474 dutes
246 3431 368 3490 quoque
392 3432 496 3472 sumus
518 3413 549 3472 in
565 3419 732 3485 aeternum,
757 3411 838 3490 quod
854 3412 1056 3490 longeregno

129 3496 349 3572 excellentius,
381 3494 464 3574 quod
496 3514 552 3575 per
575 3495 820 3570 sacerdotiuml)
847 3494 930 3573 digni
953 3511 1056 3551 sumus

202 3772 235 3837 1)
258 3770 288 3823 ln
309 3770 352 3823 ed.
374 3769 442 3825 1521
464 3766 579 3822 etiem:
599 3764 787 3828 excellentius,
803 3777 853 3831 per
873 3760 1057 3815 sacerdotium

128 3844 212 3898 euim.
252 3838 285 3911 ²⁸¹)
307 3844 334 3898 1.
355 3841 420 3897 Cor.
444 3839 488 3894 12.
