2346 4208
196 228 240 296 66
415 230 545 287 omaus
565 230 670 286 ladost
688 231 906 285 Lateranorum

198 418 271 479 dam
291 417 457 498 populares
478 419 576 498 illius,
604 418 801 480 tumultuario
824 423 856 478 et
875 417 1061 497 repentino,
1078 423 1119 477 ut

199 501 329 580 videtur,
352 502 457 564 calore
477 503 619 582 scriptae,
641 504 673 562 in
695 520 803 561 manus
824 506 1118 583 nostrasvsnersnt

198 587 230 647 in
253 584 361 664 quibus
385 586 493 649 decem
514 593 681 666 praecepta
693 585 788 645 Mosis
808 603 958 645 enarrans
978 583 1119 659 velamen

199 668 238 729 ab
260 669 358 729 oculis
379 669 461 729 illius
482 676 630 730 removet
674 667 764 729 Unde
785 673 848 727 tum
871 686 926 728 suc
949 666 1120 728 eruditione

199 752 423 832 perspicuaque
453 752 593 813 claritate
614 752 783 833 praestitit,
816 757 848 811 ut
879 770 985 831 supra*
1004 764 1118 813 monam

199 835 460 897 scholasticorum
497 835 616 897 indocti
653 855 712 896 nos
739 833 899 895 sublimius
921 833 964 894 de
989 833 1120 911 onnam,

145 954 151 965 ·
199 919 335 980 sanctius
357 918 396 978 de
419 918 582 998 evangelio
604 920 803 996 sentiremus,
830 919 999 999 positoque
1017 935 1122 998 supar-

200 1001 272 1062 cilio
295 1020 419 1081 parum,
452 1002 514 1062 imo
536 1002 612 1062 nihil
633 1002 734 1078 nobis,
755 1000 901 1078 multum,
932 1001 997 1062 imo
1017 1001 1122 1081 omnia

201 1084 322 1147 Christo
345 1085 413 1146 Deo
436 1085 648 1146 tribueramus.
692 1085 743 1146 Sic
765 1103 835 1144 sese
861 1085 997 1164 ⁴primurn
1032 1083 1120 1145 nobis

199 1168 377 1228 insinuavit.
419 1168 494 1229 Mox
515 1169 598 1229 lama
620 1169 858 1249 superveniens,
893 1175 926 1228 et
944 1167 1010 1228 viri
1028 1169 1120 1228 inno

200 1252 334 1311 centiam
356 1246 473 1312 docens
503 1253 699 1331 opinionem,
738 1270 829 1330 quam
851 1250 891 1310 de
912 1250 968 1311 illc
987 1250 1122 1312 tabem

201 1353 282 1412 mus,
317 1335 540 1414 comprobavit.
589 1335 671 1410 Quid
701 1336 888 1412 faceremus,
923 1331 1007 1395 bona
1028 1332 1122 1394 Enni?

200 1417 402 1479 habendusne
431 1425 497 1479 erat
524 1418 618 1479 odio?
657 1418 749 1479 flocci
781 1416 1005 1497 pendendusne
1037 1415 1122 1496 arat?

199 1502 352 1581 ingratius
374 1520 443 1562 esse
461 1501 671 1563 debebamus?
694 1500 860 1576 Quomodo
883 1507 917 1560 tu
933 1497 1122 1561 eiuscemodi

200 1590 347 1646 tractmes
370 1584 557 1665 discipulos?
627 1620 630 1625 ·
1047 1588 1050 1595 '

284 1701 346 1763 sub
367 1702 446 1783 baec
467 1704 703 1763 concionatores
716 1701 839 1782 quidam
858 1696 959 1785 officii,
971 1698 1123 1763 'suintila

201 1800 372 1864 memores,
407 1787 499 1846 variis
522 1787 552 1844 in
575 1785 653 1846 locis
674 1786 743 1865 plus
765 1800 866 1865 aequo
889 1780 1122 1845 condonationi-

202 1869 257 1929 bus
279 1868 468 1950 pontificum,
491 1879 566 1950 quas
587 1868 795 1951 indulgentias
808 1873 930 1947 vocant,
953 1864 1122 1929 tribuentes

201 1951 365 2013 multorum
397 1951 588 2013 seducebant
608 1953 746 2033 animos,
786 1949 1007 2013 confidentium
1036 1948 1121 2033 pblli·

135 2100 144 2115 Ι
202 2035 397 2096 citationibus
419 2035 647 2114 huiuscemodi,
680 2028 730 2095 vel
756 2032 877 2095 abiecta
903 2034 997 2094 verae
1018 2032 1123 2114 poeni·

201 2121 316 2179 tentiae
344 2136 435 2178 cruce
470 2119 600 2178 salutem
624 2136 660 2179 se
691 2123 898 2178 assecuturos.
941 2114 1023 2191 Quid
1052 2112 1123 2196 doli,

203 2202 275 2281 quid
296 2201 457 2280 fraudium,
479 2202 551 2281 quid
572 2204 809 2283 imposturarum
823 2200 878 2261 sub
901 2198 1124 2262 sanctimoniae

202 2291 361 2367 praetextu
393 2304 450 2365 per
483 2285 666 2347 maledictos
695 2284 888 2367 nugivendos
911 2282 1123 2345 committeba-

202 2376 266 2447 tur,
303 2369 353 2428 vel
381 2369 552 2430 tacentibus
584 2369 690 2450 nobis,
730 2387 821 2428 nemo
852 2366 1039 2448 hodie‘est,
1074 2367 1124 2447 qui

202 2453 329 2514 nesciat.
366 2451 505 2512 Silebant
527 2452 663 2534 theologi
681 2471 798 2530 omnea,
821 2451 1041 2531 connivebant,
1062 2450 1123 2512 ltn'o

200 2535 375 2615 probabant
396 2536 543 2616 episcopi,
567 2536 718 2596 refutabat
736 2536 990 2619 concionatorum
1012 2533 1124 2611 nullus,

201 2619 284 2679 unde
316 2638 373 2679 ceu
408 2620 554 2700 religioso
592 2620 714 2680 silentio
754 2619 935 2680 licentiosae
970 2618 1123 2698 iniquitati

202 2702 351 2764 autoritas
384 2704 522 2783 quotidie
561 2704 660 2763 maior
693 2702 863 2763 accedebat
893 2701 1124 2782 invalueratque

203 2785 283 2848 adso
306 2786 338 2846 id
359 2786 446 2867 mali,
478 2788 592 2847 utiam
614 2805 678 2848 non
699 2785 849 2864 iubilaeo,
881 2794 912 2846 et
933 2785 1124 2867 quinquage-

202 2870 280 2930 simo
303 2889 427 2950 quoque
449 2890 568 2951 annno,
591 2870 645 2931 sed
668 2871 832 2951 quotannis
855 2888 916 2930 non
940 2868 1049 2949 semel,
1067 2864 1124 2929 s's'n

201 2954 312 3014 iterum
333 2961 425 3033 atque
456 2957 575 3035 iterum,
609 2974 668 3015 nec
699 2953 801 3014 arduis
836 2973 875 3013 ex
911 2953 1030 3030 causis,
1070 2950 1124 3012 ssd

202 3037 296 3118 plane
319 3037 460 3098 tenuibus
485 3046 516 3099 et
535 3040 764 3119 commentitiis,
786 3056 849 3098 non
871 3037 938 3098 sine
955 3035 1124 3098 animarum

203 3120 426 3204 delusionibus,
447 3130 626 3204 quaestores
650 3120 738 3184 multi
759 3118 1002 3187 obambularent.

285 3242 403 3304 Primus
425 3250 498 3304 tunc
527 3245 682 3322 omnium,
714 3261 885 3322 queminus
907 3244 1036 3320 scimus,
1071 3244 1124 3306 lsr-

204 3328 308 3389 therus
340 3347 442 3389 rerum
475 3327 660 3409 indignitate
687 3346 842 3407 perpensa
871 3326 954 3406 apud
978 3327 1125 3391 vuittsrn·

202 3412 369 3494 bergenses
406 3415 438 3473 in
460 3413 575 3475 scholis
608 3412 648 3473 de
668 3414 705 3474 iis
725 3412 819 3473 rebus
841 3411 989 3471 maturius
1011 3430 1123 3493 propo·

204 3499 270 3558 sitis
299 3495 548 3558 conclusionibus
576 3497 733 3577 disputare
756 3496 867 3574 coepit.
912 3492 1000 3567 Quae
1022 3496 1123 3557 statim

205 3583 281 3643 mira
302 3582 459 3642 celeritate
480 3600 535 3661 por
548 3579 745 3643 Germaniam
768 3597 903 3660 sparsae,
926 3584 958 3637 et
979 3577 1125 3658 singulari

203 3664 309 3727 favore
331 3686 350 3726 a
371 3664 557 3727 doctissimis
580 3666 673 3726 etiam
687 3663 857 3743 quibusvis,
879 3680 899 3721 a
920 3669 950 3721 te
972 3661 1055 3723 forta
1075 3666 1127 3726 aut

202 3749 327 3829 ignotis,
349 3757 403 3811 aut
423 3751 623 3829 contemptis,
646 3755 807 3829 exceptas,
827 3745 910 3827 quod
920 3744 1045 3807 fraudes
1067 3746 1125 3811 ium
