2332 4206
184 1004 522 1217 t[piispututiones
551 1007 598 1100 D.
627 1005 896 1214 Iantheri
925 1008 981 1104 de
1005 1034 1101 1144 prae
1146 1160 1154 1184 .

216 1120 1102 1355 ttriitiiiidiiffltiiiiid

344 1345 596 1469 propositae
623 1353 667 1443 ot
699 1347 973 1489 explicatae.

184 1259 215 1328 8

283 1650 517 1761 IIisputationes
530 1679 569 1739 ad
594 1697 749 1740 saoromm
772 1679 1041 1748 reformationem
1060 1693 1102 1748 us

184 1762 390 1845 incipiendam
413 1782 503 1842 quam
527 1761 770 1842 promovendam
793 1762 974 1843 plun’murn
993 1769 1103 1831 valuisse

184 1848 264 1908 inter
286 1866 394 1908 omnes
417 1853 541 1907 oonstat
560 1844 614 1926 (of.
633 1844 706 1905 Em.
727 1844 808 1906 Frid.
828 1845 1023 1914 Neubaueri
1036 1854 1103 1915 Oon

182 1937 295 1994 ment:
318 1929 357 1990 de
379 1929 599 1989 reformatione
619 1946 639 1986 a
662 1927 795 1989 Luthero
819 1929 968 2015 aliisque
991 1936 1102 2018 disputo

180 2013 317 2074 tionibus
338 2014 462 2091 indepta
484 2030 521 2070 ao
537 2016 708 2092 propagata
730 2017 790 2071 eto.
833 2011 931 2077 Halis
960 2018 1051 2086 1730.
1069 2021 1102 2094 It.

182 2095 288 2175 Itaque
324 2095 563 2173 disputationum
599 2094 829 2173 propositiones
869 2104 905 2158 et
934 2099 1104 2164 numerio

180 2176 429 2237 Melanohthouis
452 2178 645 2256 aliorumque
655 2177 716 2236 iam
740 2178 854 2257 pausis
872 2194 953 2260 post
979 2185 1103 2247 roform-

179 2259 297 2319 tionem
320 2260 474 2339 inseptam
510 2261 597 2319 annis
626 2266 697 2319 sunt
718 2259 896 2342 oolleotae,
931 2270 1023 2349 typis
1043 2267 1104 2330 eud

179 2348 271 2421 gatae
301 2345 486 2423 saepiusque
514 2344 673 2422 repetitae.
715 2341 870 2404 Lutherus
904 2368 989 2428 prae
1014 2352 1104 2413 ueteris

180 2423 355 2505 disputandi
378 2427 579 2506 peritissimus
608 2432 674 2486 erat
702 2431 733 2485 et
754 2425 793 2485 ad
816 2425 1059 2508 disputationes
1075 2436 1104 2494 iu·

178 2507 351 2569 stituendus
364 2510 546 2589 saepissime
557 2509 696 2587 Iouisque
717 2507 938 2575 celeberrimis
963 2524 1105 2596 permotus

183 2596 232 2652 est
256 2589 313 2673 (ef.
335 2591 373 2653 G.
397 2592 531 2652 Walohii
555 2592 666 2652 introd.
688 2592 719 2651 iu
738 2590 929 2671 Opp.Luth.
954 2598 995 2663 Τ.
1019 2598 1105 2663 XVIII

178 2677 272 2754 p.10
304 2695 377 2755 sqq·
398 2675 437 2737 D.
467 2674 577 2736 Christ.
608 2674 689 2737 Guil.
716 2673 825 2735 mano.
854 2675 1007 2744 Walohii
1035 2684 1105 2746 Con

179 2759 360 2818 mentation.
396 2757 434 2817 de
456 2757 589 2818 Luthero
620 2757 820 2837 disputatore.
853 2758 1011 2848 Gotting.
1036 2767 1106 2841 1754,

178 2840 208 2901 4.
230 2840 301 2901 Joh.
326 2840 428 2901 Barth.
458 2840 616 2920 Riederer,
643 2840 851 2902 Naehriohten
882 2864 943 2906 nur
974 2849 1105 2912 Kirohen·

178 2921 370 2986 Geiehrten-
391 2923 453 2982 und
484 2923 828 2986 Boebes-Gesohiehte.
865 2926 1011 2993 Altdorf
1034 2929 1105 2999 1768.

176 3003 265 3069 Tum.
292 3005 332 3066 IV
350 3027 380 3086 p.
403 3009 445 3071 50
467 3005 554 3089 sqq.)

259 3088 382 3149 Lutheri
405 3095 506 3149 autem
523 3089 754 3170 propositiones
769 3107 936 3168 nunquam
962 3098 997 3157 in
1021 3098 1104 3159 Iueen

176 3170 329 3251 prodiisse
351 3171 493 3232 videntur
514 3172 572 3231 nisi
595 3191 662 3231 oum
686 3170 815 3231 aliorum
840 3174 990 3241 virorum
1015 3182 1104 3244 dooto-

175 3272 241 3313 rum
263 3254 528 3335 propositionibus
551 3256 744 3315 coniunctae.
786 3252 1042 3327 Vetustissimos
1068 3282 1103 3325 es·

176 3355 241 3401 rum
265 3335 417 3403 editiones
449 3343 521 3398 sunt
544 3337 600 3413 (of.
623 3335 770 3398 Riederer
790 3335 811 3397 I.
840 3336 860 3398 l.
887 3361 922 3420 p.
946 3348 992 3411 53
1016 3351 1102 3428 sqq.):

258 3419 425 3498 Iusiguium
449 3420 664 3502 theologorum
683 3419 806 3482 Domini
828 3421 969 3488 Martini
982 3429 1100 3505 notheri,

216 3500 340 3562 Domini
362 3502 487 3563 Andree
501 3502 716 3581 Carolostadii,
739 3501 873 3583 Philippi
892 3507 1099 3574 Melanohtho

216 3586 263 3644 nis
288 3590 319 3644 et
339 3585 469 3647 aliorum
484 3586 700 3647 oonolusioues
715 3587 808 3664 varie,
831 3605 894 3666 pro
915 3592 1028 3658 divine
1047 3613 1099 3678 gru·

219 3668 260 3726 tie
284 3665 464 3730 defensione
496 3688 533 3730 ao
556 3667 842 3731 commendatione:
873 3682 995 3740 eontra
1017 3678 1096 3740 seoiu·
