2346 4208
288 238 476 329 ι’·ἢῇΠρω
505 238 653 329 disputatis
672 278 697 325 a,
719 240 793 317 xlx.
965 240 1035 339 2ss

134 454 183 507 tu
211 466 282 523 sess
312 445 513 529 reprobantis
538 447 673 511 madida
708 449 830 511 interius
859 450 935 511 setis
974 470 1033 515 nos

131 533 194 591 sus
213 530 363 609 reddunt,
395 536 428 591 et
448 529 563 591 liberos
585 529 626 591 ad
647 531 922 613 ouutredieendum
944 537 1032 597 utris-

127 628 181 691 μ
220 612 314 689 Quae
347 610 430 675 euim
450 612 509 675 sibi
534 612 703 692 dissident,
736 616 785 675 eui
816 617 1032 681 convenient?

124 694 218 841 aa:
226 696 444 843 indeplolptius,
464 695 534 757 Deo
555 694 670 774 mie,
697 714 768 757 eum
789 696 908 759 Eloeius.
923 700 954 761 iu
976 718 1029 782 pn·
1080 738 1083 751 ι
1111 716 1115 729 ·

239 798 276 841 se
361 780 429 841 erit

186 862 316 943 Verum,
337 861 478 942 quando,
499 868 535 923 ut
555 860 630 941 dixi,
655 862 715 925 bau
735 862 946 945 disputatione
968 882 1031 927 uns·
1106 876 1122 895 “·

116 944 297 1029 ῥ’ῦοωρρο
325 952 375 1007 est
394 943 568 1026 perditdm,
603 963 694 1025 quarn
728 949 842 1007 veritas
878 948 1029 1031 quassis,
1090 954 1098 967 '

116 1026 177 1089 nlo
195 1029 451 1109 propositionum
471 1045 607 1109 sueorum
634 1028 842 1091 resolutiones
873 1031 906 1091 in
929 1030 1029 1091 lunen

113 1106 195 1189 hie-4
221 1110 378 1189 maden,
412 1111 561 1173 maiorem
588 1112 777 1191 segnitiouis
804 1111 935 1173 bustum
955 1113 1028 1177 bine
1071 1146 1085 1171 0

220 1200 347 1274 mrum,
368 1212 461 1274 quem
482 1195 509 1255 si
527 1192 574 1255 bis
596 1195 712 1273 septies
735 1193 774 1256 ad
796 1194 878 1255 buno
901 1194 1052 1265 modum.

189 1282 284 1339 sesua
305 1276 421 1363 Quare,
438 1276 469 1337 si
491 1277 541 1337 orsi
565 1276 673 1338 videar
694 1296 807 1353 errare,
830 1297 900 1359 age,
921 1278 1027 1341 oouiu-
1113 1346 1116 1351 ,
1147 1272 1165 1307 ’·

111 1362 317 1438 borreum,
338 1361 364 1421 si
386 1358 463 1436 odit,
482 1364 537 1421 aut
555 1361 690 1423 neotiora
709 1359 832 1440 doceat,
853 1362 881 1421 si
901 1360 1019 1453 diligit,
1051 1356 1070 1371 ““

110 1466 147 1503 rur
163 1442 308 1521 ὧροι,
329 1444 372 1505 rni
398 1443 558 1503 serissime
578 1441 757 1522 Spoletina,
779 1443 939 1505 historiam
961 1446 1025 1512 iere

110 1526 323 1605 Uim-nunu
344 1526 371 1587 si
393 1544 454 1607 qua
474 1524 537 1586 alia
558 1544 622 1587 nou
645 1524 728 1604 dixi,
759 1525 800 1587 sd
820 1528 1024 1589 reverentiam

109 1602 319 1681 fliverdtatis
339 1608 526 1689 Lipsiensis,
547 1608 621 1669 mibi
642 1609 842 1686 eadssimae,
862 1628 928 1671 non
950 1609 1024 1688 dixi,

109 1691 244 1773 bingis
268 1691 414 1755 idumeae
431 1709 505 1753 osse
523 1689 695 1767 adeiueres
711 1691 898 1775 redigerem.
920 1690 1023 1766 Quan-

110 1776 191 1851 μρι
211 1776 275 1835 nisi
298 1777 409 1837 seirent
429 1774 492 1835 boo
513 1774 589 1835 meis
609 1776 746 1855 pendatis
768 1774 920 1852 debitum,
948 1776 1022 1837 sutis

110 1852 225 1937 ὼε
245 1854 370 1940 ferrem,
393 1877 443 1920 rue
464 1863 527 1919 taur
544 1857 698 1920 sterilibus
719 1858 853 1955 negotiis
876 1859 1023 1945 scopari

110 1934 143 2001 de
160 1939 386 2021 indulgentiis,
420 1941 552 2021 primatu
573 1947 607 2002 et
626 1938 812 2023 p’rivilegirs,
834 1941 966 2021 aliisque
982 1939 1023 2001 sd

110 2020 229 2085 anm
251 2023 330 2085 nihil
351 2025 535 2085 neosssariis
557 2023 670 2101 rebus,
704 2025 814 2104 quibus
836 2025 875 2085 ab
897 2024 1021 2107 optimis

110 2112 204 2167 mue
228 2108 337 2170 seeuio
364 2107 472 2169 studiis
493 2125 612 2168 avooor
643 2106 899 2188 indignabundus.
941 2107 1021 2168 Nam

111 2188 378 2252 ultramarinus
400 2191 546 2269 Princeps
568 2191 638 2250 Dux
660 2191 813 2272 Georgius
849 2190 1020 2272 prudentis-

110 2269 174 2333 ἀρα
195 2273 309 2335 ambos
332 2294 390 2335 nos
412 2273 576 2336 verberans
600 2274 691 2334 dixit:
720 2275 791 2335 Sive
813 2276 873 2335 bos
894 2276 934 2335 sit
955 2276 1020 2334 iure

110 2350 212 2433 dinuo,
234 2358 303 2416 sive
325 2357 476 2436 humano,
509 2358 599 2417 Rom.
621 2358 763 2438 pontifex
791 2365 838 2418 est
865 2365 896 2418 et
917 2364 1021 2418 manet

109 2452 235 2499 tammus
258 2440 419 2518 Pontifex3
439 2442 484 2501 ita
504 2460 577 2502 vere
599 2440 685 2521 dixit,
707 2449 740 2502 et
761 2460 824 2502 uon
846 2440 955 2502 leviter
976 2442 1020 2500 in·

109 2520 201 2583 utrem
220 2523 309 2583 bane
325 2531 460 2585 nostram
484 2523 723 2604 disputationem
738 2525 850 2604 insigni
872 2525 931 2585 hae
953 2542 1019 2585 mo·

108 2599 197 2667 teos
216 2608 348 2668 taxavit.

176 2689 350 2752 Persuasus
371 2709 447 2750 vero
474 2709 561 2769 sum,
594 2691 645 2751 ubi
673 2691 751 2751 haee
777 2689 887 2750 viderit
908 2688 1018 2749 Eoeius

106 2786 181 2833 nesus
201 2772 404 2852 Eeoianaque
425 2774 539 2851 factio,
573 2776 675 2844 statim
698 2774 919 2836 vociferaturos
939 2789 1018 2847 esse,

105 2870 157 2917 lou
179 2876 326 2917 servasse
348 2875 397 2916 rue
417 2856 543 2936 foedus,
572 2877 630 2919 nee
651 2857 849 2919 conventioni
871 2856 1019 2934 paruisse,

104 2934 146 2999 ubi
165 2946 295 3000 (sautum
318 2947 384 3016 est,
417 2959 457 2999 ue
480 2939 646 3020 disputatio
668 2941 843 3021 invulgatur
872 2946 945 2998 aute
967 2936 1017 2997 de·

104 3028 212 3083 usam
244 3022 399 3101 iudicum,
437 3025 524 3102 quasi
559 3042 632 3084 vero
655 3024 748 3084 ullum
775 3019 1017 3104 paetumsnobis

104 3120 234 3185 unquam
256 3107 450 3167 servaverint
481 3107 550 3187 ipsi.
592 3107 780 3186 Respondes
810 3113 933 3180 tamen,
968 3122 1017 3164 me

104 3189 293 3264 sevenisse,
315 3208 356 3249 ne
376 3208 499 3270 pernes
514 3189 680 3269 disputatio
696 3193 855 3272 evulgetur
868 3207 914 3266 ea,
937 3205 1017 3265 quae

104 3284 186 3331 mnu
201 3273 392 3331 notariorum
405 3281 537 3353 exeepta
549 3279 606 3350 est,
616 3284 718 3335 oetera
731 3295 805 3336 vero
817 3270 1016 3350 exemplaria,

105 3351 173 3415 tert
208 3355 443 3435 permittebatur
478 3356 603 3417 cuilibet
629 3357 687 3418 sibi
716 3358 824 3419 eadem
850 3351 1017 3433 colligendi
1139 3356 1141 3363 ⁴

105 3442 245 3516 potestas,
260 3439 329 3516 quis
352 3438 525 3517 prohibebit
545 3459 585 3499 ne
597 3440 752 3502 edantur?
777 3441 837 3503 Sed
859 3445 937 3514 esto,
958 3455 1017 3496 nee

107 3515 162 3594 ipo
182 3521 333 3597 edantur,
364 3541 464 3581 meum
487 3525 598 3584 notarii
621 3526 779 3606 exemplar
807 3542 869 3584 nou
897 3520 1015 3597 edetur,

110 3601 221 3674 ptehre
243 3604 287 3663 ita
309 3611 541 3685 servatopeeto.
565 3607 689 3685 Verum,
711 3629 750 3668 ue
773 3603 1015 3687 praetereasori·

112 3676 209 3771 bamur,
232 3705 296 3747 nou
318 3688 432 3767 pepigi,
455 3689 519 3750 imo
533 3689 634 3769 pelam
645 3698 832 3770 protestatus
846 3708 924 3764 sum,
944 3704 1012 3745 eum

113 3765 296 3846 iniquioribus
318 3778 453 3831 nostram
476 3773 651 3835 libertatem
669 3771 900 3837 'conditionibus
922 3787 1013 3829 vexa-

135 3879 216 3925 bnthsri
230 3897 282 3935 opp.
298 3887 325 3928 V.
338 3887 366 3927 A.
379 3888 409 3926 nd
419 3889 460 3928 rel,
474 3888 526 3928 bist.
542 3890 557 3930 l.
570 3901 593 3939 p.
611 3892 658 3933 Vol.
672 3893 712 3934 Ill.
830 3877 872 3947 1ss
