2346 4208
119 233 183 301 398
432 235 693 307 larnuoom..u,
709 237 739 299 t«
773 290 790 305 ,.

278 451 371 513 Alia
390 454 621 534 Disputatio
639 452 669 537 ¹)
694 455 731 517 l).
754 457 795 518 ll.
819 455 903 539 ΙΝ)

124 571 164 631 de
185 571 239 631 illo
261 571 332 632 Luc.
346 578 404 631 etc.
427 571 502 632 Vll:
516 564 727 643 Dimittuntur
739 573 768 635 ei
789 580 924 663 paccata
941 573 1032 649 multa,

366 655 513 734 quoniam
536 654 645 716 dilexit
668 656 809 718 multum.

431 738 471 800 n.
493 739 530 807 o.
547 736 735 825 xxxma).

207 900 280 962 'l'ria
301 903 424 962 suntin
446 903 507 964 isto
528 902 613 982 loco,
635 924 715 985 quae
728 905 906 993 'prohibent
925 906 1035 978 sentire,

126 984 209 1064 quod
251 984 391 1045 remissio
425 996 622 1067 peccatorum
651 990 835 1073 impetretur
872 988 1036 1064 dilectione,

128 1088 183 1129 seu
207 1066 361 1148 operibus.
555 1068 558 1073 '

211 1154 239 1214 1.
262 1150 394 1210 Primum
423 1158 471 1213 est
505 1154 556 1214 illa
589 1153 745 1214 sententia
774 1152 891 1214 Christi
920 1152 958 1212 ad
986 1171 1037 1213 mu·

125 1233 248 1294 liorem:
270 1234 361 1294 Fides
377 1243 428 1295 tna
444 1242 475 1295 te
490 1237 606 1297 salvam
620 1236 702 1312 lecit,
726 1256 789 1296 uon
809 1235 903 1296 dicit:
917 1234 1037 1296 Dilectio

127 1325 180 1378 tua
201 1322 232 1378 te
254 1318 372 1393 solvam
394 1319 477 1380 facit.

210 1405 239 1464 2.
261 1398 437 1462 Ridiculum
458 1422 533 1464 vero
557 1410 613 1480 est,
635 1402 763 1463 verbum
776 1400 894 1463 Christi
916 1403 1039 1463 humana

125 1486 299 1544 temeritate
313 1486 358 1544 sic
375 1480 536 1566 torquere:
559 1482 650 1546 Fides
666 1505 721 1565 per
738 1487 904 1546 caritatem
920 1485 1040 1546 formala

128 1567 246 1628 salvam
269 1576 299 1628 te
320 1568 402 1628 fecit.

210 1654 239 1716 3.
260 1651 355 1727 Quasi
367 1646 505 1729 Christus
517 1671 589 1729 ‘nou
606 1652 766 1730 potuisset,
790 1652 816 1711 ai
840 1649 873 1709 id
890 1649 1040 1723 voluisset,

127 1732 323 1795 dilectionem
347 1732 477 1814 addere,
500 1735 649 1795 dicendo:
675 1733 768 1794 Fides
791 1741 824 1795 et
846 1732 976 1794 dilectio
998 1741 1041 1792 tua

128 1827 159 1879 te
181 1818 298 1879 salvam
320 1818 468 1881 fecerunt.

210 1904 239 1964 4.
262 1901 329 1963 Iuro
352 1900 392 1962 de
413 1899 564 1983 industria
581 1907 663 1961 tacet
677 1899 716 1961 de
730 1899 903 1961 dilectione
925 1899 965 1959 ad
988 1917 1040 1957 rnu-

128 1984 234 2047 lierem
255 1985 398 2064 loquens,
421 1990 453 2045 et
474 1984 574 2045 solam
596 1982 688 2044 tidem
712 1982 886 2065 praedicat.

211 2074 240 2133 5.
264 2067 349 2128 Sicut
370 2075 498 2129 econtra
517 2066 618 2128 studio
642 2075 724 2127 tacet
745 2066 784 2127 de
805 2066 870 2128 lida
894 2066 936 2127 ad
949 2065 1041 2126 Phari·

129 2172 233 2212 saeum
258 2152 398 2230 loquens,
421 2159 451 2212 at
473 2150 571 2212 solam
594 2150 792 2211 dilectionem
814 2149 990 2231 praedicat.

212 2238 241 2299 6.
263 2235 358 2314 Igitur
386 2234 512 2295 firmiter
539 2233 703 2294 tenendum
734 2240 766 2294 et
795 2233 974 2314 urgendum
996 2240 1041 2303 eat,

128 2326 237 2378 contra
252 2317 408 2378 diabolum
433 2325 464 2378 et
480 2338 587 2378 omnes
601 2318 806 2399 cogitationes
822 2319 902 2396 eius,
927 2317 1041 2387 scilicet,

129 2401 203 2463 Sola
231 2400 292 2461 fide
325 2411 396 2463 ante
428 2400 625 2462 dilectionem
658 2402 752 2461 fuisse
785 2401 906 2461 salvam
943 2402 1041 2460 lactan

131 2486 298 2547 mulierem.
389 2486 392 2495 '

213 2573 242 2634 7.
265 2569 440 2631 Secundum
464 2576 510 2629 est
531 2569 659 2628 alterum
685 2565 810 2627 verbum
840 2566 978 2629 Christi:
1000 2563 1042 2626 cui

132 2656 232 2715 minus
254 2653 422 2729 dimittitur,
447 2653 545 2712 minus
569 2650 676 2730 diligit.

211 2739 239 2801 8.
264 2737 333 2811 Quo
359 2737 453 2797 verbo
478 2734 594 2813 definit,
617 2734 828 2794 remissionem
851 2741 1042 2814 peccatorum

128 2838 197 2879 esse
225 2827 296 2880 ante
328 2817 545 2895 dilectionem,
581 2825 612 2877 et
648 2816 730 2876 hanc
756 2817 845 2896 sequi
881 2818 924 2877 ad
956 2818 1044 2878 remis·

130 2903 250 2962 sionem
273 2910 486 2983 peccatorum,
515 2911 658 2981 tanquam
682 2896 905 2981 gratitudinem
932 2921 989 2983 pro
1009 2917 1044 2959 ao·

131 2993 222 3066 cepto
245 2985 342 3047 dono.

215 3073 244 3134 9.
267 3069 337 3130 Non
360 3071 441 3130 enim
464 3069 514 3128 hic
527 3069 617 3128 dicit:
639 3066 737 3125 lllinus
756 3064 927 3128 dimittitur
950 3069 989 3146 ei,
1008 3065 1046 3146 qui

205 3291 231 3352 1)
251 3288 325 3340 Haec
351 3287 500 3353 disputatio
529 3281 677 3352 separatim
704 3292 809 3330 excusa
835 3278 985 3332 invenitur
1010 3275 1047 3330 sul

131 3359 185 3414 hoc
203 3360 298 3413 titulo:
331 3358 372 3411 De
398 3359 447 3410 illo
476 3358 570 3408 Lucae
589 3352 647 3408 Vll.
668 3351 849 3402 Dimittuntur
881 3351 915 3402 Ei
952 3354 1048 3404 Peccata

130 3433 230 3499 llulta,
262 3432 399 3496 Quoniam
430 3430 528 3481 dilexit
556 3427 680 3479 Mullum.
712 3422 876 3488 Disputatio
900 3423 938 3478 D.
968 3426 1048 3476 llari

130 3505 270 3556 Luther.
298 3501 538 3570 (Vitlembergae)
570 3493 741 3549 Muxxxvl.
766 3493 791 3548 8.
834 3493 974 3561 (Panzer.
995 3496 1049 3548 Am.

129 3580 187 3643 typ.
208 3575 256 3639 IX,
276 3573 343 3637 99);
364 3576 522 3642 germanice
543 3572 648 3638 legitur
670 3570 698 3617 in
718 3565 837 3616 Walchii
859 3569 976 3621 collect.
995 3567 1049 3635 Opp-

130 3647 207 3699 luth.
227 3647 257 3699 T.
281 3644 336 3698 VII.
356 3662 383 3712 p.
408 3646 447 3700 18.
472 3644 538 3698 1332
559 3642 624 3694 coll.
645 3640 675 3690 T.
696 3637 755 3689 xlx
777 3653 803 3704 p.
818 3639 881 3693 108.
924 3641 955 3707 2)
975 3641 1004 3693 ln
1022 3637 1049 3689 ed.

130 3719 199 3774 1538
219 3734 274 3770 nou
298 3717 415 3785 legitur:
439 3716 473 3770 D.
494 3717 527 3767 ll.
549 3715 575 3765 L.
617 3713 650 3776 3)
672 3711 722 3761 Hic
741 3724 881 3762 numerus
904 3716 974 3765 anni
994 3713 1049 3763 daeo

130 3797 159 3853 iu
179 3793 224 3850 ed.
245 3789 324 3849 lubi.

577 3999 590 4034 i
