2346 4208
132 263 196 332 132
364 252 521 336 Disputatio
540 268 648 336 Lipsiae
666 236 762 321 habita
781 285 805 322 a.
823 268 888 321 xlx
912 286 917 299 ¹

132 456 244 518 militer
264 455 385 537 doceri,
414 457 439 516 si
460 475 522 536 qua
542 455 632 536 pluro
654 454 730 516 de
721 475 790 539 rpso
817 462 950 537 possunt
970 454 1057 520 tradi.

131 538 234 615 Quare
266 539 426 621 apostolus
454 546 562 600 contra
583 558 634 600 me
653 538 814 614 inductus,
843 538 927 621 qrsod
958 540 1057 601 solum

132 642 227 703 opera
253 625 284 682 in
313 642 444 704 corpore
475 630 576 705 gesta
592 630 840 703 remunerentur,
868 623 1001 684 relative
1020 623 1057 685 ad

130 709 339 788 purgatorium
367 713 512 787 acceptus
536 713 583 766 est
610 725 628 766 a
654 705 690 767 D
715 707 752 767 D.
761 704 1007 787 ,quomodo
998 726 1057 767 ram

131 789 194 849 dixi
227 809 290 850 non
311 809 406 870 posse
439 791 553 870 accipi,
586 789 642 850 sed
673 792 771 850 solum
804 788 843 850 ad
866 790 989 850 coelum
1012 790 1057 851 vel

130 873 290 935 infernum.
313 872 376 933 Ista
388 873 497 934 relatio
520 874 546 932 si
569 872 758 951 observetur,
781 879 877 953 patet,
899 872 1057 951 qnodnon

129 962 246 1037 pugnet
268 964 376 1016 contra
399 976 464 1035 me,
485 962 538 1017 aut
558 955 781 1039 demonstrabit
802 956 1025 1037 purgatorium.

468 1167 558 1229 ilona
579 1167 653 1227 Jnlii
675 1166 718 1240 ¹).

513 1319 670 1380 Decius.

187 1483 323 1562 ·Primo,
346 1502 414 1544 cum
437 1483 475 1544 D.
497 1484 588 1543 Pater
609 1482 693 1561 dicit,
715 1485 895 1546 autoritates
915 1483 1057 1561 inductas

128 1586 191 1627 nou
214 1567 344 1648 intelligi
366 1566 405 1627 de
417 1569 609 1663 purgatorio,
631 1567 743 1647 placet,
766 1567 870 1646 quoad
891 1566 963 1647 hoc,
986 1568 1055 1649 qdia

128 1651 269 1711 meritum
293 1651 423 1711 solum
415 1671 446 1710 m
468 1651 528 1710 hac
549 1651 630 1728 vita,
662 1669 737 1731 erge
771 1652 984 1731 purgatorium
1005 1671 1055 1713 ex·

128 1733 282 1830 cludnnt'
275 1755 307 1794 m
328 1734 387 1794 hac
419 1734 492 1794 vita
524 1732 644 1794 Deinde
677 1740 793 1794 certum
816 1741 864 1794 est
874 1735 1054 1817 ,Augrrsti

127 1838 200 1876 num
222 1818 254 1877 in
275 1817 373 1880 Euch
395 1816 481 1896 loqui
513 1818 605 1876 etiam
629 1815 668 1876 de
686 1818 886 1912 purgatorio,
907 1819 982 1897 quia
999 1817 1055 1879 ibi·

127 1899 199 1961 dem
219 1900 330 1980 probat
350 1901 468 1960 animas
481 1898 650 2042 tsuffragiis
663 1901 803 1960 vivorum
834 1900 976 1963 relevari.
1017 1898 1055 1961 Et

127 1983 362 2081 Hieronymus
353 1988 494 2063 1ncrepat
515 2001 581 2062 eos,
601 1984 653 2062 qui
674 1989 783 2064 putant
804 1985 923 2045 animas
946 1991 1054 2047 exuar

128 2068 246 2145 mereri,
270 2068 321 2146 qui
342 2067 553 2147 purgatorium
576 2067 697 2145 asserit,
718 2066 790 2127 Elea
813 2067 868 2128 ult

211 2149 302 2224 Quod
324 2167 398 2210 vero
421 2148 517 2229 dicit,
549 2150 782 2210 conclusionem
804 2170 892 2210 suam
920 2169 993 2211 esse
1013 2149 1054 2211 di·

127 2235 346 2330 sputstionem,
369 2234 457 2313 quasi
479 2253 543 2294 non
564 2233 682 2294 habens
704 2233 743 2294 de
766 2253 959 2315 eamaguam
980 2232 1054 2295 lidu-

127 2319 228 2394 ciam,
251 2317 346 2377 miror
366 2317 543 2396 plurimum,
567 2335 636 2376 cum
658 2319 719 2378 iam
741 2326 813 2397 post
833 2337 949 2378 annum
971 2317 1053 2379 illam

127 2400 330 2478 ventilaverit,
353 2408 384 2460 et
393 2399 558 2482 magnifico
573 2400 662 2461 titulo
680 2400 919 2481 disputationem
930 2401 1055 2483 inscrip

126 2485 201 2543 serit
223 2490 332 2544 contra
358 2501 459 2544 novos
495 2489 527 2543 ιι
553 2491 674 2544 νιιιιιι
696 2503 838 2564 errores,
869 2485 1054 2545 sententiam

126 2584 249 2646 quoque
270 2567 478 2628 recentiorum
499 2566 717 2647 theologorum
739 2586 798 2627 nec
830 2567 925 2631 stultu
947 2568 1054 2631 verisi-

125 2648 228 2710 milem
250 2648 393 2728 affirmat,
414 2669 452 2709 ac
473 2651 674 2730 contemptim
690 2670 745 2711 eos
759 2651 963 2732 theologistas
980 2670 1054 2731 nun·

126 2741 228 2813 cupat.
251 2732 342 2808 Quod
355 2753 429 2795 vero
443 2732 597 2794 divinatur
609 2735 737 2795 canonis
753 2734 1054 2815 aequivocationem,

124 2835 188 2876 non
209 2819 325 2897 patior,
354 2817 500 2896 quoniam
521 2819 711 2898 Augustinus
732 2818 764 2878 in
785 2819 841 2880 illo
863 2816 916 2879 lib.
941 2819 992 2884 18.
1015 2816 1052 2879 de

124 2900 287 2973 civit.‚Dei
308 2899 440 2962 eundem
462 2902 634 2979 terminum,
657 2902 790 2962 maxime
811 2903 842 2961 in
862 2909 980 2981 puncto
1002 2900 1052 2963 ad·

124 2986 301 3063 versativo,
328 3002 391 3044 non
413 2986 514 3064 potuit
535 2986 761 3063 aequivocam,
795 2984 948 3063 dicendo,
970 2982 1052 3065 quod

124 3086 187 3128 uon
209 3067 299 3127 fuerit
321 3068 352 3127 in
375 3086 495 3129 canone
518 3067 757 3148 apudEbraeos,
780 3068 836 3129 sed
858 3067 940 3148 apud
954 3067 1051 3129 cccle-

123 3151 211 3214 siam.
254 3150 373 3212 Deinde
412 3151 608 3232 exploratum
638 3159 702 3229 est,
730 3172 799 3212 cum
828 3151 924 3232 plura
948 3156 1053 3213 essent

123 3234 286 3314 evangelia
308 3236 431 3314 scripta,
454 3237 619 3295 autoritate
632 3234 785 3295 ecclesiae
797 3241 929 3315 quatuor
949 3235 982 3295 in
1005 3252 1052 3295 ca·

7 3320 13 3331 '
124 3335 206 3376 noue
228 3325 369 3399 recepta,
393 3325 424 3377 et
445 3319 490 3378 sic
509 3317 604 3378 libros
626 3318 886 3380 Machabaeorum
907 3324 1052 3398 receptos

124 3406 253 3461 testatur
272 3402 432 3482 prologus,
455 3414 557 3462 tamen
580 3402 618 3462 ab
634 3400 767 3463 ecclesia
787 3405 866 3463 inter
878 3400 1050 3463 divinorum

123 3482 313 3544 voluminum
352 3492 538 3545 annotantur
572 3485 736 3564 historias,
774 3485 828 3547 sed
867 3484 977 3546 melius
1012 3483 1050 3547 ad

120 3585 196 3627 rem.
436 3588 439 3593 ·

127 3708 292 3718 —n--.--.-.
460 3712 556 3719 -....-

158 3805 190 3872 1)
210 3803 347 3858 Loescher
365 3819 402 3858 ex
423 3802 484 3856 cod.
494 3803 557 3857 MSo
575 3803 620 3857 hic
639 3805 735 3857 affert:
765 3803 893 3858 sabatho
914 3805 943 3859 D.
954 3804 1046 3862 Marci.
