2346 4208
133 245 195 310 114
362 246 471 300 Teucer.
493 246 606 301 Consul.
626 247 658 301 D.
677 245 712 300 u.
730 245 845 301 Lutheri

132 450 225 490 scam.
270 430 309 490 Et
329 432 436 509 iustus,
459 431 483 491 si
507 438 606 492 morte
627 437 872 511 praeoccupatus
894 431 1001 509 irretit,
1021 431 1049 492 iu

131 514 287 593 refrigerio
312 515 386 591 erit,
422 513 473 573 ubi
496 521 604 574 contra
630 515 731 593 impiis
761 531 843 576 mors
865 515 986 575 initium
1008 522 1051 575 est

135 596 295 673 malorum,
319 598 398 656 sicut
419 596 509 658 dicit:
532 597 614 657 Mors
636 602 831 677 peccatorum
854 599 1002 674 pessima,
1024 606 1052 657 et

130 682 225 739 virum
250 681 394 740 iniustum
417 679 498 740 mala
521 681 644 760 capient
662 682 693 739 in
716 681 850 740 interitu.
893 679 948 742 sic
964 679 1052 740 Imus·

130 783 181 822 rus
212 762 435 839 consolabitur,
469 764 520 840 qui
559 764 674 842 recepit
706 763 757 825 hic
784 782 841 823 sua
869 762 969 842 mala,
1003 763 1050 824 ubi

130 846 222 925 apulo
246 844 438 924 cruciabitur,
461 848 533 925 quia
553 847 671 925 recepit
692 847 741 905 hio
763 865 817 906 sue
839 844 936 907 bona.

212 929 263 989 Sic
274 928 317 1008 fit,
340 935 373 988 nt
387 929 586 1004 Christianus,
610 930 675 989 sive
689 930 845 1005 moriatur,
868 930 937 989 sive
960 929 1050 1005 vivet,

128 1029 252 1092 semper
274 1012 381 1071 melius
403 1011 523 1073 habeat.
568 1011 656 1072 Adeo
686 1011 776 1071 beata
805 1030 856 1072 ree
884 1017 950 1090 est,
985 1030 1051 1072 esse

129 1094 350 1170 Christianum,
383 1103 414 1154 et
444 1096 474 1154 in
499 1094 650 1155 Christum
679 1095 814 1155 credere.
864 1094 957 1155 Unde
979 1095 1050 1155 Pau·

129 1177 175 1236 lus
191 1177 226 1252 *t
251 1177 340 1236 dicit:
375 1177 447 1237 Mihi
471 1179 574 1238 vivere
596 1176 734 1238 Christus
756 1186 823 1254 cst,
853 1184 887 1238 et
910 1179 991 1238 mori
1013 1178 1050 1238 lu

128 1279 227 1337 crum,
256 1267 287 1319 et
309 1260 516 1341 Rom.14¹):
546 1260 604 1334 Qui
627 1263 711 1339 vivit,
733 1261 869 1321 Domino
890 1262 980 1337 vivit,
994 1262 1049 1340 uui

128 1345 270 1418 moritur,
294 1344 427 1403 Domino
452 1346 593 1422 moritur,
623 1346 688 1403 sive
710 1363 785 1424 ergo
808 1345 960 1420 vivimus,
988 1344 1050 1404 sive

128 1426 282 1504 morimur,
304 1427 428 1486 Domini
442 1447 556 1487 sumus.
588 1426 676 1487 Hauc
697 1427 891 1487 securitatem
913 1426 1049 1488 Christus

127 1508 216 1569 nobis
239 1509 385 1584 obtinuit,
408 1510 490 1589 quod
514 1518 651 1570 mortuus
674 1518 736 1586 est,
759 1517 790 1569 et
811 1511 1000 1589 resurrexit,
1021 1519 1049 1570 ιιι

125 1591 276 1651 Dominus
299 1599 382 1652 esset
403 1595 540 1653 vivorum
564 1600 595 1653 et
615 1600 821 1670 mortuorum,
850 1601 966 1672 potens
995 1612 1049 1654 nos

125 1674 227 1736 iacere
249 1694 390 1752 securos,
424 1684 485 1736 tam
507 1678 537 1736 iu
570 1678 632 1736 vita
654 1694 744 1754 quam
766 1677 797 1735 iu
820 1682 942 1753 morte,
974 1679 1049 1736 sicut

126 1758 205 1819 Psal.
229 1757 313 1836 22²)
350 1759 436 1821 dicit:
467 1759 499 1819 Si
533 1759 686 1820 ambulem
720 1761 752 1818 in
781 1757 883 1834 medio
924 1759 1047 1820 umbrae

128 1843 242 1919 mortis,
266 1861 329 1901 uon
352 1842 467 1902 timebo
491 1842 582 1920 mula,
606 1842 751 1920 quoniam
774 1848 806 1901 ιιι
827 1859 952 1901 mecum
976 1859 1020 1903 es.

210 1923 300 1999 Quod
324 1926 348 1983 si
372 1925 431 1986 hoc
453 1925 568 1984 lucrum
593 1927 700 1986 mortis
723 1944 829 2004 parum
852 1932 972 2002 movet,
995 1927 1049 2005 sig·

108 2002 199 2067 'uum
224 2016 271 2068 est
292 2006 383 2067 fidem
397 2008 509 2069 Christi
530 2006 681 2068 infirmam
704 2011 734 2068 iu
757 2007 847 2069 nobis
868 2025 951 2084 esse,
973 2026 1050 2088 quse

126 2093 254 2170 pretium
278 2099 306 2150 et
331 2092 446 2151 lucrum
469 2090 570 2151 bonae
584 2093 689 2152 mortis
712 2110 774 2151 non
798 2092 873 2151 satis
895 2093 1048 2169 aestimet,

124 2181 177 2232 aut
198 2173 310 2233 bonam
335 2194 403 2234 esse
427 2178 555 2233 mortem
571 2173 706 2234 nondum
730 2174 836 2251 credit,
859 2174 1048 2253 impediente

127 2257 245 2315 scilicet
279 2259 403 2317 nimium
438 2256 539 2317 adhuc
571 2258 679 2317 vivaco
713 2265 817 2318 vetere
857 2256 988 2319 bomine
1020 2265 1047 2318 ct

125 2341 276 2418 sapientia
298 2343 407 2400 carnis.
442 2339 623 2400 Cenandum
646 2342 750 2419 itaque
773 2347 829 2418 est,
851 2348 885 2399 ut
907 2340 948 2399 ad
974 2359 1047 2402 mor·

124 2424 161 2481 tis
184 2422 244 2482 hoc
267 2422 448 2483 beneficium
472 2424 723 2503 cognoscendum
748 2422 960 2484 etameudnm
983 2442 1048 2504 pro·

124 2524 310 2566 moveamur.
365 2506 479 2585 Magne
513 2526 562 2567 res
601 2517 648 2568 est
680 2514 826 2584 mortem,
866 2524 948 2585 quae
982 2507 1047 2567 aliis

124 2591 288 2649 maximum
323 2590 470 2650 malorum
506 2598 566 2668 est,
606 2592 772 2652 maximnm
803 2590 922 2649 lucrum
958 2589 1046 2652 nobis

124 2670 198 2732 fieri.
235 2663 282 2733 Et
303 2676 361 2732 nisi
384 2673 444 2733 hoc
465 2673 602 2734 Christus
625 2674 714 2737 nobis
737 2673 952 2754 praestitisset,
977 2672 1044 2752 quid

122 2755 247 2834 dignum
272 2764 357 2816 tanto
380 2756 537 2836 impendio
560 2759 606 2816 sui
627 2758 722 2836 ipsius
740 2755 885 2817 fecisset?
911 2755 1044 2816 divinum

122 2857 200 2917 opus
224 2846 271 2899 est
292 2840 394 2919 plane,
417 2840 500 2918 quod
522 2840 609 2916 fecit,
630 2840 702 2900 ideo
726 2860 788 2902 non
809 2839 852 2899 illi
868 2837 902 2920 ³)
927 2841 1047 2916 mirum,

122 2922 205 3000 quod
230 2924 337 2983 mortis
360 2922 472 2982 malum
495 2924 601 2983 fecerit
624 2925 783 3003 optimum.

205 3004 337 3066 Proinde
349 3025 432 3065 mors
454 3008 514 3066 iam
539 3014 659 3067 mortua
676 3016 724 3067 est
736 3005 886 3082 fidelibus,
912 3006 1046 3086 nihilque

121 3087 215 3148 habet
250 3088 383 3150 terribile
421 3097 543 3168 praeter
569 3091 704 3168 speciem
739 3098 770 3152 et
803 3091 932 3153 larvam.
979 3089 1044 3151 Nou

121 3190 209 3231 secus
243 3191 280 3232 ac
314 3191 442 3252 serpens
480 3174 599 3232 occisus
634 3173 727 3233 habet
755 3172 876 3253 quidem
910 3176 1044 3251 speciem

110 3256 252 3333 priorem
278 3255 461 3331 tenibilem,
484 3275 517 3316 re
540 3275 612 3316 vera
635 3264 737 3316 tamen
768 3255 837 3316 sola
859 3258 987 3339 species
1008 3255 1045 3316 ibi

120 3345 176 3418 est,
199 3347 230 3398 et
245 3348 396 3400 mortuum
416 3337 528 3398 malum
551 3359 588 3398 cc
602 3341 660 3399 iam
677 3341 852 3400 innoxium:
878 3340 945 3399 imo
970 3341 1046 3400 sieut

120 3420 208 3480 Num.
237 3424 287 3484 2¹1.
317 3428 492 3502 serpentem
531 3441 660 3482 aeneum
701 3424 790 3484 iussit
825 3422 919 3501 erigi,
962 3424 1044 3484 cuins

128 3564 245 3572 .——-

162 3641 221 3724 Ι1)
242 3639 273 3690 lu
293 3639 336 3692 cd.
356 3641 445 3707 orig:
475 3640 516 3693 15.
554 3637 794 3703 atinenses:
822 3638 865 3692 23.
906 3641 936 3708 3)
959 3640 1045 3698 lbid.:

120 3712 178 3767 um
190 3781 220 3850 r)
240 3780 340 3848 rurrrp.
359 3782 385 3836 2.
