2346 4208
133 243 176 312 ὦ
264 327 267 333 Ι
335 246 492 313 Disputatio
512 245 621 315 Lipsiae
639 247 733 300 habita
751 263 773 298 a.
791 247 854 299 xlx

135 429 199 493 Sed
219 449 310 510 quam
332 428 474 492 modeste
503 438 535 490 et
565 429 719 491 humiliter
749 429 937 493 reverendus
967 430 1058 491 Peter

134 514 377 594 Augustinia'nus
392 513 600 594 responderit,
622 513 965 594 aliorumsitiudioium,
988 533 1058 574 oum
1096 530 1101 544 *

134 617 212 661 unus
234 617 269 658 se
289 598 465 677 promiserit
483 603 529 657 tot
550 598 662 657 sanetis
684 596 823 658 Patribus
844 616 878 658 ae
900 600 1058 676 oppositua

133 699 208 740 nrm.
245 680 313 742 Hoe
331 689 382 740 est
404 696 508 740 verum
531 680 725 758 Boemieum,
753 680 822 760 plus
837 681 925 741 -velle
946 681 1059 741 intelli·

133 782 349 844 geinssorum
372 763 569 843 scripturam,
592 781 684 841 quam
707 765 817 823 summi
838 762 1057 844 pontilioesl),

135 845 284 923 Oenei-lia,
306 846 458 907 Doctores
480 847 749 907 etUniversitatas
771 847 801 905 in
814 866 927 928 magno
949 848 1060 928 vigore

134 930 319 1007 existentes,
348 948 418 989 oum
445 936 548 990 tamen
578 929 706 1009 Spiritus
734 937 859 990 sanetus
893 930 1058 990 eoolesiam

134 1031 222 1072 suam
244 1031 306 1073 non
329 1011 507 1073 deseruerit.
530 1013 570 1072 [lt
587 1013 696 1072 mirum
719 1020 810 1092 esset,
828 1013 854 1072 si
875 1013 958 1072 illam
980 1014 1059 1073 veri·
1091 1056 1096 1064 .

134 1101 228 1156 tatem
245 1096 328 1155 Deus
351 1102 398 1156 tot
410 1095 530 1156 Sanctis
553 1103 584 1156 et
603 1095 788 1175 Martyribus
811 1096 998 1156 ooooltasset
1010 1112 1057 1156 us

133 1197 194 1258 que
223 1178 262 1238 ad
292 1177 457 1238 adventum
485 1177 773 1245 reverendiPatris.
807 1178 915 1257 Neque
944 1180 1060 1240 erinoit

134 1263 291 1343 quippiam
313 1261 348 1322 B.
369 1262 455 1321 Pauli
476 1261 623 1338 inductio,
646 1262 727 1339 quod
751 1263 816 1322 eius
839 1261 922 1323 diota
942 1261 973 1326 Β.
1002 1262 1061 1322 Ps-

133 1344 229 1406 tribus
252 1353 282 1405 et
303 1344 488 1406 Dootoribus
513 1346 639 1406 minime
658 1344 869 1407 adversentur.
894 1345 953 1405 lin
973 1345 1060 1406 chri-

133 1435 198 1489 stus
220 1435 317 1508 petra,
340 1434 388 1488 est
407 1425 650 1506 fundamentum,
666 1435 713 1487 esi
729 1426 808 1508 lapis
823 1428 989 1509 angularis,
1011 1436 1060 1489 est

133 1518 227 1591 eaput
248 1511 400 1571 eodesiae
420 1510 634 1574 indubitatum.

215 1594 387 1677 Porro,illa
408 1613 471 1654 non
493 1592 607 1654 debere
620 1594 744 1655 attribui
758 1595 824 1654 eius
836 1595 964 1669 vicario,
986 1613 1058 1655 oon·

134 1685 180 1738 tra
202 1676 232 1738 Β.
254 1678 377 1738 Petrum
400 1685 431 1739 et
451 1677 617 1756 Martyrum
640 1679 880 1755 attestationem,
903 1696 966 1737 non
988 1696 1059 1738 esse

22 1764 26 1770 ’
133 1760 367 1842 aooeptandum.
403 1760 618 1821 Retiunoulam
640 1760 753 1820 adieoit
778 1761 869 1820 oliam
899 1778 998 1840 nuper
1025 1763 1059 1820 in

133 1844 251 1924 vulgari
265 1861 408 1904 sermone
421 1843 667 1904 disseminatam:
690 1843 722 1904 Si
740 1863 832 1924 super
844 1851 974 1923 petram,
983 1863 1060 1923 qno·

134 1925 226 1988 modo
249 1946 342 2007 super
361 1927 483 1986 Petrum
515 1926 649 1986 ecelesia
676 1924 831 1986 aedificari
863 1927 977 2006 potuit,
1006 1927 1058 2006 qui

132 2009 172 2070 ad
195 2011 287 2070 unius
305 2009 471 2070 ancillulae
492 2028 602 2070 vooem
626 2009 780 2070 Christum
803 2017 836 2071 et
855 2008 948 2069 fidem
971 2009 1058 2070 Chris

133 2094 265 2153 stianam
289 2091 466 2172 abnegaret
509 2092 619 2152 Pareat
648 2093 722 2153 mihi
749 2091 936 2153 reverendus
958 2093 1062 2172 Pater,

133 2195 203 2235 eum
226 2175 455 2255 philosophiam
464 2175 691 2236 Aristotelioam
713 2184 893 2237 contemnat
914 2182 946 2236 et
959 2194 1061 2256 gram·

133 2261 276 2319 matioam
299 2260 375 2318 tanti
398 2258 500 2337 laoist,
524 2277 577 2318 our
598 2259 648 2319 hio
669 2260 862 2340 lynoeissuis
883 2259 1057 2320 oculisver-

135 2341 217 2421 bum,
232 2341 422 2422 Aedlfioabo,
435 2341 527 2402 lirturi
548 2345 697 2423 temporis
719 2358 782 2403 non
803 2344 971 2422 perspexit,
993 2360 1063 2418 noir

133 2427 215 2491 enim
237 2440 353 2505 sponso
375 2431 555 2505 praesente,
585 2425 636 2487 ubi
664 2424 718 2485 filii
739 2425 948 2502 laetabantur,
977 2440 1065 2506 opus

132 2516 198 2569 erat
220 2509 346 2584 vioario,
365 2527 466 2588 neque
488 2516 561 2569 tuno
584 2510 721 2570 Christus
744 2512 772 2568 ei
794 2514 982 2589 potestatem
1005 2509 1057 2570 ds·

132 2590 179 2651 dit
200 2592 351 2670 olavium,
379 2592 434 2652 sed
461 2593 563 2672 potius
592 2593 740 2672 promisit.
784 2593 866 2653 Ante
896 2598 972 2673 ergo
996 2593 1056 2655 ola·
1084 2588 1089 2596 ’

134 2677 213 2734 vium
237 2681 269 2735 et
289 2677 450 2755 potestatis
478 2675 636 2736 dationem
665 2675 705 2737 ab
735 2677 861 2736 ostiaria
882 2675 1057 2755 interpella·

131 2764 179 2818 tus
207 2758 265 2818 fuit
293 2758 323 2819 S.
350 2759 474 2838 Petrus,
504 2758 587 2838 quod
615 2766 647 2820 et
673 2759 853 2820 Ambrosius
886 2765 920 2818 et
944 2758 1057 2819 dehine

131 2839 299 2921 Gregorius
322 2848 482 2903 testantur.
673 2858 678 2869 ·

213 2923 263 2984 Ad
287 2925 539 3006 Chrysostomum
562 2925 736 3004 respondit,
764 2925 887 2986 Petrum
918 2925 1056 3005 superio

130 3026 194 3066 ram
222 3006 316 3068 luisse
345 3009 580 3086 honore,·nam
610 3016 641 3069 et
668 3008 781 3068 Paulus
809 3009 913 3089 plnres
937 3008 1058 3088 paverit

131 3090 289 3152 eoelesias.
312 3091 407 3166 Quasi
435 3091 622 3153 reverendus
643 3091 733 3151 Pater
760 3110 824 3151 non
847 3092 915 3172 plus
937 3090 1056 3172 praedi-

132 3176 257 3253 oaverit,
281 3192 371 3255 quam
386 3178 447 3235 iam
471 3193 607 3235 summus
629 3174 781 3248 Pontifex,
804 3181 836 3236 et
856 3175 896 3237 ob
912 3175 974 3236 hoo
993 3186 1068 3241 nons

131 3257 172 3316 sit
199 3257 347 3318 dioendus
380 3260 481 3319 maior
502 3264 609 3337 pastor
638 3277 726 3337 quam
754 3278 844 3338 papa.
888 3259 939 3320 sie
967 3259 1065 3337 nimis¹

130 3339 281 3401 subtiliter
303 3361 338 3402 se
360 3349 482 3421 torquet
503 3341 693 3419 indictione,
714 3349 833 3420 vertex,
856 3343 944 3421 quasi
960 3341 1058 3421 Chry·

130 3429 286 3484 sostomus
310 3443 373 3484 non
395 3426 559 3504 primatum
583 3423 682 3484 voluit
697 3425 881 3505 intelligere.
903 3424 965 3485 Sed
988 3426 1058 3504 quis

102 3584 106 3593 Ι
129 3505 190 3566 hoe
211 3507 299 3586 seret,
323 3527 392 3586 oum
413 3507 618 3589 symbolioom
639 3510 688 3588 sit,
710 3516 742 3569 et
762 3515 872 3571 vertex
893 3526 951 3588 pro
973 3527 1058 3570 sum-1

183 3764 262 3832 i)1n
280 3764 324 3818 ed.
345 3769 432 3835 orig.:
467 3767 617 3835 pontilicis.
636 3768 764 3824 oonsilio.
