2346 4208
441 271 459 310 s
476 256 599 311 hlotariis
617 261 744 326 excepta.
1003 254 1048 322 83

133 445 319 524 mathusae-
342 443 454 522 Petro,
488 442 572 522 qaod
605 443 711 506 fluerat.
736 444 902 526 pollicitus.
944 444 1047 521 Quare

133 525 247 589 decreta
265 533 353 588 recte
374 526 683 608 argumentantium
702 528 759 590 illo
782 528 868 608 loco,
890 528 942 593 uhi
964 528 1047 591 Chri·

131 617 186 707 ⁸⁸3?
203 611 371 691 promisit,
393 608 448 672 scd
469 610 569 690 primo
590 617 663 691 post
682 613 939 674 resurrectionem
960 631 1047 692 prae

203 774 385 838 dediscite
406 762 529 856 obiihit,
562 776 714 838 Christum
737 796 800 838 non
823 778 922 839 solum
945 778 1046 859 Petro,

128 858 175 922 ssd
195 859 344 921 omnihus
363 859 514 940 apostolis
535 857 598 920 hoc
618 860 829 941 praestitisse,
852 861 983 922 dicendo
997 860 1045 936 *):

129 944 262 1063 decipite
284 943 430 1024 Spiritum
453 948 603 1019 sanctum,
625 961 755 1022 quorum
777 945 955 1005 remiseritis
976 963 1045 1024 pec

126 1033 187 1088 uta
218 1030 249 1106 J.
269 1025 381 1088 Noluit
389 1023 577 1086 reverendus
589 1023 680 1087 Pater
700 1027 884 1109 exprimere,
905 1027 957 1088 ubi
976 1044 1046 1107 pro·

127 1110 247 1171 n'ssum
269 1109 477 1190 principatum
488 1107 580 1169 Petro
604 1107 734 1184 dederit,
755 1094 877 1170 namin
891 1110 954 1171 hoc
975 1129 1047 1171 con-

126 1191 440 1269 astutoostorss,
462 1192 494 1251 in
517 1209 618 1253 coena
639 1192 983 1273 Christumdiscipulos
1001 1194 1045 1253 fe

124 1277 197 1338 dese
219 1274 436 1361 moster,
451 1273 555 1335 dando
585 1275 629 1335 eis
651 1281 838 1355 potestatem
867 1293 960 1356 supra
980 1294 1045 1337 cor-

125 1378 173 1440 pus
192 1358 314 1425 Christi
342 1377 469 1434 verum,
501 1355 631 1418 dicens:
663 1358 733 1419 Hoc
759 1359 852 1419 facite
881 1360 913 1420 in
945 1378 1069 1422 meams

124 1441 450 1506 memorationem
472 1437 528 1518 ²),
557 1439 630 1502 Luc.
653 1443 703 1504 22.
747 1441 787 1503 Et
808 1441 920 1519 deinde
942 1443 974 1502 in
995 1440 1046 1502 die

122 1524 353 1589 morrcch‘onis
380 1522 508 1585 »dedisse
529 1526 715 1603 potestatem
739 1543 832 1607 supra
849 1534 965 1621 'corpus
982 1544 1047 1605 my-

124 1611 244 1673 sticum:
269 1607 413 1688 Accipite
432 1602 578 1687 Spiritum
602 1611 751 1670 sanctum.
795 1607 858 1671 sed
879 1614 1045 1689 primatum

125 1700 147 1755 cl
163 1692 379 1776 praelaturam
390 1689 484 1750 totius
497 1689 648 1750 ecclesiae
663 1691 803 1770 promisit
816 1691 929 1752 Petro:
948 1690 1044 1752 Pasce

122 1794 190 1839 cres
213 1794 330 1850 meas,
349 1772 463 1835 Johao.
484 1772 538 1832 ult
558 1772 639 1833 Hinc
660 1772 839 1854 Gregorius,
861 1773 906 1834 Oh
945 1781 1044 1834 sosto·

122 1879 204 1938 nos,
233 1865 270 1921 et
290 1857 345 1919 alii
365 1855 396 1917 Β.
418 1856 524 1917 Patres
547 1862 706 1917 testantur.
728 1857 781 1918 Ait
804 1859 886 1917 enim
937 1857 1044 1937 hryso·

121 1950 253 2005 murus:
283 1939 425 2002 Eximius
454 1938 667 2019 apostolorum
696 1946 762 2002 crat
789 1939 914 2018 Petrus,
948 1947 980 2000 et
1008 1959 1044 2001 os

122 2016 352 2108 discipulerum,
367 2027 482 2083 *ulex
502 2021 633 2103 collegii.
657 2022 746 2084 Unde
769 2029 801 2084 et
811 2023 979 2104 negatione
993 2021 1044 2083 de·

123 2109 179 2171 leta
201 2107 358 2190 promittit
377 2103 601 2186 praelationem
628 2105 763 2168 fratrum.
798 2106 839 2167 Et
860 2105 995 2167 Humilia
1014 2106 1043 2170 8.

124 2191 156 2253 de
175 2191 389 2274 poenitentia:
413 2187 475 2250 Sed
497 2187 606 2248 eadem
621 2198 714 2250 nocte
725 2191 833 2251 Petrus
857 2191 961 2270 lapsus
985 2197 1043 2267 est,

125 2284 149 2336 et
167 2274 350 2349 resurrexit,
370 2271 547 2351 pastillum
571 2279 633 2332 tam
650 2292 776 2352 gravem
797 2292 902 2333 casum
925 2292 1044 2333 rursum

126 2378 186 2419 cum
216 2358 258 2418 ad
288 2358 424 2436 priorem
451 2354 579 2434 gradum
608 2355 695 2416 duxit
715 2358 924 2436 poenitentia,
952 2362 983 2415 et
1017 2358 1045 2416 ei

126 2461 173 2520 per
192 2446 295 2503 totum
318 2438 424 2500 orbem
447 2445 594 2498 terrarum
619 2440 771 2501 ecelesiae
806 2439 1044 2520 praesidentiam

127 2525 252 2588 hedidit.
276 2524 327 2584 sio
348 2522 454 2602 glossa
477 2525 504 2583 1.
527 2522 592 2582 Pet.
614 2521 648 2586 5:
686 2523 807 2584 Pascite
829 2525 880 2602 qui
902 2525 935 2582 in
957 2522 1045 2582 vohis

127 2617 179 2686 est,
202 2611 265 2683 ait,
288 2608 366 2665 sicut
387 2605 536 2665 Dominus
559 2603 617 2665 soli
638 2606 728 2666 Petro
753 2608 846 2667 totius
870 2606 972 2686 gregis
996 2624 1045 2665 cu·

127 2710 182 2752 ram
204 2691 323 2752 habere
352 2689 505 2748 commisit
527 2695 584 2748 eto.
621 2687 724 2762 Quare
750 2691 833 2769 prius
862 2690 1046 2768 promissum

127 2773 258 2836 Christum
282 2780 357 2833 luno
375 2771 537 2851 praestitit.
560 2771 645 2832 Sicut
674 2780 706 2833 et
727 2774 760 2835 Β,
785 2772 952 2852 Gregorius
975 2790 1046 2831 cou-

127 2860 231 2920 sentit:
279 2852 362 2917 Oura
384 2855 478 2915 totius
502 2854 655 2916 eeclesiae
690 2864 721 2917 et
742 2858 930 2936 principatus
954 2854 1044 2914 Petro

127 2940 338 3014 committitur,
378 2938 511 2998 scilicet:
540 2937 637 2999 Pasce
671 2958 746 2999 oves
777 2959 871 3000 meas.
905 2937 995 3011 Quod
1020 2938 1044 2997 si

128 3042 225 3086 coram
246 3042 312 3083 non
335 3028 566 3099 monstrassem,
590 3022 640 3082 ubi
664 3021 803 3084 Christus
827 3021 973 3098 dedisset,
996 3040 1046 3080 ve-

128 3108 191 3169 ritas
205 3105 445 3181 tamenpmentiri
467 3122 529 3163 non
552 3108 673 3184 poterit.
703 3105 850 3166 Etmulta
872 3111 942 3164 sunt
956 3105 1047 3180 iacta,

129 3208 199 3268 quae
221 3209 287 3250 non
311 3199 382 3248 sunt
403 3188 532 3266 scripta,
561 3195 595 3248 ut
617 3189 775 3269 eleganter
796 3189 888 3248 docet
912 3187 1045 3249 Alexan-

130 3271 175 3333 der
196 3276 225 3338 3.
248 3291 294 3332 ca.
319 3269 395 3330 Cum
408 3270 548 3330 Marthae
572 3279 629 3333 etc.

203 3355 266 3416 Sed
283 3356 393 3415 iterum
410 3354 541 3434 opponit
555 3353 857 3415 reverendusPater:
881 3354 961 3429 Quia
977 3363 1049 3433 post

131 3435 253 3519 Spiritus
276 3439 375 3498 sancti
396 3439 575 3498 missionem
613 3437 714 3497 adhuc
735 3437 842 3497 Petrus
865 3438 1047 3517 peccaverit.

160 3654 186 3718 1]
206 3653 238 3706 ln
257 3652 300 3705 ed
313 3654 413 3720 origin.
432 3650 522 3704 deest:
544 3654 666 3718 peceato.
687 3648 717 3710 2)
731 3646 799 3704 lbid.
820 3647 909 3702 deest:
930 3664 1049 3701 comme·

133 3727 324 3778 notationem.

161 3797 192 3866 ⁸)
210 3795 316 3851 loiron.
337 3795 381 3851 20.
775 3864 795 3929 6
820 3866 835 3903 *
