2346 4208
267 249 304 303 ad
323 249 592 307 condemnationem
614 248 808 305 doctrinalem.
918 244 980 313 189

51 435 119 497 nita
141 435 279 515 veritate,
302 434 524 515 quantumlibet
546 436 730 515 pertinaces,
752 434 853 496 nullus
866 434 980 496 doctri-

53 518 134 580 nalis
158 517 321 579 damnator
342 527 450 580 censet
461 518 643 597 haereticos,
665 519 854 596 temerarios,
875 519 981 596 falsos,

52 620 113 664 neo
132 602 194 682 ipsi
214 602 306 661 simili
327 601 472 681 exemplo
496 608 651 681 metuunt,
686 621 726 663 ne
748 600 850 663 denno
871 602 980 681 impin-

53 691 132 767 gant
151 686 185 745 in
206 684 337 747 eandem
359 686 531 746 veritatem.

110 767 291 830 Laurentius
302 767 468 844 Vallensis,
483 769 654 846 primitivae
668 767 818 829 ecclesiae
836 769 924 847 (meo
938 769 980 828 iu-

55 848 157 932 dicio)
183 851 234 912 vel
256 850 376 931 reliqua
396 849 546 931 scintilla,
566 850 615 911 vel
637 849 778 930 novns1)
802 851 911 930 fomes,
933 852 982 912 cui

54 934 273 1016 theologorum
301 941 333 994 et
359 933 539 1014 pontificum
568 951 632 995 non
660 939 707 996 est
739 933 982 1014 exstinguendus

58 1018 167 1079 maus?
189 1020 241 1097 qui
262 1018 309 1079 vir
330 1017 368 1078 ah
390 1017 428 1077 iis
451 1018 542 1078 etiam
556 1017 732 1078 criminatur
745 1016 984 1095 indoctissimum,

60 1103 114 1182 qni
136 1119 199 1161 non
232 1119 294 1161 uno
330 1099 424 1162 modo
451 1100 570 1180 indigni
601 1099 747 1180 fuissent,
785 1103 812 1161 ei
836 1098 982 1162 matulam

56 1185 225 1267 porrigere,
248 1202 318 1244 cum
327 1185 448 1244 interim
463 1183 682 1264 Chrysopmssi
694 1182 726 1265 ²)
751 1203 806 1244 seu
829 1185 907 1244 vitra
929 1191 983 1245 aut

56 1268 160 1350 potiris
181 1266 324 1348 glacialia
344 1275 533 1347 nugamenta
552 1265 672 1327 illorum
698 1267 779 1328 libris
792 1267 880 1328 huius
900 1286 982 1328 com-

57 1356 166 1432 parata
204 1369 290 1411 mera
315 1369 432 1410 nausea
460 1351 529 1412 sint.
571 1350 614 1410 At
645 1368 727 1410 nuno
754 1350 934 1411 Laurentius
955 1352 981 1411 is

57 1440 127 1513 est,
156 1440 187 1494 et
209 1432 345 1512 quotidie
368 1433 466 1514 magis
488 1431 531 1512 tit,
553 1434 601 1492 eui
623 1452 681 1493 nec
701 1433 808 1513 ltalia,
839 1453 897 1494 nec
919 1435 982 1493 uni-

57 1536 150 1579 versa
177 1516 310 1577 ecclesia
337 1516 439 1576 multis
468 1516 580 1576 seculis
606 1515 736 1577 similem
763 1516 884 1595 hahuit,
918 1536 981 1577 non

58 1600 168 1661 modo·
189 1600 220 1659 in
254 1600 337 1660 omni
360 1599 590 1680 disciplinarum
618 1618 733 1680 genere
757 1598 858 1681 (quod
881 1599 983 1660 nullus

27 1754 30 1759 ⁸
59 1683 163 1746 adhue
191 1684 345 1764 praestitit
365 1683 513 1764 Magister
538 1688 645 1743 noster
671 1683 837 1764 eximius),
864 1681 919 1744 sed
952 1689 984 1745 et

60 1766 238 1828 constantia
260 1765 379 1827 etzelo
402 1764 474 1826 tidei
496 1763 690 1829 Christianae
712 1784 776 1827 non
797 1765 881 1826 licto.
903 1764 984 1840 Quid

59 1850 112 1911 hic
132 1850 288 1930 promovit
309 1869 372 1910 non
401 1848 494 1910 modo
523 1848 737 1910 doctrinalium
760 1849 984 1929 damnatorum,

60 1931 118 1994 sed
154 1939 186 1993 et
221 1933 464 1994 authenticorum
502 1931 680 1993 authentica
713 1931 885 2011 damnatio,
926 1933 984 1993 nisi

60 2015 147 2096 quod
168 2017 359 2095 sese;irrisit‚
383 2024 414 2076 et
434 2016 635 2098 hunomagis
657 2015 850 2096 glorificavit.

145 2100 220 2161 Post
231 2099 303 2174 hos,¹
321 2099 475 2160 lohannes
487 2099 648 2170 Reuchlin‚
669 2100 700 2159 in
722 2117 783 2179 quo
799 2099 983 2179 deprehensi
1086 2167 1088 2171 ,

61 2191 133 2244 sunt
166 2182 305 2264 theologi
341 2184 475 2263 quinque
497 2181 736 2244 Universitatum
772 2180 857 2265 (Deo
881 2182 984 2264 dispo·

61 2268 173 2344 nente)
199 2266 270 2345 quid
294 2267 429 2346 sapiant,
462 2265 535 2345 quid
563 2273 704 2346 cernant,
735 2266 806 2347 quid
837 2270 986 2346 quaerarit

62 2349 250 2410 doctrinales
273 2349 479 2410 damnatores.
522 2349 589 2410 Nec
614 2350 776 2411 obscurum
798 2357 860 2429 est,
887 2350 986 2410 Losa·

61 2435 187 2493 cieuses
210 2440 241 2492 et
263 2433 466 2497 colonienses
490 2433 679 2493 conscientia
691 2434 780 2493 huius
795 2435 984 2514 ignominiae

62 2518 209 2597 agitatos,
232 2535 323 2595 quarn
346 2536 384 2576 ex
407 2515 577 2576 Reuchlino
600 2521 801 2597 acceperunt,
824 2536 906 2576 nova
927 2517 985 2576 hac

62 2598 170 2660 lahula
200 2600 232 2658 in
248 2598 381 2660 Luthero
405 2618 551 2679 quaerere
584 2598 826 2679 redemptionem
856 2600 984 2682 gloriae,

64 2689 99 2742 ut
125 2683 177 2761 qui
205 2684 236 2742 in
268 2683 322 2745 illo
345 2683 466 2743 suerunt
487 2682 684 2742 damnatores
705 2683 898 2762 authentici¹¹
922 2702 985 2743 non

64 2766 252 2827 doctrinales
275 2773 402 2844 tantum,
425 2773 588 2827 exurentes
612 2768 676 2826 eius
693 2765 826 2844 libellos,
850 2785 932 2826 nunc
952 2785 985 2827 re

64 2850 199 2930 pessime
221 2855 310 2930 gesta
330 2849 469 2910 nonnihil
491 2850 593 2926 fracti,
626 2868 693 2908 eum
718 2868 775 2909 nec
799 2849 985 2910 doctrinales

63 2951 124 2993 neo
145 2932 313 2993 authentici
336 2934 517 3012 manserint,
552 2931 625 2992 ficta
655 2931 826 2992 humilitate
855 2938 985 2993 tantum·

64 3015 160 3077 modo
182 3014 369 3077 doctrinales
391 3035 424 3075 se
447 3017 606 3095 simulant,
636 3023 795 3096 sperantes
823 3036 856 3076 se
879 3035 985 3076 evasu-

63 3118 117 3160 ros
140 3118 264 3180 quoque
286 3100 488 3163 authenticos.
532 3100 659 3159 Faciunt
680 3105 781 3160 autem
804 3099 863 3159 hnc
883 3118 988 3160 crassa

64 3182 200 3262 vafritia,
224 3190 255 3243 et
276 3183 436 3244 infeliciter
458 3184 626 3243 instaurata
647 3183 762 3263 gloria,
786 3190 818 3242 ut
839 3182 986 3263 deinceps

65 3265 185 3326 laeiliue
208 3268 265 3326 sim
287 3285 483 3343 accessurus,
512 3268 563 3346 pio
587 3266 779 3346 simplicique
801 3268 881 3326 laico
904 3266 986 3326 dam·

65 3356 160 3410 naute
192 3355 245 3410 aut
266 3350 434 3428 probante,
462 3368 553 3429 quam
583 3352 733 3410 universis
761 3350 871 3412 talibus
893 3350 987 3430 Magi·

64 3434 136 3509 stris
159 3434 271 3494 nostris
286 3433 453 3493 Lovanien.
467 3440 498 3493 et
510 3433 682 3510 Colonien,
705 3435 796 3495 etiarn
813 3435 902 3514 signo
925 3435 988 3493 uni·

66 3516 179 3593 vernali
206 3519 236 3576 in
260 3537 351 3576 unum
390 3517 528 3577 collectis
558 3518 777 3597 personaliter,
809 3518 988 3597 simpliciter

88 3675 213 3684 ——u

134 3737 172 3818 ¹l)
192 3733 223 3786 ln
242 3735 283 3787 ed.
302 3733 380 3789 den:
402 3734 561 3788 nonnullus.
598 3735 630 3799 2)
653 3735 682 3787 ln
692 3735 733 3788 ed.
753 3738 841 3806 orig:
861 3736 989 3805 Chryso·

66 3821 151 3874 passi.
837 3852 840 3860 .
