2346 4208
120 224 183 303 388
430 226 589 306 Disputatio
607 229 637 288 D.
657 235 693 289 n.
710 226 745 290 L.

185 409 236 472 66.
257 406 438 468 Referemus
459 404 538 465 haee
558 406 590 466 in
611 404 742 465 formam
758 403 989 486 syllogistioorn,
1006 407 1032 462 ut

123 492 259 572 apertior
279 491 319 550 sit
341 496 447 550 nostra
469 496 577 549 eontra
598 507 654 552 eos
677 488 892 569 expostulatio
913 492 945 547 et
956 485 1031 546 inuui-

119 580 234 720 ιιιὶκ67.
257 653 439 734 Quicunque
459 653 526 714 vult
545 654 660 716 intrare
681 652 721 715 ad
745 653 854 733 vitam,
876 651 969 714 debet
986 669 1036 712 ser·

123 758 196 801 vare
220 737 366 799 mundata
388 737 455 798 Dei.

188 944 238 1009 68.
260 942 369 1003 Nullus
392 840 700 1003 Sanctoruriegervat
720 939 871 1002 mandatu
892 940 958 1003 Dei.

100 1182 108 1207 t
188 1149 237 1212 69.
260 1147 370 1208 Nullus
393 1047 703 1228 Sanctoruffirgdotesr
722 1115 841 1207 intrare
864 1146 905 1207 ad
929 1146 1025 1207 vitam.

188 1232 237 1294 70.
260 1230 360 1292 Maior
382 1237 429 1291 est
449 1231 633 1292 manifestae
654 1230 829 1291 autoritatis
845 1228 981 1308 divinae,
999 1227 1041 1289 ubi

125 1313 263 1374 Christus
285 1313 376 1374 dioit:
400 1313 431 1374 Si
454 1315 500 1374 vis
520 1315 636 1376 intrare
655 1313 694 1374 ad
716 1314 811 1374 vitam
835 1320 898 1374 eto.
921 1313 1042 1393 quinon

125 1396 204 1457 fallit
225 1414 327 1476 neque
347 1397 503 1459 mentitur.

185 1483 236 1544 71.
259 1479 360 1541 Minor
380 1479 471 1540 facile
485 1479 642 1561 probatur,
665 1498 705 1540 ex
727 1498 822 1559 supro
844 1478 954 1540 diotis:
976 1477 1045 1553 Qun

125 1580 235 1623 omues
257 1561 363 1625 Sunoti
386 1569 457 1624 sunt
478 1566 668 1644 peooatores,
691 1569 722 1623 et
743 1561 896 1623 mandatu
918 1562 977 1623 Dei
993 1579 1047 1622 nou

126 1653 261 1707 servunt.
559 1696 566 1708 .

133 1770 136 1781 ·
192 1731 242 1793 72.
265 1728 432 1791 Gonolusio
456 1729 556 1790 estin
577 1727 660 1791 bona
681 1729 780 1790 forma
802 1728 1050 1809 consequentiae,

128 1813 159 1873 in
183 1810 320 1873 seeundo
343 1810 499 1872 secundae
520 1810 654 1872 dednota
675 1817 707 1873 et
727 1810 966 1892 irrefragabilia.

189 1896 239 1959 73.
267 1893 337 1970 Quo
358 1913 441 1956 nuno
459 1895 573 1956 ibitur?
615 1895 672 1955 Hie
700 1895 855 1956 institiarii
888 1893 1051 1976 deprehen·

128 1977 240 2040 duntur
261 1979 342 2040 inter
363 1978 538 2059 augustias,
571 1985 603 2039 et
630 1981 738 2040 merito
761 1977 903 2040 redirent
930 1977 974 2040 ad
995 1996 1051 2055 oor,

127 2068 160 2121 ut
182 2060 291 2122 Esaias
312 2061 457 2142 loquitur.

188 2145 239 2208 74.
267 2143 332 2204 Noa
364 2163 439 2207 vero
471 2142 662 2204 ostendimus
684 2143 865 2225 exemplum
895 2145 978 2226 legis
1006 2144 1051 2204 im·

127 2226 246 2307 plotae,
269 2234 386 2287 eertum
410 2235 442 2287 et
461 2225 571 2303 fidele,
594 2226 701 2287 sedin
724 2229 817 2288 unieo
840 2228 898 2290 illo
921 2228 1051 2303 homine,

129 2309 300 2370 mediatore
321 2310 379 2370 Dei
402 2317 433 2370 et
453 2310 622 2372 hominum.

189 2396 240 2458 75.
267 2392 314 2452 De
336 2411 397 2472 quo
420 2413 489 2454 nno·
505 2399 538 2454 et
558 2392 627 2454 solo
651 2394 735 2455 Deus
757 2393 851 2454 dieit:
898 2393 961 2469 Qui
992 2411 1052 2475 peo

128 2483 229 2537 (utum
252 2495 316 2537 non
339 2476 420 2552 feeit,
445 2495 503 2538 neo
523 2475 614 2537 dolus
637 2479 779 2538 inventus
803 2485 853 2538 est
867 2478 900 2538 in
915 2479 1051 2553 oreeius

127 2560 159 2621 id
181 2566 238 2640 est,
261 2559 362 2641 legem
384 2560 533 2641 implevit

191 2646 243 2714 76.
264 2643 306 2704 Ει
328 2644 408 2705 Psal.
433 2645 487 2707 40:
532 2643 566 2704 Iu
588 2643 666 2706 libro
690 2644 835 2724 seriptum
863 2651 913 2705 est
938 2644 979 2705 de
1002 2662 1052 2719 me,

127 2734 161 2786 ut
182 2727 293 2787 faciam
314 2726 504 2788 voluntatem
526 2731 620 2805 tuam,
642 2727 729 2788 Deus
764 2745 868 2805 mens,
900 2728 1052 2805 volui,et

127 2809 179 2870 lex
201 2816 254 2869 tna
273 2811 306 2869 iu
328 2810 430 2871 medio
453 2808 553 2871 cordis
577 2811 646 2873 mei.

194 2895 246 2956 77.
267 2891 358 2954 Hand
380 2893 519 2971 dubium,
542 2895 613 2972 quia
634 2912 743 2955 omnes
765 2892 817 2952 alii
839 2911 906 2953 non
929 2893 1053 2954 feceriut

125 2972 319 3118 fvuoluntutem
330 2977 398 3055 Dei,
421 2995 479 3037 neo
500 2977 551 3037 lex
575 2977 640 3037 eius
657 2977 688 3036 in
706 2974 808 3036 medio
828 2976 937 3037 oordis
951 2994 1052 3038 eorum

158 3059 225 3119 erit.
613 3092 616 3098 ·

188 3143 238 3206 78.
266 3142 419 3203 Voluntas
440 3149 542 3203 autem
565 3142 620 3204 illa
633 3143 690 3204 Dei
713 3140 840 3223 impleta
863 3161 920 3203 seu
946 3141 1055 3205 Christi

126 3225 281 3306 implentia
309 3225 391 3285 eliud
426 3226 500 3286 nihil
531 3245 599 3286 esse
622 3233 740 3307 potest,
773 3242 867 3304 quam
891 3227 965 3306 ipsa
988 3225 1055 3288 obe·

126 3308 242 3370 dientia
256 3308 377 3388 Christi,
400 3317 433 3369 ut
446 3309 557 3370 Punlus
575 3311 633 3370 ait:
656 3310 769 3371 Factus
791 3326 849 3388 pro
872 3308 969 3371 nobis
988 3309 1054 3371 obe

127 3392 223 3454 diens.

188 3478 238 3541 79.
261 3474 330 3550 Quo
352 3474 511 3535 voluntate
533 3474 717 3536 senetifioati
739 3493 843 3533 sumus
869 3493 985 3537 omues
1010 3474 1057 3558 (ut

124 3559 178 3619 ille
196 3556 275 3641 ait):
298 3557 338 3618 Et
354 3576 410 3637 per
425 3557 633 3619 obedientiam
656 3559 742 3619 istius
765 3559 866 3636 unius,
889 3559 966 3621 insti
990 3580 1058 3623 oon·

124 3644 290 3704 stituuutnr
313 3641 409 3720 multi,
431 3641 522 3704 Rom.
545 3647 574 3708 6.

187 3725 238 3792 80.
260 3722 393 3785 Proinde
416 3727 520 3786 omnia
543 3724 607 3787 aliu
627 3724 710 3786 dieta
731 3730 763 3786 et
784 3725 936 3807 exempla
960 3726 1059 3810 Surio
