2346 4208
57 3928 95 3964 h

199 274 263 350 3³32
378 333 387 351 ,
442 285 535 338 Resol.
554 283 584 339 L.
604 298 688 352 snper
706 276 901 353 Propositlone

191 487 193 490 ·
241 460 248 489 ‘
285 471 412 552 Propter
446 469 528 549 quod
562 469 724 550 diligenter
751 469 792 529 de
824 470 928 530 divina
957 469 1122 530 traditione

201 563 233 614 et
254 554 428 635 apostolica¹
450 553 666 614 observatione
685 553 868 613 servandum
892 560 940 614 est
962 560 993 612 et
1015 559 1121 613 tenen-

201 637 291 716 dum,
322 637 405 715 quod
435 635 516 717 apud
539 655 596 696 nos
619 654 742 716 quoque
764 645 795 696 et
815 637 879 697 fere
900 635 1118 716 provincias¹)

200 721 359 783 universas
384 728 514 797 tenetur,
536 727 570 779 ut
593 719 631 780 ad
654 719 863 780 ordinationes
885 721 942 780 rite
958 718 1121 785 celebran-

201 802 271 883 das,
304 803 343 863 ad
372 822 440 863 eam
470 802 615 884 plebem,
653 805 702 862 cui
729 804 923 883 praepositus
953 801 1121 880 ordinatur,

201 887 339 966 episcopi
361 885 498 947 eiusdem
521 887 883 966 provinciae'propinqui
914 887 1027 964 quique
1048 902 1121 944 osn-

200 970 339 1047 veniant,
374 976 405 1029 et·
436 969 600 1049 spiscopus
635 969 787 1048 deligatur
819 968 910 1050 plebe
945 975 1122 1048 praesente,

201 1071 279 1131 quae
301 1053 490 1133 singulorum
513 1053 606 1112 vitam
632 1052 809 1132 plenissime
837 1054 933 1113 novit.
977 1050 1068 1126 Quod
1091 1060 1123 1112 et

199 1134 282 1216 apud
305 1155 360 1196 vos
383 1136 496 1195 lactum
518 1134 657 1195 videmus
679 1137 710 1194 in
733 1135 839 1195 Sabini
861 1134 1122 1215 nostrtcollegoe

201 1218 412 1295 ordinatione,
441 1225 474 1278 ut
503 1217 541 1277 de
570 1220 733 1277 universae
753 1218 951 1281 fraternitatis
968 1216 1120 1298 suffragio

201 1308 233 1360 et
259 1300 298 1361 de
325 1303 559 1381 episcoporum,
595 1303 646 1380 qui
679 1303 710 1360 in
739 1303 944 1381 praesentiam
968 1308 1121 1362 conuena-

201 1392 283 1462 rant,
320 1385 371 1464 qui
404 1384 443 1444 de
471 1404 509 1443 eo
539 1383 576 1444 ad
608 1404 664 1445 vos
687 1384 791 1444 literas
813 1385 970 1463 fecerant,
1005 1384 1120 1445 indicio

201 1468 398 1548 episcopatus
427 1470 456 1527 ei
483 1467 667 1546 deferretur,
701 1475 733 1527 et
760 1487 868 1528 manus
898 1469 987 1527 siun
1017 1468 1120 1528 locu-m

200 1550 341 1611 Basilidis
362 1553 579 1631 imponeretur

283 1633 445 1694 Hunct
406 1635 495 1694 ritum
524 1633 593 1710 et2)
632 1653 685 1713 per
720 1633 829 1693 multas
859 1633 935 1693 alias
971 1625 1120 1714 epistolas

200 1717 280 1776 idem
314 1717 485 1797 Cyprianus
521 1723 759 1794 commemorat,
793 1735 915 1795 semper
942 1715 1119 1797 suffragium

201 1800 307 1881 populi
336 1809 367 1860 et
394 1800 537 1859 iudicium
559 1796 810 1879 propinquorum
834 1802 1056 1880 episcoporum
1076 1802 1122 1860 ita

200 1883 356 1964 allegans,
388 1891 420 1942 ut
443 1883 522 1942 hanc
551 1903 589 1942 ex
619 1884 688 1945 Dec
709 1883 933 1943 ordinationem
958 1903 1031 1944 esse
1050 1900 1119 1942 oum

201 1965 313 2026 fiducia
337 1967 528 2046 pronunciet.

284 2047 342 2123 Qui
366 2051 450 2126 ritus,
475 2049 545 2128 quid
570 2051 610 2109 sit
631 2049 669 2108 ad
694 2068 773 2126 eum,
797 2051 847 2128 qui
871 2050 965 2110 hodie
988 2048 1121 2110 aerbe

200 2133 330 2212 petitur,
364 2135 395 2191 in
428 2150 488 2209 quc
517 2152 578 2193 non
608 2132 701 2192 modo
735 2133 877 2199 welusus
908 2140 955 2192 est
977 2133 1121 2212 populus,

202 2215 256 2274 sed
279 2215 542 2276 necsacerdotum
569 2215 679 2275 electio
701 2217 775 2274 satis
799 2223 855 2293 est,
877 2217 945 2274 aliis
968 2215 1123 2294 relinquo.

200 2298 265 2356 Nec
295 2298 407 2358 referre
440 2306 487 2358 est
508 2318 651 2376 neccsse,
688 2304 802 2375 quanto
831 2299 949 2359 felicius
980 2299 1120 2358 horreis

199 2383 273 2441 ritus
296 2380 416 2441 divinus
438 2389 620 2461 servaretur,
643 2383 820 2460 praesertim
845 2388 891 2441 tot
908 2381 1121 2442 sacerdotibus

202 2464 288 2523 malis
311 2466 519 2544 regnantibus,
543 2472 573 2525 et
590 2467 690 2525 invit-o
713 2464 829 2545 populo
851 2466 1012 2544 impositis.
1041 2464 1119 2525 Nam

202 2547 339 2607 videmus
381 2568 435 2627 per
463 2549 633 2609 Romanam
665 2549 795 2626 curiam,
831 2568 887 2628 per
913 2550 1026 2630 gratias
1050 2567 1121 2607 suas

202 2631 447 2710 exspectativas,
467 2634 580 2711 passim
595 2627 634 2690 'in
658 2631 803 2690 mundum
828 2633 918 2691 etiam
940 2631 1052 2691 intrudi
1076 2651 1122 2691 sa-

202 2712 351 2774 cerdotes.
387 2713 559 2774 Transeant
591 2713 678 2774 haec.
700 2713 768 2774 Hoc
790 2733 911 2793 queror,
934 2714 1016 2794 quod
1039 2714 1122 2774 hunc

200 2798 291 2857 ritum
326 2797 563 2857 sacratissimum
599 2806 631 2857 et
663 2804 833 2876 vetustum,
867 2799 985 2876 iurique
1015 2798 1120 2858 divino

201 2899 255 2960 per
278 2882 382 2941 omnia
400 2879 598 2958 conformem,
621 2881 651 2940 hi
675 2883 769 2940 nostri
784 2881 970 2941 haereticum
994 2889 1025 2941 et
1039 2880 1122 2941 dam-

201 2972 303 3023 natum
327 2963 432 3024 haberi
455 2964 572 3040 volunt,
595 2983 669 3044 praa
689 2965 746 3023 ritu
769 2984 825 3023 suo
847 2966 1029 3042 recentiore,
1052 2977 1120 3024 oum
1163 3038 1167 3050 Χ

201 3053 316 3108 certum
340 3047 480 3106 omnibus
505 3049 552 3125 sit,
576 3046 606 3108 S.
631 3047 811 3127 Nicolaum,
835 3047 864 3109 S.
889 3047 1066 3125 Martinam,
1091 3047 1121 3110 8.

201 3131 421 3211 Augustulum,
452 3129 480 3190 S.
504 3130 717 3210 Ambrosium,
741 3149 912 3210 omnesque
934 3133 1052 3211 priscos
1067 3131 1122 3190 Pa-

201 3222 262 3274 tres
297 3232 334 3273 so
373 3213 465 3275 ¹110th
492 3214 585 3273 fuisse
615 3213 782 3274 ordinatus.
838 3215 884 3275 Sit
910 3216 1024 3294 itaque·
1041 3216 1122 3274 *ritus

201 3297 377 3374 hodiernus,
402 3297 502 3376 qualis
525 3316 594 3357 esse
617 3304 728 3377 potest,
751 3298 1028 3358 modollomanum
1047 3317 1122 3378 pon·

201 3380 311 3440 tilicem
336 3399 397 3441 non
426 3382 491 3440 iure
513 3380 618 3440 divino
647 3381 679 3440 id
702 3400 795 3460 posse
820 3387 977 3461 putemus,
1015 3400 1055 3442 ne
1077 3389 1123 3442 tot

201 3463 373 3523 seculorum
396 3463 527 3524 Sanctos
556 3472 587 3523 et
609 3463 757 3543 Martyres
781 3472 888 3525 contra
915 3467 961 3524 ius
985 3464 1120 3524 divinum

201 3547 302 3626 egisse
326 3546 515 3607 damnemus.

275 3737 303 3799 l)
324 3738 353 3786 ln
378 3735 420 3787 ed.
440 3735 502 3790 len
525 3741 552 3787 et
571 3734 658 3789 Witt:
691 3752 739 3804 per
765 3737 933 3803 provincias.
970 3738 1012 3795 ‘lt
1019 3735 1049 3789 lu
1079 3736 1121 3789 cd.

194 3808 292 3876 priore
310 3807 400 3863 deest:
413 3813 449 3863 et
795 3824 800 3861 t
969 3813 978 3855 t
