2346 4208
374 265 481 322 muso
500 265 627 322 n.·1sss.
645 264 766 323 naues.
822 252 825 257 ’
1009 265 1050 332 33

124 468 180 518 e'os
202 456 275 516 iuris
311 456 405 516 divini
445 461 630 535 assertores,
668 458 717 536 qui
753 475 853 536 neque
882 456 1048 539 temporati

124 540 220 615 vitoe,
243 556 345 620 neque
367 541 513 600 aeternae
535 539 628 599 saluti
647 538 987 620 totiusorbispsronnt,
1009 546 1049 600 rie

124 619 284 683 differetur
304 629 358 683 eut
379 622 557 683 detrahetur
578 623 628 684 'vei
650 642 711 683 uns
737 622 814 683 hors
846 623 902 683 idri
932 621 1047 703 divino,

124 706 175 766 eui
198 712 229 766 tu
252 706 360 786 viginti
383 708 471 766 annis
494 705 639 766 concedis
667 706 761 767 otium
797 705 891 766 fuisse
921 709 952 767 et
974 703 1047 768 diis-

123 789 258 868 tionem,
281 795 375 869 etque
396 788 427 849 id
450 791 683 869 comparatione
712 788 819 851 salutis
848 790 938 849 unius
967 780 1046 848 vilis-

124 872 194 932 simi
216 869 354 951 latronis,
376 876 444 931 eum
468 870 580 933 Ohn‘sti
609 873 764 952 potuisses
792 873 911 954 gloriae
933 871 1047 933 dilstse

123 972 315 1035 somperere.

208 1037 291 1098 Nihil
313 1054 387 1118 ergo
410 1037 535 1119 mirum,
567 1038 592 1096 si
615 1037 722 1097 Petrus
753 1044 784 1097 et
804 1036 916 1098 Paulus
938 1042 1045 1099 nostro

124 1121 232 1182 seeuio
253 1121 399 1182 haeretiei
422 1119 506 1199 dent,
529 1119 600 1179 dum
613 1119 720 1180 Petrus
744 1121 879 1205 pessimo
901 1120 1046 1200 exemplo

125 1203 355 1283 monsrohiem,
386 1204 453 1264 iure
480 1209 511 1263 et
539 1204 699 1284 privilegis
730 1203 881 1265 eoelesise
903 1221 978 1264 suse
1002 1211 1044 1265 to-

125 1295 252 1366 tumque
272 1288 385 1350 molem
408 1288 617 1367 superiorem,
653 1285 747 1347 hodie
777 1305 853 1348 sene
880 1285 920 1348 ed
942 1293 1045 1349 oonte-

123 1369 240 1432 rendos
261 1369 396 1451 popnios
435 1370 734 1451 negotiosissimam,
762 1369 836 1430 feeit
862 1371 995 1432 otiosam
1011 1370 1043 1445 1)

123 1459 156 1514 et
183 1453 322 1533 reliquit,
361 1451 432 1512 dnm
463 1453 552 1514 doto.
576 1453 605 1517 8.
629 1470 697 1512 oum
720 1453 858 1515 Iohanne
892 1471 925 1514 se
968 1454 1044 1514 mitti

124 1538 206 1598 sieut
225 1535 352 1597 inferior
371 1555 480 1616 pessus
503 1543 560 1614 eet,
584 1535 655 1596 dum
670 1537 758 1596 Aeto.
772 1539 819 1601 10.
832 1536 871 1597 ed
893 1538 1043 1598 rationem

122 1618 313 1681 reddendam
350 1625 381 1679 ut
417 1621 491 1680 item
526 1618 653 1679 infen‘or
680 1620 750 1700 cogi
780 1637 817 1680 se
844 1638 954 1717 pessus
988 1627 1045 1698 est,

124 1703 198 1764 dum
227 1703 318 1765 Aeto.
342 1705 391 1766 15.
423 1703 608 1763 sententiam
640 1720 726 1762 susm
748 1701 852 1763 lsoobr
879 1703 1044 1764 autoritate

125 1786 237 1848 moturi
258 1791 290 1847 et
311 1783 485 1847 ooniirmsri
497 1805 607 1866 pessus
629 1790 685 1866 est,
708 1785 759 1864 qni
776 1792 879 1846 temen
893 1786 1044 1867 sanguine

123 1869 258 1950 proprio
277 1867 427 1930 debueret
456 1870 614 1947 resistere,
649 1875 680 1930 et
712 1869 833 1929 eoelum
862 1887 899 1929 ee
932 1864 1042 1930 terrem

124 1952 228 2033 potius
250 1952 396 2031 miseere,
425 1970 515 2033 quern
543 1952 604 2012 hoe
624 1953 791 2032 pessimum
815 1950 990 2034 exemplum
1013 1961 1045 2013 et

122 2035 312 2097 haeretioum
335 2035 450 2098 iactum
475 2036 537 2096 suis
560 2033 789 2096 suecessoribus
811 2035 994 2116 relinquere.

209 2117 269 2179 Sed
292 2126 323 2179 et
344 2119 455 2179 Penius
477 2119 555 2180 mitti
585 2138 619 2180 se
646 2138 665 2180 e
686 2119 905 2181 Macedonibus
933 2125 964 2180 et
986 2120 1043 2181 Oo-

123 2202 244 2263 rinthiis
265 2203 392 2284 petitur,
416 2221 471 2282 pro
493 2201 620 2262 ferenda
642 2202 774 2274 oolleets
800 2204 913 2263 sanetis
948 2205 978 2264 in
1001 2202 1044 2263 le-

124 2284 270 2363 ruseiem,
292 2285 465 2346 hderetious
478 2292 571 2364 oerte,
594 2292 732 2367 streete,
755 2287 826 2367 quia
848 2288 894 2347 ius
909 2286 1043 2347 divinum

123 2375 249 2449 oportet
284 2370 360 2429 tueri
395 2388 451 2449 per
483 2370 681 2448 sanguinem,
714 2372 806 2430 etiam
848 2389 915 2430 oum
952 2372 1045 2431 totius

123 2451 231 2512 mundi
253 2451 384 2528 damno,
407 2453 485 2511 sieut
516 2453 630 2531 potius,
659 2471 749 2531 quem
783 2452 878 2513 velles
903 2453 1044 2515 oeoidere

123 2544 155 2596 et
168 2535 334 2615 moeoheri,
357 2536 460 2596 omnio
482 2534 535 2594 tibi
560 2536 860 2615 esseutamittende3
881 2545 965 2598 reete
986 2539 1045 2617 ipsi

123 2618 249 2698 fsoiunt,
272 2625 303 2678 tu
326 2637 394 2678 oum
407 2617 497 2678 Petro
520 2619 655 2698 pessime
677 2618 883 2680 etheeretioe
904 2620 989 2698 feois,
1014 2629 1044 2680 tu

123 2701 229 2762 dendo
251 2701 446 2778 diletionem,
479 2701 531 2762 ilie
552 2700 694 2763 iaciendo
718 2704 902 2762 eontrarium
924 2705 979 2763 iuri
1003 2703 1045 2763 di·

124 2786 210 2860 vino,
233 2784 327 2845 verbo
349 2785 407 2845 Dei
429 2791 460 2845 et
481 2785 655 2867 exangelio,
678 2784 759 2864 quod
783 2806 821 2846 ne
843 2795 958 2866 punoto
981 2789 1043 2867 qui-

123 2867 194 2929 dern
218 2867 291 2928 iioet
311 2869 533 2948 interrumpere
555 2875 607 2928 eut
629 2867 759 2929 differre.

208 2949 240 3012 Si
262 2958 363 3012 sutem
392 2951 475 3011 seius
507 2957 576 3011 tuus
609 2951 688 3012 adeo
723 2951 809 3012 ardet
846 2972 901 3033 pro
936 2970 987 3015 me
1015 2962 1046 3015 et

123 3035 269 3095 Bohemis
292 3033 485 3113 erudiendis,
518 3033 613 3095 debes
641 3055 703 3096 non
743 3035 842 3096 solum
875 3044 927 3096 tus
955 3037 1043 3098 nobis

123 3117 237 3195 dieere,
263 3117 318 3178 sed
340 3125 446 3178 nostre
468 3136 592 3197 quoque
614 3119 782 3180 eoniutsre.
826 3119 946 3180 Adhibe
970 3140 1043 3201 ergo

123 3220 259 3277 menum,
281 3201 360 3262 does
383 3219 440 3262 nos
463 3202 644 3281 sapientiem
667 3209 761 3264 tuam.

207 3284 278 3345 Mes
289 3285 460 3365 propositio
483 3283 521 3345 de
533 3286 666 3364 primatu
687 3305 787 3366 pepse
810 3305 871 3347 non
896 3293 943 3347 est
967 3307 1045 3366 mea,

122 3367 179 3430 sed
202 3367 311 3428 Nieeni
345 3367 478 3446 eonoiiii,
501 3366 583 3448 quod
605 3369 736 3429 Romani
768 3369 931 3449 pontifloes
955 3389 1044 3431 even-

123 3451 208 3533 geiio
232 3458 429 3533 comparent,
461 3449 514 3513 tibi
548 3470 621 3532 ergo
653 3453 713 3512 ists
743 3455 966 3531 oonsequentie
999 3462 1046 3516 est

123 3533 331 3614 prohibenda:
370 3534 519 3595 Lutherus
553 3540 600 3595 est
621 3536 792 3596 haereticus
815 3536 844 3595 in
867 3537 955 3597 huius
978 3556 1044 3597 sen·

123 3618 221 3678 tentis
243 3618 475 3698 propositionis.
517 3618 600 3699 Ergo
623 3619 771 3679 Nicennnr
803 3620 965 3681 eonsilium
1001 3629 1047 3681 est

196 3790 228 3851 1)
249 3790 279 3841 ln
299 3790 342 3846 ed.
362 3791 446 3859 orig.2
465 3790 565 3843 otiose.

151 3893 244 3933 Lernen
258 3904 310 3942 opp.
325 3894 351 3935 V.
361 3895 388 3933 Δ.
402 3894 431 3934 sd
444 3894 485 3935 rel.
498 3894 549 3935 hist.
563 3894 579 3935 i·
592 3905 612 3945 p.
631 3895 680 3937 Vol.
693 3896 732 3939 w.
852 3865 875 3929 3
