2346 4208
198 270 261 338 162
449 272 607 341 Disputatio
624 272 733 340 Lipsiae
748 270 846 325 habita
865 288 891 324 a.
910 272 971 324 xlx

200 468 262 523 tem
287 461 419 521 clavium
431 459 708 521 ecclesiasticarum
731 459 815 520 dedit
834 456 1023 522 hominibus.
1045 458 1114 522 Gon·

200 552 262 606 stat
284 546 381 624 enim,
413 542 496 624 quod
517 543 705 604 fructuosior
733 550 782 621 est
809 549 840 603 et
860 543 929 604 Dec
951 540 1116 625 acceptabi-

201 629 260 689 lior
281 628 421 707 operatio
444 626 557 688 talibus
578 626 776 706 indulgentiis
796 627 947 705 innitens,
971 644 1064 707 quam
1081 626 1115 687 al»

202 718 268 772 tera
291 717 322 770 et
344 711 453 771 ceteris
475 709 599 789 paribus
623 729 686 770 non
708 711 851 770 innitens.
884 709 1117 773 Haec-oenoe.
1157 704 1167 795 ᾖ

284 793 336 854 Sic
357 800 388 854 et
409 793 461 853 clii
483 794 582 852 sancti
604 800 635 853 et
657 793 792 872 optimae
816 792 1053 855 existimationis
1068 793 1117 853 viri
1148 798 1167 851 f!

201 886 344 957 tempora
367 876 506 936 datarum
528 875 788 957 indulgentiarum
810 877 986 954 voluerunt,
1008 884 1119 956 qudt's
1150 856 1167 901 ¹

205 960 239 1023 B.
268 959 422 1040 Gregorio
460 976 584 1038 quoque
617 960 709 1018 datae
738 965 809 1018 sunt
841 958 929 1020 ante¹
950 964 1119 1041 nongentos
1150 964 1167 991 ⁶²

202 1062 319 1119 annos,
353 1049 384 1103 et
407 1042 573 1102 Paschasio
596 1049 670 1102 ante
698 1047 862 1102 sexcentos
888 1060 999 1103 annos.
1038 1040 1119 1105 Unda
1150 1010 1167 1069 Ι

203 1126 272 1187 sola
293 1127 372 1186 tanti
394 1125 493 1185 Patris
514 1127 664 1186 autoritas
686 1124 778 1185 debet
799 1118 969 1203 quamlibet
983 1124 1119 1186 Christia-
1150 1124 1163 1187 ,⁵

202 1228 275 1270 num
287 1228 423 1287 movere,
445 1215 480 1269 ut
496 1208 602 1269 credat
622 1207 828 1288 indulgentias
851 1226 920 1268 esse
941 1206 1120 1270 utilesfihri
1151 1192 1167 1235 ¹

200 1294 317 1369 alianis,
341 1294 479 1372 quamvis
501 1311 564 1353 non
586 1292 737 1372 ignorem,
760 1290 842 1370 quod
861 1289 1056 1375 Yuilhelmus
1075 1289 1120 1352 Al·

200 1376 393 1436 tisidcrensis
416 1375 529 1436 referat
550 1393 612 1435 non
635 1372 779 1453 debrisse,
802 1374 854 1453 qui
876 1375 980 1453 etiam,
1003 1376 1120 1435 vivente

203 1460 235 1519 B.
264 1458 438 1539 Gregorio,
474 1464 583 1518 sancto
605 1458 687 1518 Patri
708 1458 740 1517 in
774 1456 974 1537 indulgentiis
1008 1464 1120 1520 conat·

202 1542 344 1604 dixerint.

282 1625 378 1685 Porro
400 1623 461 1683 hcc
484 1622 613 1684 addam:
636 1622 668 1684 Si
690 1622 998 1703 indulgentiaasunt
1019 1624 1118 1685 vitium
1153 1612 1167 1655 ¹

201 1708 274 1769 boni
296 1709 415 1788 operis,
442 1706 511 1777 ¹hoc
530 1707 724 1787 potissimum
747 1724 817 1766 meo
849 1700 995 1767 arbitiatu
1027 1724 1068 1769 ex
1087 1722 1119 1769 aa
1142 1698 1167 1741 ·'

202 1791 351 1870 suspicari
373 1809 515 1870 possem,
539 1789 621 1869 quod
643 1796 714 1848 sunt
735 1789 970 1873 satisfactorias,
995 1790 1051 1851 sed
1071 1800 1119 1871 ptr
1153 1782 1167 1823 f

202 1892 281 1955 opus
304 1874 540 1934 satisfactorium
562 1891 624 1931 non
648 1873 747 1932 minus
770 1891 942 1955 meremur,
974 1890 1071 1953 quam
1097 1870 1119 1933 d
1153 1864 1167 1939 i,

201 1977 264 2018 non
287 1964 371 2018 esset
391 1956 652 2028 satisfactorium
686 1955 821 2035 alioquin
860 1963 1034 2035 praestaret
1068 1968 1119 2017 not
1153 1944 1167 2003 ἶ

202 2040 286 2101 nulla
307 2041 409 2101 facere
431 2056 527 2118 opera
548 2038 774 2111 satisfactoria,
807 2056 847 2098 ne
880 2040 988 2099 merita
1021 2045 1120 2101 nostra
1154 2006 1167 2069 i

203 2143 258 2205 pro
281 2125 342 2184 isto
364 2128 443 2183 statu
467 2123 680 2182 minueremus.
715 2121 775 2182 Sed
804 2123 835 2180 in
860 2121 1120 2184 benedictionibus

203 2208 408 2283 seminantes,
444 2204 483 2264 de
505 2204 773 2265 benedictionibus
810 2222 934 2284 quoque
964 2212 1119 2267 ructemus
1162 2240 1167 2281 ς

202 2290 264 2351 Sed
288 2289 339 2349 hic
360 2288 482 2349 audiam
502 2287 704 2349 reverendum
727 2288 856 2351 Patrem.
902 2288 1043 2351 Accedat
1063 2294 1120 2351 ur-

203 2383 251 2434 tns
274 2374 367 2433 totius
390 2372 619 2431 christianitatis
641 2388 812 2431 consensus
838 2371 870 2430 in
890 2372 1052 2449 iubilaeis‚
1093 2388 1120 2431 cr

204 2474 341 2517 summos
363 2454 528 2515 Pontifices
550 2454 723 2531 celebratis,
749 2473 804 2534 per
826 2454 1037 2534 Bonifacium,
1061 2390 1139 2516 tie·

204 2545 338 2600 mentem
364 2538 425 2618 Vl,
447 2538 603 2599 Urbanum
626 2538 688 2615 VL,
710 2536 873 2597 Nicolaum
896 2538 950 2616 V.,
965 2536 1120 2621 integunt

204 2642 286 2683 mum
309 2629 340 2694 et
361 2622 571 2683 doctissimum
584 2620 763 2680 Pontificem
777 2619 968 2701 Sixtule.‚
991 2629 1025 2683 et
1046 2616 1121 2703 quoi

204 2707 360 2767 communi
401 2724 554 2765 consensu
589 2704 911 2764 christianissimorum
954 2724 1064 2787 regum
1095 2706 1123 2765 tt

203 2790 374 2871 principum
397 2807 453 2868 pro
477 2789 628 2868 passagiis
650 2794 682 2847 et
717 2788 859 2847 cruciatis
889 2806 1028 2849 summus
1049 2788 1121 2849 Pon·

205 2873 281 2934 tifex
303 2872 497 2951 plenissimas
520 2890 615 2949 saepe
638 2867 724 2931 dedit
744 2870 961 2950 indulgentias.

288 2956 366 3017 Cum
388 2972 462 3034 ergo
485 2953 561 3014 fides
582 2954 736 3014 ecelesiae
758 2955 798 3012 sit
819 2953 1050 3036 indefectibilis,
1072 2970 1125 3034 pro

206 3057 267 3119 qua
289 3039 426 3100 Christus
448 3039 584 3118 rogavit,
614 3042 731 3098 utnon
763 3035 925 3115 deiiceret,
953 3037 1058 3098 Lucae
1078 3038 1126 3111 22,

206 3128 238 3183 et
258 3123 414 3202 pollicitus
438 3127 494 3197 est,
516 3140 550 3180 se
572 3120 732 3181 nobiscum
755 3139 824 3181 asse
847 3120 989 3181 omnibus
1011 3120 1129 3197 diebus,

206 3204 364 3285 usquead
387 3205 685 3264 consummationem
714 3203 809 3263 seculi
831 3202 937 3263 Matth.
961 3204 1037 3284 28.,
1067 3218 1129 3264 non

206 3296 255 3349 est
277 3287 510 3365 admittendum,
532 3288 695 3347 eeclesiam
719 3305 788 3346 eum
801 3289 970 3347 animarum
993 3285 1130 3366 pernicie

207 3378 293 3433 tanto
317 3379 456 3451 tempore
478 3389 618 3453 errasse,
649 3380 680 3431 et
700 3372 774 3449 quia
795 3371 920 3431 decreta
941 3384 1131 3431 summorum

207 3453 390 3516 Pontificum
427 3454 465 3514 ab
502 3454 643 3515 omnibus
686 3455 935 3515 communionem
978 3453 1132 3514 aeclesiae

209 3545 336 3598 sanctae
357 3536 541 3599 habentibus
563 3545 635 3598 sunt
655 3537 863 3617 acceptanda,
894 3537 993 3597 nteit
1013 3536 1131 3619 Gisgo

207 3622 270 3680 rius
291 3638 359 3681 can.
382 3621 573 3702 Praeceptis,
610 3623 648 3684 12
683 3621 807 3695 distin,
834 3623 907 3681 item
936 3639 1004 3681 can.
1028 3618 1132 3682 omnia

210 3703 408 3782 Decretalia,
430 3704 480 3768 24.
507 3712 625 3785 quaest
649 3709 676 3768 l.
699 3722 768 3763 cum
792 3705 894 3764 multis
916 3700 1132 3764 concordanti·

209 3785 276 3866 bus,
299 3794 330 3848 at
353 3787 495 3848 Pontifex
517 3782 691 3849 modernus*
717 3787 773 3848 sub
794 3806 899 3870 poena
920 3784 1131 3848 excommuni-
