2346 4208
184 276 258 343 ,116
427 278 536 333 Tessar.
556 277 668 332 consol
688 275 723 331 D.
740 276 776 331 tr.
795 277 905 333 Lutlreri

196 483 264 524 mur
284 461 402 524 dicere:
441 463 507 523 Fiat
529 464 671 524 voluntas
695 471 764 541 tua,
794 465 866 543 quia
900 481 959 523 nos
989 480 1059 522 eam
1080 481 1116 523 ex

196 546 286 609 nobis
308 547 411 607 faeere
432 548 603 625 nequimus,
628 547 678 626 qui
701 549 804 626 potius
825 554 955 607 mortem
976 546 1117 606 timentes

197 638 325 691 mortem
349 638 380 690 et
401 637 561 709 peccatum
583 649 731 710 autemus,
754 649 846 709 quam
868 629 962 689 vitam
986 634 1019 689 et
1039 630 1119 690 iusti·

196 715 268 775 tiam
291 712 463 793 diligamus.

278 796 357 856 Nam
389 794 471 875 quod
501 802 630 856 mortem
654 796 737 855 Deus
766 796 796 854 in
824 796 944 875 peccati
975 813 1118 857 occasum
1148 851 1151 861 ,

197 878 353 955 ordinarit,
375 879 447 938 hinc
468 897 590 957 quoque
613 877 718 958 colligi
740 879 820 951 lieet,
843 877 924 958 quod
949 877 1041 938 Adae
1063 884 1119 939 sta·

195 964 250 1023 tim
272 970 344 1042 post
362 968 524 1041 peceatum
546 963 693 1041 imposuit
712 967 840 1022 mortem
857 960 942 1021 velut
955 960 1117 1023 emendam

196 1047 327 1125 peccati,
350 1052 442 1123 atque
463 1045 495 1105 id
517 1053 680 1123 antequam
705 1046 831 1105 eiiceret
852 1045 890 1104 de
903 1043 1070 1123 paradiso:
1091 1050 1120 1103 ut

196 1129 285 1189 nobis
310 1127 488 1191 ostenderet
509 1135 638 1188 mortem
662 1127 736 1187 nihil
758 1127 850 1206 mali,
874 1127 929 1187 sed
952 1146 1049 1188 omne
1071 1126 1120 1187 bo·

196 1231 267 1271 num
293 1209 381 1271 nobis
411 1212 548 1290 operari,
583 1209 706 1289 quando
737 1211 767 1269 in
801 1210 945 1290 paradiso
976 1218 1119 1290 tanquam

197 1295 387 1375 poenitentia
409 1301 440 1354 et
470 1294 638 1354 satisfactio
665 1295 811 1372 imposita
837 1300 893 1354 est.
937 1293 1056 1353 Verum
1078 1300 1120 1354 eal

197 1378 290 1455 enim,
313 1376 395 1455 quod
420 1396 503 1436 mors
524 1377 640 1436 invidia
662 1376 777 1437 diaboli
811 1377 935 1436 intravit
959 1378 990 1436 in
1015 1375 1119 1437 orbem

198 1467 355 1537 terrarum,
378 1459 432 1519 sed
452 1460 512 1520 hoc
534 1461 665 1520 eximiae
687 1467 719 1520 et
739 1458 863 1519 divinae
884 1459 1036 1520 bonitatis
1060 1460 1119 1538 fuit,

198 1549 327 1602 mortem
352 1544 396 1602 sic
426 1544 595 1623 ingressam
629 1561 692 1602 non
720 1544 822 1602 sinere
849 1549 966 1602 tantum
999 1561 1121 1620 nocere,

196 1625 251 1685 sed
275 1625 498 1706 apprehensam
521 1627 553 1685 in
574 1627 694 1705 peccati
707 1645 840 1705 poenam
854 1631 885 1685 st
899 1632 1034 1686 mortem
1051 1644 1120 1687 mox

197 1707 236 1768 ab
257 1709 344 1768 initio
367 1711 413 1769 sui
436 1708 586 1770 ordinare.

279 1792 347 1852 Hoc
369 1794 449 1852 enim
474 1791 666 1872 significavit,
690 1792 773 1871 quod
796 1811 864 1850 eum
881 1797 1014 1852 mortem
1035 1790 1119 1853 Adae

196 1877 226 1934 in
249 1882 415 1955 praecepto
438 1875 651 1954 praedixisset,
674 1893 736 1935 non
760 1882 862 1935 tamen
880 1881 996 1954 postea
1018 1876 1120 1951 tacuit,

196 1957 251 2018 sed
274 1957 376 2018 denuo
399 1966 528 2018 mortem
549 1960 712 2038 imposuit,
741 1976 778 2017 ae
805 1959 936 2038 rigorem
961 1958 1120 2039 praecepti

196 2042 388 2120 temperavit,
410 2042 472 2101 imo
495 2062 534 2102 ne
555 2043 693 2104 meminit
715 2041 837 2120 quidem
853 2041 961 2100 mortis
977 2041 1045 2102 ulla
1066 2040 1120 2122 syl

196 2123 280 2197 laba,
308 2124 363 2183 sed
385 2124 462 2185 dixit
487 2126 601 2186 solum:
637 2125 738 2184 Pulvis
760 2144 811 2202 es,
840 2131 871 2184 et
897 2125 926 2183 in
959 2124 1119 2204 pulvere·

195 2209 371 2284 reverteris,
394 2215 441 2286 et,
470 2208 571 2269 donee
603 2209 763 2268 revertaris
792 2209 822 2267 in
845 2217 976 2283 terram,
999 2207 1043 2268 de
1066 2226 1119 2288 qua

197 2297 334 2369 sumptus
357 2309 406 2368 es,
441 2293 528 2369 quasi
557 2293 617 2350 iam
640 2296 713 2351 tunc
744 2290 815 2350 odio
837 2290 955 2350 habens
979 2297 1119 2367 mortem,

197 2392 287 2453 quem
302 2393 359 2432 nec
362 2376 529 2452 pominare
543 2374 728 2454 dignaretur,
749 2375 836 2434 iuxta
848 2372 940 2432 illud:
965 2372 1119 2447 Quoniam

197 2458 244 2516 ira
266 2457 296 2516 in
319 2456 531 2536 indignatione
555 2460 634 2535 eius,
662 2465 693 2518 et
715 2459 779 2516 vita
806 2458 837 2517 in
861 2457 1026 2518 voluntate
1049 2459 1119 2533 eius,

195 2541 239 2601 ita
261 2541 342 2599 visus
364 2540 467 2620 loqui,
496 2540 594 2621 qnod,
627 2541 686 2600 nisi
713 2558 795 2601 mors
816 2541 994 2601 necessaria
1017 2541 1121 2603 fuisset

197 2623 237 2683 ad
257 2625 377 2703 peccati
400 2624 621 2701 abolitionem,
655 2626 752 2703 ipsam
783 2643 840 2683 nec
862 2624 958 2704 scire,
987 2644 1054 2685 neo
1073 2642 1119 2686 ne

196 2708 329 2784 minare,
352 2706 463 2766 nedum
492 2710 652 2782 imponere
674 2707 830 2769 voluisset.
881 2705 974 2766 Adeo
1005 2709 1120 2769 seilicet

196 2797 304 2850 eontra
325 2797 497 2868 peecatum,
521 2789 602 2868 quod
619 2797 747 2849 mortem
763 2796 922 2869 operatum
937 2798 998 2868 est,
1022 2810 1120 2853 rursus

195 2872 362 2932 aemulatio
395 2872 497 2933 divina
524 2892 586 2933 non
616 2872 698 2932 aliud
728 2892 817 2952 quarn
855 2874 953 2952 ipsam
991 2887 1119 2937 mortem

195 2962 309 3030 armat,
339 2963 371 3015 ut
392 2956 442 3015 trio
464 2956 569 3016 videas
590 2955 665 3017 illud
688 2963 816 3037 poetae:
845 2955 940 3018 Neeis
970 2959 1119 3020 artificem

195 3045 261 3098 arte
283 3038 383 3117 perire
405 3059 475 3117 sua,
505 3048 536 3100 et
564 3048 723 3120 peecatum
747 3059 766 3099 a
788 3059 843 3100 suo
866 3039 966 3100 fructu
996 3042 1120 3124 proprio

195 3121 282 3201 perdi
304 3129 336 3182 ct
358 3131 467 3200 morte,
490 3143 579 3202 quam
602 3125 717 3203 genuit,
740 3122 854 3197 occidi,
882 3124 963 3183 sieut
985 3128 1119 3208 viperam

196 3225 215 3264 a
238 3224 296 3265 sua
316 3205 412 3284 prole.

277 3288 345 3349 Hoe
390 3296 437 3348 est
472 3289 707 3369 pulcherrimum
751 3288 960 3368 spectaculum
1010 3294 1118 3366 videre,

195 3372 352 3449 quomodo
382 3380 544 3451 peecatum
575 3394 636 3433 non
668 3373 787 3452 alieno,
824 3372 878 3432 sed
909 3393 968 3435 suo
1000 3377 1119 3459 proprio

195 3474 291 3535 opere
312 3454 457 3535 perditur,
480 3475 535 3515 suo
562 3457 666 3532 gladio
680 3456 832 3536 iugulatur
845 3463 876 3515 et
898 3457 986 3519 velut
1000 3457 1118 3522 Goliut

195 3558 251 3598 suo
286 3538 390 3618 gladio
419 3546 511 3619 caput
539 3539 772 3621 amputatur*).
827 3539 905 3599 Nam
936 3551 970 3602 et
1000 3543 1118 3606 Goliall

194 3620 291 3701 figura
311 3623 367 3681 fuit
387 3624 516 3702 peccati,
540 3623 681 3683 terribilis
703 3626 791 3702 gigas
810 3622 967 3703 omnibus,
992 3635 1117 3710 excepto

265 3810 296 3876 ⁸)
318 3811 342 3863 1.
362 3810 438 3862 sam.
457 3811 500 3866 rr.
