2346 4208
120 260 183 331 256
354 264 448 355 ιιοοοι.
469 267 494 318 Ι..
514 282 597 334 super
614 260 793 335 Propoetiori.

123 449 264 527 dieat¹):
281 443 313 509 si
327 468 390 510 non
403 451 582 511 remiseritis
593 450 768 511 hominibus
779 456 913 531 peccata
929 458 1033 527 soron,

124 553 186 605 ιιοο,
203 534 295 593 Pater
316 539 419 593 vester
440 535 567 593 remittit
589 533 677 594 vobis
699 540 829 613 peccatu
852 540 978 611 vestra3
1001 532 1035 593 lo

124 617 226 695 quitur
256 615 295 674 ad
317 617 479 694 apostolos
502 623 627 676 sanctos
649 615 729 676 lilius
752 617 828 695 Dei,
850 616 957 677 ct-nlri
978 620 1037 677 sunt

124 719 231 760 eorum
264 698 415 793 peccata?
438 699 572 758 venialia
585 700 707 777 quidem
729 707 810 779 sunt,
833 698 890 759 sed
912 696 1039 759 mortalis

124 789 230 860 erunt,
266 782 324 840 nisi
359 783 562 843 remittantur.
606 782 688 843 Sane
715 790 787 842 aunt
822 780 966 877 quidam,
996 778 1059 859 qnl'

124 865 204 925 hano
220 865 391 925 orationem
405 884 461 944 pro
477 866 587 945 poenis
599 873 796 945 peccatorum
812 883 895 926 orari
887 864 1040 945 garriant

125 966 203 1028 quos
229 965 307 1026 opor
308 954 353 1007 tet
366 955 512 1026 tanquam
526 947 611 1007 verbi
625 949 681 1007 Dei
696 948 919 1028 depravatores
930 962 1037 1009 cavero.

125 1031 204 1090 Nam
226 1029 298 1107 quid
323 1029 427 1090 dicent
448 1029 487 1090 ad
509 1031 603 1090 illud:
640 1030 856 1093 Sanctificetur
878 1018 1038 1092 nomento'·

126 1134 193 1189 um,
217 1111 364 1173 adveniat
351 1118 512 1193 tregnum
536 1122 630 1192 tuum,
652 1110 717 1174 fiat
728 1113 875 1174 voluntas
897 1112 970 1174 tua?
989 1111 1039 1171 hoc

127 1196 312 1256 sanctissimi
342 1198 435 1257 etiam
465 1204 570 1273 orant,
598 1203 630 1256 ιιι
656 1196 774 1257 orando
803 1195 990 1258 confitentur
1012 1212 1038 1253 sc

128 1277 266 1339 nondum
292 1278 503 1339 sanctificasse
531 1299 645 1340 nomen
668 1280 742 1356 Dei,
781 1280 921 1341 nondum
947 1280 978 1339 in
1003 1275 1038 1337 οι

129 1366 199 1421 esse
223 1379 351 1440 regnum
375 1362 442 1440 Dei,
466 1381 525 1423 nec
545 1363 690 1423 iustitiam
713 1364 801 1440 eius3
823 1364 879 1425 sed
902 1366 1039 1441 quaerunt

128 1445 188 1504 hac
209 1444 351 1505 oratione
372 1464 499 1525 regnum
515 1445 582 1523 Dei,
604 1453 635 1506 et
648 1447 794 1505 iustitiam
813 1447 891 1523 eius,
913 1442 1037 1506 nondun

127 1544 163 1589 se
175 1527 286 1586 fecisse
299 1529 488 1588 voluntatem
504 1528 570 1591 Dei.
594 1531 635 1588 At
646 1527 724 1588 haec
736 1529 842 1588 omnia
861 1534 934 1589 sunt
946 1526 1037 1588 debita

80 1622 92 1643 ⁸
127 1610 287 1689 culpae‚e
289 1617 560 1689 pteccatacontra
578 1611 678 1691 legem
692 1611 760 1690 Dei,
782 1612 834 1689 qui
848 1611 916 1671 vult
936 1624 1037 1671 noman

127 1712 215 1752 suum
228 1706 367 1753 sanctum
378 1713 457 1773 esse,
469 1696 500 1753 in
512 1694 601 1755 nobis
608 1712 748 1774 regnare,
758 1694 952 1755 voluntatem
962 1708 1036 1753 suan

131 1777 161 1835 in
185 1775 274 1837 nobis
296 1775 372 1836 fieri.
407 1777 473 1837 Neo
495 1777 672 1857 putandum,
695 1775 778 1855 quod
800 1775 873 1837 ficte
895 1783 1006 1839 oretur.

214 1859 316 1933 Quare
338 1860 483 1939 sequitur,
506 1879 614 1920 omnes
636 1879 709 1919 vere
723 1878 822 1936 orare,
845 1866 878 1919 et
899 1876 974 1921 vero
992 1854 1038 1917 siti

129 1943 206 2003 haec
228 1942 339 2002 deesse
354 1942 503 2004 confiteri.
527 1942 622 2002 Etita
636 1949 731 2022 patet,
754 1941 837 2020 quod
859 1942 930 2003 sola
951 1938 1038 2001 ormo

130 2026 293 2086 Dominioa
314 2045 373 2086 nos
396 2025 488 2086 docet
495 2027 649 2104 ,primo,
680 2044 750 2086 esse
771 2044 829 2085 nos
851 2022 1038 2104 quotidiam

131 2116 311 2188 peccatores
330 2116 361 2169 et
381 2071 503 2189 semper
525 2127 670 2188 peccare,
698 2108 810 2169 deinde
838 2114 938 2169 totam
957 2108 1038 2167 vitan

129 2211 200 2252 esse
229 2192 450 2271 poenitentiam
481 2201 511 2251 οι
539 2193 727 2270 orationem,
761 2200 793 2252 et
821 2192 1039 2253 contritionem.

130 2276 179 2334 Ex
201 2294 262 2353 quo
285 2275 411 2336 ulterius
432 2276 569 2354 sequitur
595 2282 669 2335 cont
670 2295 703 2335 ra
731 2275 854 2335 concilii
877 2272 1050 2335 Constanti!

131 2359 214 2421 ensis
238 2358 535 2454 determinationem,
558 2378 681 2418 omnem
703 2364 805 2419 actum
827 2357 965 2419 hominis
983 2370 1040 2419 ortt

131 2442 243 2501 malum
267 2450 356 2502 extra
376 2443 518 2522 gratiam,
540 2440 664 2520 quando
676 2444 768 2502 etiam
790 2448 878 2502 actus
901 2442 1039 2503 iustorm

130 2525 160 2584 in
182 2526 282 2604 gratia
304 2545 365 2585 non
390 2531 437 2585 est
452 2525 560 2601 bonus,
584 2544 642 2585 nec
664 2526 771 2605 implet
789 2523 969 2585 mandatnm
983 2520 1039 2585 od

219 2608 332 2668 Ultimo
367 2608 406 2668 ad
428 2608 489 2668 hoc
511 2619 621 2688 urgent
648 2615 694 2668 tot
721 2607 857 2688 apostoli
878 2607 970 2667 Pauli
997 2622 1039 2667 cx·

130 2691 337 2765 hortationes
371 2699 404 2751 ut
426 2690 644 2753 mortificemus
668 2690 822 2768 membra,
856 2708 938 2769 qnae
959 2704 1040 2769 super

131 2782 241 2835 terram
265 2782 354 2851 sunt,
377 2774 444 2834 Col.
467 2778 505 2851 33
540 2782 572 2834 et
560 2775 673 2835 tfacta
700 2775 815 2852 carnis,
836 2774 927 2835 Rom.
950 2776 1043 2867 8332

130 2877 317 2919 renovemur
338 2858 369 2917 in
392 2858 514 2917 novitat
482 2862 665 2928 aesensu's
685 2859 795 2919 Roma.
820 2858 876 2934 123
898 2864 934 2917 οι
951 2870 1041 2917 omno

130 2960 233 3001 curam
248 2960 310 3001 non
323 2941 489 3000 faciainus
482 2961 513 2999 ιιι
525 2940 720 3001 desideriis
694 2961 769 3020 erus,
782 2941 871 3000 Rom.
888 2944 1042 3018 l3‚0ru(¹·

129 3023 260 3120 figamus
277 3043 400 3084 carnem
424 3043 492 3083 cum
511 3025 778 3104 concupiscentiis,
801 3022 943 3089 Galat.
965 3021 1042 3098 Qus

33 3134 36 3141 ·
130 3110 235 3168 omnia
268 3126 305 3169 eo
340 3107 469 3168 tendunt
494 3108 544 3204 (ut
566 3108 682 3168 clarum
703 3106 785 3189 est),
807 3106 896 3185 quod
928 3103 1042 3169 assidue

130 3191 351 3270 poenitendum
385 3193 442 3267 sit,
477 3193 548 3270 quia
583 3202 744 3270 peccatum
777 3191 892 3251 fomitis
927 3188 1041 3251 assiduo

130 3280 287 3353 movetur,
322 3282 354 3335 ct
374 3293 458 3335 nova
479 3273 631 3334 desideria
650 3277 782 3354 prolert,
814 3293 870 3335 ceu
893 3274 1042 3354 spiumst

130 3357 258 3417 tribulos
281 3366 362 3417 terra
383 3358 548 3418 maledicta
569 3357 718 3419 Genel.

217 3441 328 3501 Cetera
349 3442 380 3500 in
403 3442 599 3502 Resolutorio
622 3441 698 3503 Con.
723 3444 750 3503 1.
772 3442 802 3503 2.
824 3444 906 3507 οι3
929 3448 963 3503 οι
982 3408 1039 3501 con

130 3521 192 3584 Sed
216 3543 274 3584 nec
295 3525 396 3585 adhue
413 3525 503 3584 video
527 3525 614 3584 huius
638 3523 845 3584 conclusionis
868 3524 1038 3585 sententia·

131 3607 329 3669 confutatam.
373 3608 480 3686 Neque
502 3609 582 3668 enim
611 3614 694 3666 tacte
715 3607 771 3668 fuit
792 3606 947 3686 Lipsiae
938 3628 969 3669 ιιι
990 3618 1038 3665 ιιι

131 3689 260 3768 syllaba.
304 3691 419 3768 oium)
444 3692 629 3752 sententiam
654 3691 679 3749 si
702 3709 807 3770 neges,
830 3709 960 3752 necesse
989 3692 1034 3757 ert

145 3778 198 3855 'ri
220 3794 250 3846 in
271 3779 334 3847 tur.
354 3779 445 3862 (11ιρζῖ
459 3779 532 3847 uiri
569 3794 599 3861 ι)
619 3793 703 3845 nra:
722 3792 789 3845 urus
807 3794 903 3848 stram.
