2346 4208
189 270 252 338 498
429 274 557 328 llctcnatc
570 273 645 328 elul.
663 273 881 328 llslmalrtlrcnis

191 459 400 524 Scholasticos
422 460 472 521 vel
493 478 632 522 summae
653 466 763 534 notae,
792 478 904 542 nempe
925 459 1110 542 Ouoenicos,

190 543 339 626 quosdam
361 543 528 605 voluntatis
551 551 637 605 actus
659 551 776 605 tantum
797 544 904 625 recipi.

272 633 308 704 5)
333 626 526 709 Maninus1)
564 629 755 689 oecumenici
789 627 947 689 Pontificis
997 628 1110 688 tutori·

190 720 283 773 tutem
308 717 473 772 veneratur
492 730 530 771 ac
552 719 661 773 tuetur.
689 712 736 772 De
755 713 820 772 iure
841 711 946 773 divino
959 710 1109 792 disputari

190 795 297 874 voluit,
320 794 402 874 quod
423 794 455 854 in
478 813 516 855 eo
539 795 651 874 probat
666 795 778 855 Recine
800 815 840 855 ex
861 794 984 858 Meum:
1006 793 1055 854 Tu
1074 813 1109 854 es

189 879 296 938 Petrus
329 884 360 937 et
393 897 484 957 super
512 877 593 938 hanc
622 886 739 957 petrem
766 884 824 938 etc.
875 877 976 953 Quem
1005 877 1109 937 laeum

190 959 444 1041 quandoquidem·
464 958 513 1021 ‘de
543 960 626 1021 Petri
662 955 794 1041 primatis
833 959 1109 1041 exposuerunt&

190 1044 307 1123 Patres,
327 1043 506 1104 academiae
519 1049 550 1104 et
571 1045 712 1120 concilia,
735 1045 839 1104 valane
861 1044 899 1104 ad
912 1046 1109 1104 autoritatem

190 1127 382 1187 oecumenici
402 1125 559 1187 Pontificis
583 1127 829 1187 constituendam
852 1127 963 1187 Eccius
992 1133 1110 1186 canam

191 1208 251 1273 Sed
272 1210 431 1288 haecque
456 1209 625 1288 modestia,
662 1218 694 1270 et
723 1230 783 1289 qua
804 1208 866 1270 fide
889 1210 1013 1271 diluerit
1032 1209 1109 1280 Mar·

190 1294 272 1356 tium
284 1290 333 1369 1),
365 1311 414 1352 res
434 1294 503 1372 ipsa
526 1292 693 1354 declarabit
719 1293 803 1353 olim.
845 1293 962 1354 Tamen
984 1291 1109 1372 quiando

190 1375 302 1439 mnus
329 1383 504 1436 sauctorum
532 1385 650 1456 patrum
679 1378 874 1437 autoritatem
902 1384 966 1437 tam
992 1376 1112 1437 fortiter

190 1461 285 1520 iactat
306 1467 337 1520 et
357 1460 389 1519 in
412 1461 457 1520 eis
480 1478 566 1540 spem
591 1478 713 1520 omnem
735 1461 825 1540 ponit
846 1461 1008 1538 victoriae,
1040 1458 1111 1520 vida

191 1541 263 1623 quid
285 1541 408 1605 efficiat.
506 1569 512 1579 ·

272 1625 405 1686 Primum
428 1644 490 1685 non
514 1631 561 1685 est
587 1623 672 1686 cordi
696 1623 769 1684 mibi
795 1627 975 1704 cuiusquam
995 1626 1109 1687 autori·
1156 1638 1163 1659 ⁸

161 1710 245 1770 -tati
268 1708 433 1790 quidquam
456 1706 617 1788 derogare,
639 1727 770 1768 veneror
792 1718 824 1768 et
837 1707 933 1769 adoro
950 1715 998 1769 tot
1009 1709 1110 1769 ecclc·

191 1793 257 1853 siae
282 1792 398 1852 lumina
428 1786 647 1852 celeberrimos
676 1790 814 1851 vindices
836 1791 1029 1855 Obriatimw
1058 1791 1110 1853 do-

192 1877 318 1937 ctrinae.
361 1875 481 1935 Deinde
502 1884 577 1954 puto
600 1893 663 1935 non
687 1881 802 1934 temere
824 1873 899 1951 fieri,
921 1874 1021 1935 sicubi
1044 1893 1110 1936 sen·

191 1959 293 2020 tentiia
315 1957 345 2018 Β.
368 1958 473 2017 Patres
492 1959 628 2036 variant,
663 1957 923 2037 quemadmodum
946 1957 1045 2036 colet,
1080 1965 1112 2018 ut

190 2041 292 2103 iudice
313 2039 469 2121 Scriptura
491 2043 552 2101 reci
575 2043 706 2116 lentur,
729 2059 794 2101 non
814 2042 967 2120 ipsorum,
997 2061 1111 2122 nempe

192 2123 379 2186 variantibus
395 2124 525 2202 iudiciis,
548 2061 703 2204 &criptura
715 2125 776 2183 vim
799 2126 942 2203 patiatur.
965 2122 1110 2196 Qmandu-

193 2208 324 2287 qnidemv
343 2226 423 2266 uuus
451 2205 560 2286 aliquis
590 2214 622 2267 et
649 2206 781 2286 simplex
806 2206 981 2287 Scripturae
1001 2226 1111 2268 aeneus

192 2299 255 2365 ast,
277 2297 310 2349 ut
331 2297 363 2350 et
383 2290 526 2351 coelestis
549 2291 662 2350 veritas
684 2291 912 2369 simplicissima
932 2297 997 2368 eat,
1017 2309 1110 2370 quem

192 2373 314 2435 collatis
345 2373 508 2453 Scripturis
543 2392 562 2432 e
590 2372 644 2433 filo
670 2373 826 2452 ductuque
858 2374 1006 2434 orationis
1041 2374 1112 2435 licet

191 2457 325 2535 assequi.
378 2457 413 2516 ln
447 2456 508 2516 boc
539 2457 620 2516 enim
658 2456 798 2516 iubemur
831 2455 1043 2536 philosophari
1079 2460 1111 2518 in

192 2539 354 2620 Scripturia
369 2538 536 2616 divinis²],
559 2548 591 2599 ut
612 2539 770 2599 bominum
783 2541 951 2599 sententias
973 2539 1111 2601 decreta·

192 2642 252 2703 que
283 2623 322 2682 ad
350 2624 433 2702 ipsas
466 2640 521 2683 ceu
550 2622 590 2682 ad
611 2617 738 2701 ijdium
774 2622 906 2701 lapidem
940 2620 1111 2703 exigamus.

193 2705 311 2766 Deinde
344 2713 377 2765 ut
410 2707 535 2766 omnino
574 2705 612 2765 ad
646 2704 825 2764 iudicandas
854 2705 1028 2784 Scripturas
1060 2707 1112 2767 ad·

192 2788 317 2852 bibendi
339 2791 399 2848 sint
422 2788 452 2850 S.
465 2789 582 2866 Patres,
605 2790 700 2849 satius
723 2797 831 2849 estex
853 2790 900 2848 bia
922 2789 1000 2849 locis
1013 2788 1111 2871 Scrip-

192 2881 278 2935 turae
307 2873 492 2933 sententiam
525 2871 689 2953 colligere,
723 2871 774 2931 ubi
801 2871 862 2931 boc
882 2873 981 2950 ipsum
1007 2881 1113 2952 agunt,

193 2963 226 3017 ut
247 2962 407 3033 enarrent,
435 2974 526 3034 quam
549 2956 602 3031 iia,
640 2956 689 3015 ubi
712 2954 762 3015 vel
784 2954 1025 3032 rhetoricantur,
1064 2957 1112 3016 vel

192 3039 352 3100 affectibus
376 3040 439 3098 suis
461 3057 645 3118 quocunque
668 3037 760 3098 modo
784 3037 953 3117 indulgent.
998 3036 1112 3112 Quem-

192 3123 358 3186 admodum
394 3122 455 3182 hoc
488 3130 519 3182 et
554 3123 610 3202 ipsi
639 3122 702 3182 fere
724 3123 907 3200 experimur,
938 3123 1023 3182 varie
1055 3142 1113 3184 nos

193 3205 379 3286 Scriptorum
401 3206 583 3286 intelligere,
607 3206 677 3284 quia
700 3203 954 3283 varieafflcimur,
976 3206 1038 3265 iam
1054 3207 1114 3285 hic,

191 3291 253 3352 iam
275 3290 328 3350 ille
338 3289 451 3350 arridet
472 3296 591 3364 sensus,
613 3289 684 3366 quia
697 3307 758 3367 quo
782 3288 1008 3369 quemquam²l
1034 3292 1115 3370 rapit

192 3373 337 3450 affectus,
358 3374 389 3433 in
413 3371 444 3433 id
466 3371 631 3449 incumbit,
659 3373 690 3431 in
717 3391 757 3431 eo
779 3391 814 3432 se
836 3371 995 3450 multiplici
1017 3375 1113 3433 animi

193 3457 381 3538 cogitatione
397 3456 544 3530 oblectat,
568 3463 599 3515 at
622 3463 654 3515 ut
668 3455 803 3535 polypus
817 3457 989 3534 cuicunque
1006 3463 1114 3535 petrae

193 3540 377 3619 adhaeserit,
399 3542 464 3600 eius
486 3539 623 3600 colorem
645 3540 789 3618 imitatur,
811 3540 854 3600 ita
874 3558 943 3618 nos,
966 3559 1113 3619 quorsum

193 3658 611 3670 ——..-—...-—...-.—-„—--

195 3774 199 3784 .
233 3762 237 3773 ‹
264 3731 296 3798 1)
318 3732 347 3783 In
368 3729 409 3784 ed.
429 3731 502 3783 len:
526 3729 669 3797 Lntberus,
721 3729 753 3797 2)
776 3729 863 3783 lbid.:
892 3727 998 3782 discere
1025 3727 1114 3802 Scrip-

192 3808 268 3861 turas
288 3803 405 3857 divinas.
449 3802 482 3867 3)
502 3802 562 3855 lbid
580 3818 585 3852 :
605 3817 752 3871 quamque.
811 3845 825 3852 ..
