<?xml version="1.0" encoding="UTF-8"?>
<!DOCTYPE html PUBLIC "-//W3C//DTD XHTML 1.0 Transitional//EN"
    "http://www.w3.org/TR/xhtml1/DTD/xhtml1-transitional.dtd">
<html xmlns="http://www.w3.org/1999/xhtml" xml:lang="en" lang="en">
 <head>
  <title>
</title>
<meta http-equiv="Content-Type" content="text/html;charset=utf-8" />
  <meta name='ocr-system' content='tesseract 3.04.00' />
  <meta name='ocr-capabilities' content='ocr_page ocr_carea ocr_par ocr_line ocrx_word'/>
</head>
<body>
  <div class='ocr_page' id='page_1' title='image "./dmartinilutheri04luthgoog_0769.png"; bbox 0 0 2346 4208; ppageno 0'>
   <div class='ocr_carea' id='block_1_1' title="bbox 190 256 786 322">
    <p class='ocr_par' dir='ltr' id='par_1_1' title="bbox 190 256 786 322">
     <span class='ocr_line' id='line_1_1' title="bbox 190 256 786 322; baseline 0 -12"><span class='ocrx_word' id='word_1_1' title='bbox 190 256 257 322; x_wconf 68' lang='lat' dir='ltr'>2ss</span> <span class='ocrx_word' id='word_1_2' title='bbox 510 256 786 311; x_wconf 60' lang='lat' dir='ltr'>mutini</span> 
     </span>
    </p>
   </div>
   <div class='ocr_carea' id='block_1_2' title="bbox 192 443 1123 3436">
    <p class='ocr_par' dir='ltr' id='par_1_2' title="bbox 192 443 1120 1524">
     <span class='ocr_line' id='line_1_2' title="bbox 193 443 1116 526; baseline 0.001 -20"><span class='ocrx_word' id='word_1_3' title='bbox 193 446 296 507; x_wconf 84' lang='lat' dir='ltr'>donea</span> <span class='ocrx_word' id='word_1_4' title='bbox 315 443 556 526; x_wconf 78' lang='lat' dir='ltr'>perltsiatur¹).</span> <span class='ocrx_word' id='word_1_5' title='bbox 596 444 684 505; x_wconf 76' lang='lat' dir='ltr'>llaee</span> <span class='ocrx_word' id='word_1_6' title='bbox 704 446 786 504; x_wconf 84' lang='lat' dir='ltr'>euim</span> <span class='ocrx_word' id='word_1_7' title='bbox 815 447 896 523; x_wconf 79' lang='lat' dir='ltr'>rita,</span> <span class='ocrx_word' id='word_1_8' title='bbox 923 447 1059 525; x_wconf 73' lang='lat' dir='ltr'>iustit‘u,</span> <span class='ocrx_word' id='word_1_9' title='bbox 1088 453 1116 507; x_wconf 85' lang='lat' dir='ltr'>at</span> 
     </span>
     <span class='ocr_line' id='line_1_3' title="bbox 193 527 1114 610; baseline 0.001 -21"><span class='ocrx_word' id='word_1_10' title='bbox 193 529 277 589; x_wconf 70' lang='lat' dir='ltr'>aulus</span> <span class='ocrx_word' id='word_1_11' title='bbox 298 531 365 588; x_wconf 86' lang='lat' dir='ltr'>eius</span> <span class='ocrx_word' id='word_1_12' title='bbox 386 537 444 604; x_wconf 85' lang='lat' dir='ltr'>est,</span> <span class='ocrx_word' id='word_1_13' title='bbox 464 547 629 609; x_wconf 85' lang='lat' dir='ltr'>personam</span> <span class='ocrx_word' id='word_1_14' title='bbox 650 529 749 608; x_wconf 79' lang='lat' dir='ltr'>ipsam</span> <span class='ocrx_word' id='word_1_15' title='bbox 761 547 891 588; x_wconf 82' lang='lat' dir='ltr'>servans</span> <span class='ocrx_word' id='word_1_16' title='bbox 911 538 945 589; x_wconf 80' lang='lat' dir='ltr'>at</span> <span class='ocrx_word' id='word_1_17' title='bbox 965 527 1114 610; x_wconf 54' lang='grc' dir='ltr'><strong>ἔκη’)</strong></span> 
     </span>
     <span class='ocr_line' id='line_1_4' title="bbox 193 610 1118 692; baseline 0 -19"><span class='ocrx_word' id='word_1_18' title='bbox 193 613 320 688; x_wconf 74' lang='lat' dir='ltr'>iaciens,</span> <span class='ocrx_word' id='word_1_19' title='bbox 342 614 508 691; x_wconf 82' lang='lat' dir='ltr'>omniaque</span> <span class='ocrx_word' id='word_1_20' title='bbox 529 610 678 685; x_wconf 73' lang='lat' dir='ltr'>tribuens,</span> <span class='ocrx_word' id='word_1_21' title='bbox 699 631 780 690; x_wconf 84' lang='lat' dir='ltr'>quae</span> <span class='ocrx_word' id='word_1_22' title='bbox 801 611 944 672; x_wconf 83' lang='lat' dir='ltr'>Christus</span> <span class='ocrx_word' id='word_1_23' title='bbox 963 612 1069 692; x_wconf 81' lang='lat' dir='ltr'>habet,</span> <span class='ocrx_word' id='word_1_24' title='bbox 1087 620 1118 673; x_wconf 84' lang='lat' dir='ltr'>rt</span> 
     </span>
     <span class='ocr_line' id='line_1_5' title="bbox 195 695 1117 775; baseline 0.002 -21"><span class='ocrx_word' id='word_1_25' title='bbox 195 695 425 775; x_wconf 67' lang='lat' dir='ltr'>supradictum</span> <span class='ocrx_word' id='word_1_26' title='bbox 449 705 513 771; x_wconf 85' lang='lat' dir='ltr'>est,</span> <span class='ocrx_word' id='word_1_27' title='bbox 541 704 573 755; x_wconf 86' lang='lat' dir='ltr'>et</span> <span class='ocrx_word' id='word_1_28' title='bbox 594 695 708 755; x_wconf 80' lang='lat' dir='ltr'>Paulus</span> <span class='ocrx_word' id='word_1_29' title='bbox 728 695 798 756; x_wconf 84' lang='lat' dir='ltr'>Gal.</span> <span class='ocrx_word' id='word_1_30' title='bbox 820 699 850 758; x_wconf 91' lang='lat'>1.</span> <span class='ocrx_word' id='word_1_31' title='bbox 872 695 1061 774; x_wconf 76' lang='lat' dir='ltr'>eunlirmut,</span> <span class='ocrx_word' id='word_1_32' title='bbox 1078 695 1117 756; x_wconf 75' lang='lat' dir='ltr'>di</span> 
     </span>
     <span class='ocr_line' id='line_1_6' title="bbox 194 777 1118 855; baseline 0.001 -16"><span class='ocrx_word' id='word_1_33' title='bbox 194 797 282 839; x_wconf 86' lang='lat' dir='ltr'>eens:</span> <span class='ocrx_word' id='word_1_34' title='bbox 322 777 416 853; x_wconf 83' lang='lat' dir='ltr'>Quod</span> <span class='ocrx_word' id='word_1_35' title='bbox 436 788 539 838; x_wconf 87' lang='lat' dir='ltr'>autem</span> <span class='ocrx_word' id='word_1_36' title='bbox 559 780 593 837; x_wconf 93' lang='lat' dir='ltr'>in</span> <span class='ocrx_word' id='word_1_37' title='bbox 613 797 707 838; x_wconf 82' lang='lat' dir='ltr'>earne</span> <span class='ocrx_word' id='word_1_38' title='bbox 728 781 819 855; x_wconf 81' lang='lat' dir='ltr'>viro,</span> <span class='ocrx_word' id='word_1_39' title='bbox 848 779 881 839; x_wconf 90' lang='lat' dir='ltr'>in</span> <span class='ocrx_word' id='word_1_40' title='bbox 901 778 967 839; x_wconf 80' lang='lat' dir='ltr'>fide</span> <span class='ocrx_word' id='word_1_41' title='bbox 988 778 1045 839; x_wconf 87' lang='lat' dir='ltr'>filii</span> <span class='ocrx_word' id='word_1_42' title='bbox 1065 779 1118 840; x_wconf 73' lang='lat' dir='ltr'>Du’</span> 
     </span>
     <span class='ocr_line' id='line_1_7' title="bbox 194 860 1118 943; baseline 0.001 -22"><span class='ocrx_word' id='word_1_43' title='bbox 194 865 277 922; x_wconf 82' lang='lat' dir='ltr'>viro.</span> <span class='ocrx_word' id='word_1_44' title='bbox 317 862 358 921; x_wconf 77' lang='lat' dir='ltr'>lit</span> <span class='ocrx_word' id='word_1_45' title='bbox 379 881 565 941; x_wconf 84' lang='lat' dir='ltr'>quamquam</span> <span class='ocrx_word' id='word_1_46' title='bbox 588 862 633 920; x_wconf 83' lang='lat' dir='ltr'>sie</span> <span class='ocrx_word' id='word_1_47' title='bbox 654 860 732 922; x_wconf 80' lang='lat' dir='ltr'>liber</span> <span class='ocrx_word' id='word_1_48' title='bbox 752 868 801 921; x_wconf 84' lang='lat' dir='ltr'>ast</span> <span class='ocrx_word' id='word_1_49' title='bbox 821 861 862 922; x_wconf 85' lang='lat' dir='ltr'>ab</span> <span class='ocrx_word' id='word_1_50' title='bbox 882 860 1031 922; x_wconf 82' lang='lat' dir='ltr'>omnibns</span> <span class='ocrx_word' id='word_1_51' title='bbox 1052 881 1118 943; x_wconf 83' lang='lat' dir='ltr'>ope·</span> 
     </span>
     <span class='ocr_line' id='line_1_8' title="bbox 194 943 1118 1021; baseline 0.003 -17"><span class='ocrx_word' id='word_1_52' title='bbox 194 944 293 1021; x_wconf 88' lang='lat' dir='ltr'>ribus,</span> <span class='ocrx_word' id='word_1_53' title='bbox 327 943 421 1004; x_wconf 88' lang='lat' dir='ltr'>debet</span> <span class='ocrx_word' id='word_1_54' title='bbox 454 954 558 1005; x_wconf 87' lang='lat' dir='ltr'>tamen</span> <span class='ocrx_word' id='word_1_55' title='bbox 579 964 684 1004; x_wconf 84' lang='lat' dir='ltr'>rursus</span> <span class='ocrx_word' id='word_1_56' title='bbox 704 965 740 1005; x_wconf 88' lang='lat' dir='ltr'>se</span> <span class='ocrx_word' id='word_1_57' title='bbox 760 946 921 1005; x_wconf 79' lang='lat' dir='ltr'>exinanire</span> <span class='ocrx_word' id='word_1_58' title='bbox 951 945 1016 1006; x_wconf 77' lang='lat' dir='ltr'>hae</span> <span class='ocrx_word' id='word_1_59' title='bbox 1033 944 1118 1007; x_wconf 82' lang='lat' dir='ltr'>liber·</span> 
     </span>
     <span class='ocr_line' id='line_1_9' title="bbox 194 1026 1118 1107; baseline 0.002 -20"><span class='ocrx_word' id='word_1_60' title='bbox 194 1027 315 1103; x_wconf 75' lang='lat' dir='ltr'>rste2),</span> <span class='ocrx_word' id='word_1_61' title='bbox 335 1026 467 1088; x_wconf 80' lang='lat' dir='ltr'>formam</span> <span class='ocrx_word' id='word_1_62' title='bbox 489 1029 573 1088; x_wconf 81' lang='lat' dir='ltr'>sarri</span> <span class='ocrx_word' id='word_1_63' title='bbox 594 1030 747 1107; x_wconf 74' lang='lat' dir='ltr'>accipere,</span> <span class='ocrx_word' id='word_1_64' title='bbox 767 1029 798 1087; x_wconf 94' lang='lat' dir='ltr'>in</span> <span class='ocrx_word' id='word_1_65' title='bbox 814 1027 1048 1088; x_wconf 85' lang='lat' dir='ltr'>similitudinem</span> <span class='ocrx_word' id='word_1_66' title='bbox 1069 1029 1118 1089; x_wconf 73' lang='lat' dir='ltr'>he</span> 
     </span>
     <span class='ocr_line' id='line_1_10' title="bbox 195 1109 1119 1190; baseline 0.003 -21"><span class='ocrx_word' id='word_1_67' title='bbox 195 1112 309 1173; x_wconf 88' lang='lat' dir='ltr'>minum</span> <span class='ocrx_word' id='word_1_68' title='bbox 331 1109 406 1186; x_wconf 81' lang='lat' dir='ltr'>lieri,</span> <span class='ocrx_word' id='word_1_69' title='bbox 430 1120 462 1170; x_wconf 91' lang='lat' dir='ltr'>et</span> <span class='ocrx_word' id='word_1_70' title='bbox 482 1110 587 1171; x_wconf 88' lang='lat' dir='ltr'>habitu</span> <span class='ocrx_word' id='word_1_71' title='bbox 608 1113 739 1171; x_wconf 78' lang='lat' dir='ltr'>inveniri</span> <span class='ocrx_word' id='word_1_72' title='bbox 760 1119 793 1170; x_wconf 95' lang='lat' dir='ltr'>ut</span> <span class='ocrx_word' id='word_1_73' title='bbox 814 1111 927 1190; x_wconf 84' lang='lat' dir='ltr'>homo,</span> <span class='ocrx_word' id='word_1_74' title='bbox 948 1113 1067 1172; x_wconf 82' lang='lat' dir='ltr'>servire</span> <span class='ocrx_word' id='word_1_75' title='bbox 1077 1110 1119 1188; x_wconf 83' lang='lat'>⁴),</span> 
     </span>
     <span class='ocr_line' id='line_1_11' title="bbox 192 1193 1120 1275; baseline 0.003 -23"><span class='ocrx_word' id='word_1_76' title='bbox 192 1193 350 1271; x_wconf 80' lang='lat' dir='ltr'>adiuvare,</span> <span class='ocrx_word' id='word_1_77' title='bbox 371 1202 403 1254; x_wconf 87' lang='lat' dir='ltr'>et</span> <span class='ocrx_word' id='word_1_78' title='bbox 414 1193 595 1254; x_wconf 87' lang='lat' dir='ltr'>omnimodo</span> <span class='ocrx_word' id='word_1_79' title='bbox 616 1213 686 1254; x_wconf 85' lang='lat' dir='ltr'>enm</span> <span class='ocrx_word' id='word_1_80' title='bbox 704 1196 846 1274; x_wconf 86' lang='lat' dir='ltr'>proximo</span> <span class='ocrx_word' id='word_1_81' title='bbox 859 1213 918 1255; x_wconf 88' lang='lat' dir='ltr'>suo</span> <span class='ocrx_word' id='word_1_82' title='bbox 935 1213 1044 1275; x_wconf 74' lang='lat' dir='ltr'>agere,</span> <span class='ocrx_word' id='word_1_83' title='bbox 1066 1196 1120 1255; x_wconf 79' lang='lat' dir='ltr'>sie·</span> 
     </span>
     <span class='ocr_line' id='line_1_12' title="bbox 194 1275 1119 1358; baseline 0.004 -23"><span class='ocrx_word' id='word_1_84' title='bbox 194 1285 230 1336; x_wconf 91' lang='lat' dir='ltr'>ut</span> <span class='ocrx_word' id='word_1_85' title='bbox 256 1275 340 1336; x_wconf 83' lang='lat' dir='ltr'>videt</span> <span class='ocrx_word' id='word_1_86' title='bbox 370 1296 475 1338; x_wconf 86' lang='lat' dir='ltr'>seeum</span> <span class='ocrx_word' id='word_1_87' title='bbox 505 1284 608 1338; x_wconf 82' lang='lat' dir='ltr'>aetum</span> <span class='ocrx_word' id='word_1_88' title='bbox 628 1287 660 1337; x_wconf 86' lang='lat' dir='ltr'>et</span> <span class='ocrx_word' id='word_1_89' title='bbox 680 1278 731 1358; x_wconf 78' lang='lat' dir='ltr'>agi</span> <span class='ocrx_word' id='word_1_90' title='bbox 752 1297 772 1337; x_wconf 90' lang='lat' dir='ltr'>a</span> <span class='ocrx_word' id='word_1_91' title='bbox 789 1277 859 1338; x_wconf 83' lang='lat' dir='ltr'>Deo</span> <span class='ocrx_word' id='word_1_92' title='bbox 879 1297 937 1357; x_wconf 86' lang='lat' dir='ltr'>per</span> <span class='ocrx_word' id='word_1_93' title='bbox 956 1278 1119 1354; x_wconf 73' lang='lat' dir='ltr'>chrisma,</span> 
     </span>
     <span class='ocr_line' id='line_1_13' title="bbox 194 1359 1115 1440; baseline 0.005 -22"><span class='ocrx_word' id='word_1_94' title='bbox 194 1368 226 1418; x_wconf 86' lang='lat' dir='ltr'>et</span> <span class='ocrx_word' id='word_1_95' title='bbox 246 1359 308 1419; x_wconf 85' lang='lat' dir='ltr'>hoe</span> <span class='ocrx_word' id='word_1_96' title='bbox 327 1361 428 1439; x_wconf 86' lang='lat' dir='ltr'>ipsum</span> <span class='ocrx_word' id='word_1_97' title='bbox 449 1363 560 1440; x_wconf 84' lang='lat' dir='ltr'>gratis,</span> <span class='ocrx_word' id='word_1_98' title='bbox 581 1360 730 1439; x_wconf 89' lang='lat' dir='ltr'>nulloque</span> <span class='ocrx_word' id='word_1_99' title='bbox 749 1367 910 1440; x_wconf 80' lang='lat' dir='ltr'>respectu,</span> <span class='ocrx_word' id='word_1_100' title='bbox 938 1361 1002 1421; x_wconf 91' lang='lat' dir='ltr'>nisi</span> <span class='ocrx_word' id='word_1_101' title='bbox 1023 1360 1115 1423; x_wconf 84' lang='lat' dir='ltr'>divini</span> 
     </span>
     <span class='ocr_line' id='line_1_14' title="bbox 195 1441 608 1524; baseline 0.005 -22"><span class='ocrx_word' id='word_1_102' title='bbox 195 1441 316 1522; x_wconf 82' lang='lat' dir='ltr'>placiti,</span> <span class='ocrx_word' id='word_1_103' title='bbox 338 1445 432 1503; x_wconf 88' lang='lat' dir='ltr'>etita</span> <span class='ocrx_word' id='word_1_104' title='bbox 453 1446 608 1524; x_wconf 77' lang='lat' dir='ltr'>cogitare:</span> 
     </span>
    </p>

    <p class='ocr_par' dir='ltr' id='par_1_3' title="bbox 194 1524 1122 2749">
     <span class='ocr_line' id='line_1_15' title="bbox 277 1524 1120 1607; baseline 0.005 -23"><span class='ocrx_word' id='word_1_105' title='bbox 277 1524 324 1585; x_wconf 80' lang='lat' dir='ltr'>En</span> <span class='ocrx_word' id='word_1_106' title='bbox 348 1526 421 1586; x_wconf 88' lang='lat' dir='ltr'>mihi</span> <span class='ocrx_word' id='word_1_107' title='bbox 440 1526 568 1607; x_wconf 87' lang='lat' dir='ltr'>indigno</span> <span class='ocrx_word' id='word_1_108' title='bbox 582 1526 793 1604; x_wconf 86' lang='lat' dir='ltr'>damnatoque</span> <span class='ocrx_word' id='word_1_109' title='bbox 813 1525 1030 1604; x_wconf 77' lang='lat' dir='ltr'><strong>homuncioni,</strong></span> <span class='ocrx_word' id='word_1_110' title='bbox 1050 1529 1120 1588; x_wconf 74' lang='lat' dir='ltr'>eitra</span> 
     </span>
     <span class='ocr_line' id='line_1_16' title="bbox 195 1609 1122 1690; baseline 0.003 -22"><span class='ocrx_word' id='word_1_111' title='bbox 195 1628 287 1669; x_wconf 86' lang='lat' dir='ltr'>omne</span> <span class='ocrx_word' id='word_1_112' title='bbox 311 1612 463 1686; x_wconf 88' lang='lat' dir='ltr'>meritum,</span> <span class='ocrx_word' id='word_1_113' title='bbox 485 1630 570 1670; x_wconf 87' lang='lat' dir='ltr'>mera</span> <span class='ocrx_word' id='word_1_114' title='bbox 587 1612 782 1690; x_wconf 83' lang='lat' dir='ltr'>gratuitaque</span> <span class='ocrx_word' id='word_1_115' title='bbox 796 1609 1021 1689; x_wconf 80' lang='lat' dir='ltr'>miserieordia,</span> <span class='ocrx_word' id='word_1_116' title='bbox 1041 1609 1122 1671; x_wconf 83' lang='lat' dir='ltr'>dedit</span> 
     </span>
     <span class='ocr_line' id='line_1_17' title="bbox 194 1691 1122 1754; baseline 0.003 -2"><span class='ocrx_word' id='word_1_117' title='bbox 194 1691 278 1752; x_wconf 84' lang='lat' dir='ltr'>Deus</span> <span class='ocrx_word' id='word_1_118' title='bbox 300 1712 387 1753; x_wconf 90' lang='lat' dir='ltr'>meus</span> <span class='ocrx_word' id='word_1_119' title='bbox 405 1695 438 1752; x_wconf 90' lang='lat' dir='ltr'>in</span> <span class='ocrx_word' id='word_1_120' title='bbox 460 1692 582 1752; x_wconf 79' lang='lat' dir='ltr'>Christo</span> <span class='ocrx_word' id='word_1_121' title='bbox 604 1712 714 1753; x_wconf 87' lang='lat' dir='ltr'>omnes</span> <span class='ocrx_word' id='word_1_122' title='bbox 728 1691 851 1753; x_wconf 85' lang='lat' dir='ltr'>divitias</span> <span class='ocrx_word' id='word_1_123' title='bbox 872 1693 1012 1754; x_wconf 84' lang='lat' dir='ltr'>iustitiae</span> <span class='ocrx_word' id='word_1_124' title='bbox 1033 1702 1066 1754; x_wconf 89' lang='lat' dir='ltr'>et</span> <span class='ocrx_word' id='word_1_125' title='bbox 1079 1713 1122 1754; x_wconf 78' lang='lat' dir='ltr'>ss-</span> 
     </span>
     <span class='ocr_line' id='line_1_18' title="bbox 195 1774 1121 1856; baseline 0.003 -22"><span class='ocrx_word' id='word_1_126' title='bbox 195 1774 284 1853; x_wconf 85' lang='lat' dir='ltr'>lntis‚</span> <span class='ocrx_word' id='word_1_127' title='bbox 322 1787 353 1835; x_wconf 90' lang='lat' dir='ltr'>nt</span> <span class='ocrx_word' id='word_1_128' title='bbox 376 1775 509 1856; x_wconf 86' lang='lat' dir='ltr'>amplius</span> <span class='ocrx_word' id='word_1_129' title='bbox 541 1775 627 1836; x_wconf 86' lang='lat' dir='ltr'>nulla</span> <span class='ocrx_word' id='word_1_130' title='bbox 647 1797 681 1838; x_wconf 84' lang='lat' dir='ltr'>ra</span> <span class='ocrx_word' id='word_1_131' title='bbox 702 1795 828 1856; x_wconf 86' lang='lat' dir='ltr'>prorsus</span> <span class='ocrx_word' id='word_1_132' title='bbox 848 1774 1028 1856; x_wconf 80' lang='lat' dir='ltr'>indigeam,</span> <span class='ocrx_word' id='word_1_133' title='bbox 1066 1777 1121 1837; x_wconf 74' lang='lat' dir='ltr'>nis&#39;</span> 
     </span>
     <span class='ocr_line' id='line_1_19' title="bbox 195 1855 1119 1940; baseline 0.003 -23"><span class='ocrx_word' id='word_1_134' title='bbox 195 1855 272 1934; x_wconf 85' lang='lat' dir='ltr'>ilde,</span> <span class='ocrx_word' id='word_1_135' title='bbox 308 1878 389 1938; x_wconf 90' lang='lat' dir='ltr'>quae</span> <span class='ocrx_word' id='word_1_136' title='bbox 410 1859 532 1935; x_wconf 84' lang='lat' dir='ltr'>eredat,</span> <span class='ocrx_word' id='word_1_137' title='bbox 566 1859 628 1918; x_wconf 85' lang='lat' dir='ltr'>hoe</span> <span class='ocrx_word' id='word_1_138' title='bbox 655 1878 690 1918; x_wconf 85' lang='lat' dir='ltr'>ae</span> <span class='ocrx_word' id='word_1_139' title='bbox 711 1861 756 1919; x_wconf 84' lang='lat' dir='ltr'>aie</span> <span class='ocrx_word' id='word_1_140' title='bbox 776 1858 902 1919; x_wconf 86' lang='lat' dir='ltr'>habere.</span> <span class='ocrx_word' id='word_1_141' title='bbox 944 1857 1028 1920; x_wconf 76' lang='lat' dir='ltr'>fluia</span> <span class='ocrx_word' id='word_1_142' title='bbox 1048 1877 1119 1940; x_wconf 73' lang='lat' dir='ltr'>argu</span> 
     </span>
     <span class='ocr_line' id='line_1_20' title="bbox 196 1940 1121 2020; baseline 0.003 -20"><span class='ocrx_word' id='word_1_143' title='bbox 196 1942 250 2000; x_wconf 86' lang='lat' dir='ltr'>tali</span> <span class='ocrx_word' id='word_1_144' title='bbox 276 1941 376 2015; x_wconf 86' lang='lat' dir='ltr'>Patri,</span> <span class='ocrx_word' id='word_1_145' title='bbox 394 1944 460 2020; x_wconf 91' lang='lat' dir='ltr'>·qui</span> <span class='ocrx_word' id='word_1_146' title='bbox 481 1962 531 2002; x_wconf 88' lang='lat' dir='ltr'>me</span> <span class='ocrx_word' id='word_1_147' title='bbox 554 1944 618 2002; x_wconf 91' lang='lat' dir='ltr'>suis</span> <span class='ocrx_word' id='word_1_148' title='bbox 639 1941 687 2002; x_wconf 92' lang='lat' dir='ltr'>his</span> <span class='ocrx_word' id='word_1_149' title='bbox 708 1940 989 2003; x_wconf 74' lang='lat' dir='ltr'>inaestimabilibus</span> <span class='ocrx_word' id='word_1_150' title='bbox 1011 1942 1121 2003; x_wconf 82' lang='lat' dir='ltr'>divitiis</span> 
     </span>
     <span class='ocr_line' id='line_1_21' title="bbox 195 2022 1121 2105; baseline 0.003 -21"><span class='ocrx_word' id='word_1_151' title='bbox 195 2023 313 2105; x_wconf 85' lang='lat' dir='ltr'>obruit,</span> <span class='ocrx_word' id='word_1_152' title='bbox 348 2044 403 2084; x_wconf 88' lang='lat' dir='ltr'>eur</span> <span class='ocrx_word' id='word_1_153' title='bbox 423 2045 486 2084; x_wconf 85' lang='lat' dir='ltr'>non</span> <span class='ocrx_word' id='word_1_154' title='bbox 521 2022 703 2103; x_wconf 66' lang='lat' dir='ltr'>liberaliter,</span> <span class='ocrx_word' id='word_1_155' title='bbox 737 2025 889 2103; x_wconf 77' lang='lat' dir='ltr'>hilariter,</span> <span class='ocrx_word' id='word_1_156' title='bbox 924 2031 995 2086; x_wconf 81' lang='lat' dir='ltr'>tou&gt;</span> <span class='ocrx_word' id='word_1_157' title='bbox 1031 2025 1121 2087; x_wconf 76' lang='lat' dir='ltr'>eorde</span> 
     </span>
     <span class='ocr_line' id='line_1_22' title="bbox 195 2108 1121 2188; baseline 0.006 -24"><span class='ocrx_word' id='word_1_158' title='bbox 195 2115 432 2186; x_wconf 79' lang='lat' dir='ltr'>spontaneoque</span> <span class='ocrx_word' id='word_1_159' title='bbox 466 2108 569 2169; x_wconf 86' lang='lat' dir='ltr'>studio</span> <span class='ocrx_word' id='word_1_160' title='bbox 603 2111 710 2168; x_wconf 88' lang='lat' dir='ltr'>omnia</span> <span class='ocrx_word' id='word_1_161' title='bbox 748 2108 876 2186; x_wconf 79' lang='lat' dir='ltr'>faciam,</span> <span class='ocrx_word' id='word_1_162' title='bbox 917 2127 1121 2188; x_wconf 79' lang='lat' dir='ltr'>quaeeunque</span> 
     </span>
     <span class='ocr_line' id='line_1_23' title="bbox 198 2190 1120 2271; baseline 0.007 -23"><span class='ocrx_word' id='word_1_163' title='bbox 198 2192 299 2250; x_wconf 81' lang='lat' dir='ltr'>suiero</span> <span class='ocrx_word' id='word_1_164' title='bbox 324 2190 438 2270; x_wconf 80' lang='lat' dir='ltr'>placita</span> <span class='ocrx_word' id='word_1_165' title='bbox 466 2201 498 2251; x_wconf 87' lang='lat' dir='ltr'>et</span> <span class='ocrx_word' id='word_1_166' title='bbox 518 2199 606 2271; x_wconf 84' lang='lat' dir='ltr'>grata</span> <span class='ocrx_word' id='word_1_167' title='bbox 628 2210 732 2252; x_wconf 87' lang='lat' dir='ltr'>eoram</span> <span class='ocrx_word' id='word_1_168' title='bbox 753 2191 807 2251; x_wconf 88' lang='lat' dir='ltr'>illo</span> <span class='ocrx_word' id='word_1_169' title='bbox 831 2190 922 2250; x_wconf 81' lang='lat' dir='ltr'>esse?</span> <span class='ocrx_word' id='word_1_170' title='bbox 954 2190 1048 2254; x_wconf 87' lang='lat' dir='ltr'>Dabo</span> <span class='ocrx_word' id='word_1_171' title='bbox 1071 2194 1120 2254; x_wconf 71' lang='lat' dir='ltr'>ita</span> 
     </span>
     <span class='ocr_line' id='line_1_24' title="bbox 197 2274 1121 2355; baseline 0.005 -23"><span class='ocrx_word' id='word_1_172' title='bbox 197 2292 257 2351; x_wconf 93' lang='lat' dir='ltr'>que</span> <span class='ocrx_word' id='word_1_173' title='bbox 279 2292 328 2332; x_wconf 91' lang='lat' dir='ltr'>me</span> <span class='ocrx_word' id='word_1_174' title='bbox 349 2274 503 2351; x_wconf 77' lang='lat' dir='ltr'>quendam</span> <span class='ocrx_word' id='word_1_175' title='bbox 527 2275 678 2334; x_wconf 76' lang='lat' dir='ltr'>Christum</span> <span class='ocrx_word' id='word_1_176' title='bbox 698 2276 841 2354; x_wconf 86' lang='lat' dir='ltr'>proximo</span> <span class='ocrx_word' id='word_1_177' title='bbox 864 2293 954 2348; x_wconf 86' lang='lat' dir='ltr'>meo,</span> <span class='ocrx_word' id='word_1_178' title='bbox 978 2274 1121 2355; x_wconf 83' lang='lat' dir='ltr'>quemad·</span> 
     </span>
     <span class='ocr_line' id='line_1_25' title="bbox 197 2354 1121 2438; baseline 0.006 -24"><span class='ocrx_word' id='word_1_179' title='bbox 197 2354 321 2415; x_wconf 89' lang='lat' dir='ltr'>modum</span> <span class='ocrx_word' id='word_1_180' title='bbox 345 2355 484 2416; x_wconf 82' lang='lat' dir='ltr'>Christus</span> <span class='ocrx_word' id='word_1_181' title='bbox 507 2376 577 2417; x_wconf 86' lang='lat' dir='ltr'>sese</span> <span class='ocrx_word' id='word_1_182' title='bbox 600 2357 742 2438; x_wconf 85' lang='lat' dir='ltr'>praebuit</span> <span class='ocrx_word' id='word_1_183' title='bbox 762 2357 855 2430; x_wconf 89' lang='lat' dir='ltr'>mihi,</span> <span class='ocrx_word' id='word_1_184' title='bbox 889 2356 966 2416; x_wconf 88' lang='lat' dir='ltr'>nihil</span> <span class='ocrx_word' id='word_1_185' title='bbox 989 2358 1121 2420; x_wconf 77' lang='lat' dir='ltr'>tacturus</span> 
     </span>
     <span class='ocr_line' id='line_1_26' title="bbox 196 2436 1121 2520; baseline 0.01 -25"><span class='ocrx_word' id='word_1_186' title='bbox 196 2439 226 2496; x_wconf 89' lang='lat' dir='ltr'>in</span> <span class='ocrx_word' id='word_1_187' title='bbox 249 2436 308 2496; x_wconf 83' lang='lat' dir='ltr'>hae</span> <span class='ocrx_word' id='word_1_188' title='bbox 329 2439 409 2514; x_wconf 81' lang='lat' dir='ltr'>vita,</span> <span class='ocrx_word' id='word_1_189' title='bbox 439 2441 498 2499; x_wconf 86' lang='lat' dir='ltr'>nisi</span> <span class='ocrx_word' id='word_1_190' title='bbox 520 2441 604 2519; x_wconf 92' lang='lat' dir='ltr'>quod</span> <span class='ocrx_word' id='word_1_191' title='bbox 627 2439 735 2500; x_wconf 88' lang='lat' dir='ltr'>videro</span> <span class='ocrx_word' id='word_1_192' title='bbox 756 2442 899 2520; x_wconf 85' lang='lat' dir='ltr'>proximo</span> <span class='ocrx_word' id='word_1_193' title='bbox 922 2461 997 2503; x_wconf 88' lang='lat' dir='ltr'>meo</span> <span class='ocrx_word' id='word_1_194' title='bbox 1020 2461 1121 2503; x_wconf 76' lang='lat' dir='ltr'>neees</span> 
     </span>
     <span class='ocr_line' id='line_1_27' title="bbox 197 2521 1120 2603; baseline 0.008 -24"><span class='ocrx_word' id='word_1_195' title='bbox 197 2521 319 2599; x_wconf 82' lang='lat' dir='ltr'>sarium,</span> <span class='ocrx_word' id='word_1_196' title='bbox 341 2523 538 2583; x_wconf 75' lang='lat' dir='ltr'>commodum</span> <span class='ocrx_word' id='word_1_197' title='bbox 561 2531 593 2582; x_wconf 87' lang='lat' dir='ltr'>et</span> <span class='ocrx_word' id='word_1_198' title='bbox 614 2523 748 2583; x_wconf 88' lang='lat' dir='ltr'>salutare</span> <span class='ocrx_word' id='word_1_199' title='bbox 770 2524 846 2599; x_wconf 83' lang='lat' dir='ltr'>fore,</span> <span class='ocrx_word' id='word_1_200' title='bbox 869 2525 1120 2603; x_wconf 87' lang='lat' dir='ltr'>quandoquidem</span> 
     </span>
     <span class='ocr_line' id='line_1_28' title="bbox 196 2603 1120 2684; baseline 0.006 -20"><span class='ocrx_word' id='word_1_201' title='bbox 196 2603 365 2684; x_wconf 85' lang='lat' dir='ltr'>perfidem</span> <span class='ocrx_word' id='word_1_202' title='bbox 388 2608 524 2666; x_wconf 86' lang='lat' dir='ltr'>omnium</span> <span class='ocrx_word' id='word_1_203' title='bbox 558 2605 711 2668; x_wconf 87' lang='lat' dir='ltr'>bonorum</span> <span class='ocrx_word' id='word_1_204' title='bbox 742 2609 773 2665; x_wconf 94' lang='lat' dir='ltr'>in</span> <span class='ocrx_word' id='word_1_205' title='bbox 807 2607 929 2668; x_wconf 84' lang='lat' dir='ltr'>Christo</span> <span class='ocrx_word' id='word_1_206' title='bbox 959 2606 1120 2670; x_wconf 80' lang='lat' dir='ltr'>abundans</span> 
     </span>
     <span class='ocr_line' id='line_1_29' title="bbox 196 2706 273 2749; baseline 0.026 -2"><span class='ocrx_word' id='word_1_207' title='bbox 196 2706 273 2749; x_wconf 90' lang='lat' dir='ltr'>sum.</span> 
     </span>
    </p>

    <p class='ocr_par' dir='ltr' id='par_1_4' title="bbox 196 2769 1123 3436">
     <span class='ocr_line' id='line_1_30' title="bbox 278 2769 1121 2853; baseline 0.007 -24"><span class='ocrx_word' id='word_1_208' title='bbox 278 2769 361 2830; x_wconf 75' lang='lat' dir='ltr'>ane</span> <span class='ocrx_word' id='word_1_209' title='bbox 394 2773 440 2831; x_wconf 83' lang='lat' dir='ltr'>sie</span> <span class='ocrx_word' id='word_1_210' title='bbox 468 2770 535 2832; x_wconf 86' lang='lat' dir='ltr'>fluit</span> <span class='ocrx_word' id='word_1_211' title='bbox 564 2791 603 2832; x_wconf 86' lang='lat' dir='ltr'>ex</span> <span class='ocrx_word' id='word_1_212' title='bbox 625 2771 686 2834; x_wconf 87' lang='lat' dir='ltr'>fide</span> <span class='ocrx_word' id='word_1_213' title='bbox 719 2775 831 2833; x_wconf 87' lang='lat' dir='ltr'>earitas</span> <span class='ocrx_word' id='word_1_214' title='bbox 864 2779 895 2832; x_wconf 84' lang='lat' dir='ltr'>et</span> <span class='ocrx_word' id='word_1_215' title='bbox 921 2774 1121 2853; x_wconf 84' lang='lat' dir='ltr'>gaudiumiu</span> 
     </span>
     <span class='ocr_line' id='line_1_31' title="bbox 197 2854 1120 2936; baseline 0.008 -24"><span class='ocrx_word' id='word_1_216' title='bbox 197 2854 342 2930; x_wconf 88' lang='lat' dir='ltr'>Domino,</span> <span class='ocrx_word' id='word_1_217' title='bbox 365 2858 456 2914; x_wconf 84' lang='lat' dir='ltr'>etex</span> <span class='ocrx_word' id='word_1_218' title='bbox 478 2857 605 2915; x_wconf 73' lang='lat' dir='ltr'>caritate</span> <span class='ocrx_word' id='word_1_219' title='bbox 626 2856 741 2931; x_wconf 88' lang='lat' dir='ltr'>hilaris,</span> <span class='ocrx_word' id='word_1_220' title='bbox 763 2855 872 2931; x_wconf 87' lang='lat' dir='ltr'>libens,</span> <span class='ocrx_word' id='word_1_221' title='bbox 894 2855 974 2916; x_wconf 90' lang='lat' dir='ltr'>liber</span> <span class='ocrx_word' id='word_1_222' title='bbox 994 2859 1120 2936; x_wconf 83' lang='lat' dir='ltr'>animm,</span> 
     </span>
     <span class='ocr_line' id='line_1_32' title="bbox 196 2936 1123 3019; baseline 0.008 -23"><span class='ocrx_word' id='word_1_223' title='bbox 196 2936 236 2996; x_wconf 90' lang='lat' dir='ltr'>ad</span> <span class='ocrx_word' id='word_1_224' title='bbox 257 2944 369 3016; x_wconf 89' lang='lat' dir='ltr'>sponte</span> <span class='ocrx_word' id='word_1_225' title='bbox 383 2938 576 2998; x_wconf 85' lang='lat' dir='ltr'>serviendum</span> <span class='ocrx_word' id='word_1_226' title='bbox 595 2940 748 3019; x_wconf 85' lang='lat' dir='ltr'>proximo,</span> <span class='ocrx_word' id='word_1_227' title='bbox 768 2941 812 2998; x_wconf 90' lang='lat' dir='ltr'>ita</span> <span class='ocrx_word' id='word_1_228' title='bbox 833 2947 866 2998; x_wconf 89' lang='lat' dir='ltr'>ut</span> <span class='ocrx_word' id='word_1_229' title='bbox 879 2938 998 3000; x_wconf 90' lang='lat' dir='ltr'>nullam</span> <span class='ocrx_word' id='word_1_230' title='bbox 1011 2940 1123 3003; x_wconf 81' lang='lat' dir='ltr'>habeat</span> 
     </span>
     <span class='ocr_line' id='line_1_33' title="bbox 196 3021 1121 3102; baseline 0.005 -22"><span class='ocrx_word' id='word_1_231' title='bbox 196 3021 346 3080; x_wconf 84' lang='lat' dir='ltr'>rationem</span> <span class='ocrx_word' id='word_1_232' title='bbox 368 3021 572 3100; x_wconf 80' lang='lat' dir='ltr'>gratitudinis,</span> <span class='ocrx_word' id='word_1_233' title='bbox 595 3021 837 3102; x_wconf 81' lang='lat' dir='ltr'>ingratitudinis,</span> <span class='ocrx_word' id='word_1_234' title='bbox 866 3021 968 3082; x_wconf 88' lang='lat' dir='ltr'>laudis</span> <span class='ocrx_word' id='word_1_235' title='bbox 989 3043 1028 3085; x_wconf 83' lang='lat' dir='ltr'>ae</span> <span class='ocrx_word' id='word_1_236' title='bbox 1050 3025 1121 3085; x_wconf 85' lang='lat' dir='ltr'>vitu·</span> 
     </span>
     <span class='ocr_line' id='line_1_34' title="bbox 196 3102 1119 3187; baseline 0.005 -24"><span class='ocrx_word' id='word_1_237' title='bbox 196 3103 292 3183; x_wconf 84' lang='lat' dir='ltr'>perii,</span> <span class='ocrx_word' id='word_1_238' title='bbox 326 3102 402 3163; x_wconf 80' lang='lat' dir='ltr'>lueri</span> <span class='ocrx_word' id='word_1_239' title='bbox 441 3112 494 3164; x_wconf 89' lang='lat' dir='ltr'>aut</span> <span class='ocrx_word' id='word_1_240' title='bbox 531 3104 645 3168; x_wconf 86' lang='lat' dir='ltr'>damni.</span> <span class='ocrx_word' id='word_1_241' title='bbox 695 3104 803 3185; x_wconf 85' lang='lat' dir='ltr'>Neque</span> <span class='ocrx_word' id='word_1_242' title='bbox 836 3107 917 3165; x_wconf 90' lang='lat' dir='ltr'>enim</span> <span class='ocrx_word' id='word_1_243' title='bbox 948 3107 1015 3187; x_wconf 89' lang='lat' dir='ltr'>agit</span> <span class='ocrx_word' id='word_1_244' title='bbox 1055 3108 1119 3186; x_wconf 79' lang='lat' dir='ltr'>hoa,</span> 
     </span>
     <span class='ocr_line' id='line_1_35' title="bbox 196 3185 1119 3266; baseline 0.004 -20"><span class='ocrx_word' id='word_1_245' title='bbox 196 3193 229 3246; x_wconf 84' lang='lat' dir='ltr'>ut</span> <span class='ocrx_word' id='word_1_246' title='bbox 250 3185 391 3247; x_wconf 84' lang='lat' dir='ltr'>homines</span> <span class='ocrx_word' id='word_1_247' title='bbox 420 3187 476 3247; x_wconf 85' lang='lat' dir='ltr'>sibi</span> <span class='ocrx_word' id='word_1_248' title='bbox 507 3187 716 3266; x_wconf 83' lang='lat' dir='ltr'>demereatur,</span> <span class='ocrx_word' id='word_1_249' title='bbox 747 3207 806 3248; x_wconf 83' lang='lat' dir='ltr'>nee</span> <span class='ocrx_word' id='word_1_250' title='bbox 826 3190 905 3249; x_wconf 85' lang='lat' dir='ltr'>inter</span> <span class='ocrx_word' id='word_1_251' title='bbox 926 3191 1050 3250; x_wconf 85' lang='lat' dir='ltr'>amieos</span> <span class='ocrx_word' id='word_1_252' title='bbox 1070 3191 1119 3251; x_wconf 79' lang='lat' dir='ltr'>ini</span> 
     </span>
     <span class='ocr_line' id='line_1_36' title="bbox 196 3268 1120 3436; baseline 0.006 -23"><span class='ocrx_word' id='word_1_253' title='bbox 196 3268 736 3434; x_wconf 48' lang='lat' dir='ltr'>tttttdtss‘tttdttdztt</span> <span class='ocrx_word' id='word_1_254' title='bbox 750 3280 974 3436; x_wconf 60' lang='lat' dir='ltr'>”tssddt‘t</span> <span class='ocrx_word' id='word_1_255' title='bbox 986 3282 1120 3433; x_wconf 60' lang='lat' dir='ltr'>titt?</span> 
     </span>
    </p>
   </div>
   <div class='ocr_carea' id='block_1_3' title="bbox 193 3475 596 3487">
    <p class='ocr_par' dir='ltr' id='par_1_5' title="bbox 193 3475 596 3487">
     <span class='ocr_line' id='line_1_37' title="bbox 193 3475 596 3487; baseline 0.015 -5"><span class='ocrx_word' id='word_1_256' title='bbox 193 3475 228 3482; x_wconf 74' lang='lat'><em>...-</em></span> <span class='ocrx_word' id='word_1_257' title='bbox 237 3476 268 3483; x_wconf 67' lang='lat'>—-</span> <span class='ocrx_word' id='word_1_258' title='bbox 458 3478 596 3487; x_wconf 72' lang='lat'>——-</span> 
     </span>
    </p>
   </div>
   <div class='ocr_carea' id='block_1_4' title="bbox 194 3552 1119 3823">
    <p class='ocr_par' dir='ltr' id='par_1_6' title="bbox 194 3552 1119 3823">
     <span class='ocr_line' id='line_1_38' title="bbox 267 3552 1118 3621; baseline 0.001 -15"><span class='ocrx_word' id='word_1_259' title='bbox 267 3554 295 3619; x_wconf 84' lang='lat'>1)</span> <span class='ocrx_word' id='word_1_260' title='bbox 315 3553 344 3604; x_wconf 91' lang='lat' dir='ltr'>In</span> <span class='ocrx_word' id='word_1_261' title='bbox 366 3552 428 3605; x_wconf 84' lang='lat' dir='ltr'>edit.</span> <span class='ocrx_word' id='word_1_262' title='bbox 451 3555 518 3609; x_wconf 77' lang='lat'><strong>1521</strong></span> <span class='ocrx_word' id='word_1_263' title='bbox 548 3554 648 3607; x_wconf 85' lang='lat' dir='ltr'>verba:</span> <span class='ocrx_word' id='word_1_264' title='bbox 677 3555 751 3606; x_wconf 90' lang='lat' dir='ltr'>nisi</span> <span class='ocrx_word' id='word_1_265' title='bbox 782 3553 875 3621; x_wconf 87' lang='lat' dir='ltr'>qnod</span> <span class='ocrx_word' id='word_1_266' title='bbox 895 3581 929 3590; x_wconf 98' lang='lat'>-</span> <span class='ocrx_word' id='word_1_267' title='bbox 949 3558 1118 3621; x_wconf 68' lang='lat' dir='ltr'>perficis</span> 
     </span>
     <span class='ocr_line' id='line_1_39' title="bbox 195 3623 1119 3696; baseline 0.006 -21"><span class='ocrx_word' id='word_1_268' title='bbox 195 3628 299 3676; x_wconf 88' lang='lat' dir='ltr'>turin</span> <span class='ocrx_word' id='word_1_269' title='bbox 328 3625 487 3692; x_wconf 78' lang='lat' dir='ltr'>parenthesi</span> <span class='ocrx_word' id='word_1_270' title='bbox 512 3626 649 3679; x_wconf 84' lang='lat' dir='ltr'>collocuta</span> <span class='ocrx_word' id='word_1_271' title='bbox 668 3635 741 3679; x_wconf 87' lang='lat' dir='ltr'>sunt.</span> <span class='ocrx_word' id='word_1_272' title='bbox 779 3625 812 3689; x_wconf 81' lang='lat'>2)</span> <span class='ocrx_word' id='word_1_273' title='bbox 832 3623 965 3678; x_wconf 76' lang='lat' dir='ltr'>ibidem:</span> <span class='ocrx_word' id='word_1_274' title='bbox 996 3630 1119 3696; x_wconf 71' lang='lat' dir='ltr'>gratiss</span> 
     </span>
     <span class='ocr_line' id='line_1_40' title="bbox 194 3693 1117 3823; baseline 0 -74"><span class='ocrx_word' id='word_1_275' title='bbox 194 3694 227 3820; x_wconf 50' lang='grc' dir='ltr'>ἒξ</span> <span class='ocrx_word' id='word_1_276' title='bbox 241 3693 353 3823; x_wconf 49' lang='lat' dir='ltr'>¹loltriqlierqr</span> <span class='ocrx_word' id='word_1_277' title='bbox 364 3705 391 3749; x_wconf 88' lang='lat' dir='ltr'>et</span> <span class='ocrx_word' id='word_1_278' title='bbox 408 3699 435 3749; x_wconf 86' lang='lat' dir='ltr'>in</span> <span class='ocrx_word' id='word_1_279' title='bbox 447 3698 489 3752; x_wconf 84' lang='lat' dir='ltr'>ed.</span> <span class='ocrx_word' id='word_1_280' title='bbox 503 3698 575 3750; x_wconf 82' lang='lat' dir='ltr'>len:</span> <span class='ocrx_word' id='word_1_281' title='bbox 595 3698 647 3750; x_wconf 85' lang='lat' dir='ltr'>hac</span> <span class='ocrx_word' id='word_1_282' title='bbox 658 3701 685 3749; x_wconf 90' lang='lat' dir='ltr'>in</span> <span class='ocrx_word' id='word_1_283' title='bbox 700 3697 835 3752; x_wconf 88' lang='lat' dir='ltr'>libertate.</span> <span class='ocrx_word' id='word_1_284' title='bbox 856 3697 888 3756; x_wconf 73' lang='lat'>4)</span> <span class='ocrx_word' id='word_1_285' title='bbox 912 3698 939 3748; x_wconf 89' lang='lat' dir='ltr'>ln</span> <span class='ocrx_word' id='word_1_286' title='bbox 953 3698 1022 3752; x_wconf 75' lang='lat' dir='ltr'>adit</span> <span class='ocrx_word' id='word_1_287' title='bbox 1045 3700 1117 3756; x_wconf 73' lang='lat'><strong>152¹:</strong></span> 
     </span>
    </p>
   </div>
   <div class='ocr_carea' id='block_1_5' title="bbox 0 0 1180 4208">
    <p class='ocr_par' dir='ltr' id='par_1_7' title="bbox 0 0 1180 4208">
     <span class='ocr_line' id='line_1_41' title="bbox 0 0 1180 4208; baseline 0 0"><span class='ocrx_word' id='word_1_288' title='bbox 0 0 1180 4208; x_wconf 95' lang='lat' dir='ltr'> </span> 
     </span>
    </p>
   </div>
  </div>
 </body>
</html>
