2346 4208
197 1043 495 1140 condemnatio
569 1044 835 1143 Doctrinalie
910 1047 1122 1146 librorum

197 1157 378 1252 Martini
408 1159 590 1254 Lutheni
627 1188 705 1280 pon
749 1165 952 1285 quosdam
989 1165 1123 1287 nagi-

199 1277 317 1367 etnoe
348 1279 522 1369 nostroe
537 1274 826 1487 {ggafflls
848 1284 893 1373 et
910 1279 1123 1376 Gelonion·

640 1561 674 1624 et

133 1673 135 1677 ’
200 1672 377 1757 Responsio
388 1676 585 1743 Lutheriana
609 1676 649 1743 ad
671 1680 800 1746 eandem
822 1680 1122 1748 condemnationem.

552 1885 762 1894 ..ῃ-Μ

282 2029 411 2121 botheri
434 2063 548 2140 scripta
569 2062 599 2121 in
614 2060 755 2122 omnibns
776 2059 840 2120 fere
858 2058 1008 2139 Europae
1029 2061 1123 2138 terris,

196 2144 227 2202 iu
242 2143 465 2223 blancogallia
480 2144 639 2223 Hispania,
661 2142 812 2219 Helvetia,
833 2141 931 2220 ltalia,
947 2142 1122 2219 Brabantia,

197 2225 350 2305 Angliaa
378 2228 448 2286 viris
471 2227 569 2286 doctis
592 2226 787 2308 cupidissime
810 2231 892 2284 emta
912 2230 944 2285 et
965 2225 1121 2287 lectaom·

196 2310 340 2387 niumque
366 2309 429 2369 fere
460 2309 571 2369 iudicio
607 2308 735 2389 probata
764 2327 849 2385 esse,
884 2309 1056 2388 praecipue
1087 2329 1121 2370 ex

198 2392 330 2470 epistola
362 2395 596 2471 cognoscimus,
636 2411 726 2470 quam
754 2390 913 2450 lohannes
942 2391 1121 2470 Frobenius,

200 2473 385 2534 clarissimus
407 2475 459 2535 ille
482 2475 695 2555 typographus
718 2473 913 2550 basiliensis,
938 2473 989 2534 die
1015 2478 1064 2538 14.
1085 2495 1120 2535 m.

197 2556 351 2617 Februarii
375 2560 447 2617 anni
472 2561 551 2622 1519
584 2558 623 2618 ad
644 2557 808 2617 Luthernm
837 2556 921 2615 dedit
946 2558 1004 2625 (cf.
1035 2577 1122 2640 supra

197 2641 304 2719 peu).
327 2639 374 2700 Ob
387 2640 447 2700 hoe
460 2642 558 2721 ipenm
576 2643 707 2700 virorum
722 2639 882 2700 doctorum
892 2639 1029 2701 studium
1044 2641 1120 2703 idem

198 2722 365 2783 Frobenius
389 2724 448 2783 iem
473 2743 555 2784 anuo
583 2725 670 2805 1518,
695 2742 799 2784 mense
821 2721 964 2822 Octobri,
988 2723 1021 2784 id
1045 2723 1121 2805 quod

199 2825 238 2866 ex
260 2805 368 2865 eadem
392 2806 537 2884 epistola,
560 2825 747 2886 quamanno
773 2808 860 2883 1519,
882 2824 992 2867 mense
1014 2807 1121 2869 Febru-

198 2889 273 2967 ario,
310 2908 384 2949 suae
407 2888 632 2968 Opusculorum
664 2889 787 2950 Lutheri
826 2888 954 2949 editioni
991 2889 1121 2953 Luthero

199 2973 313 3033 missae
335 2972 483 3050 adiunxit,
505 2973 752 3046 coniicerelicet,
776 2973 877 3032 varios
891 2971 1122 3036 Lutherilibros

200 3054 348 3116 collectos
372 3057 452 3134 typis
476 3057 537 3116 suis
560 3055 670 3116 excudi
693 3057 823 3116 iusserat
847 3055 903 3123 (cf.
927 3054 1051 3139 Wolfg.
1074 3058 1122 3119 lla·

200 3138 287 3199 bricii
310 3139 470 3218 Capitonis
493 3138 549 3218 Ep.
584 3137 622 3199 ad
659 3138 822 3198 Lutherurn
854 3137 957 3197 datam
983 3141 1121 3203 Basileee

203 3223 248 3284 12.
273 3221 338 3282 Cal.
350 3221 449 3281 Martii
466 3224 554 3300 1519,
575 3224 606 3282 iu
623 3221 753 3283 Fabricii
767 3221 931 3282 centifolio
948 3220 1120 3286 Lutherano

200 3307 208 3364 l
231 3324 261 3383 p.
284 3303 376 3378 318).
419 3305 505 3365 Haec
532 3306 629 3385 prima
652 3305 894 3365 lucubrationum
916 3304 1046 3368 Lutheri
1069 3306 1119 3369 edi

199 3388 253 3462 tio,
276 3405 355 3466 quae
377 3389 624 3449 munerarissirna
647 3393 703 3465 est,
726 3387 848 3447 intituli
867 3388 983 3467 pagina
998 3399 1120 3453 tantum

199 3469 292 3530 modo
315 3471 491 3551 catalogum
523 3473 615 3532 refert
636 3472 796 3548 librorum,
828 3472 879 3549 qni
906 3489 944 3532 eo
968 3474 1120 3536 volumine

200 3554 403 3632 confinentur,
426 3563 457 3614 et
478 3574 498 3614 a
517 3555 655 3615 Panzero
677 3555 708 3614 in
731 3553 902 3616 Annalibus
924 3561 1052 3640 typogr.
1073 3554 1119 3631 lX,

199 3655 229 3715 p.
254 3637 311 3700 118
333 3639 378 3696 aio
398 3637 595 3698 describitur:

280 3719 350 3800 „Ad
372 3720 508 3783 Leonem
542 3718 771 3782 XPontilicem
804 3719 984 3787 Maximum.
1031 3724 1117 3787 aesc
