2332 4206
364 290 523 343 dicteriis
542 295 668 359 excepte.
709 270 714 281 Ι
936 282 983 354 ’63

61 459 219 520 nonfuisse
236 457 279 520 de
301 457 443 520 dioecesi
467 459 618 537 Romana,
642 457 696 519 sed
720 459 848 540 primam
871 457 985 521 adiisse

60 542 226 603 eclesiam.
258 540 310 602 Ob
327 541 374 609 ,id
403 543 520 603 invicta
545 549 607 603 stat
637 541 739 603 adhuc
760 541 905 622 Cypriani
932 542 985 603 illa

58 627 202 687 ententia
226 624 370 685 nondum
394 625 506 687 soluta.
551 626 598 686 De
620 625 738 686 influxu
759 625 868 699 miror,
901 624 984 704 quod

58 708 134 769 rh'ert
155 706 261 769 'verba
283 727 355 767 mea
376 709 579 785 inimatum
590 708 779 788 Gyprinnnm
800 715 909 769 contra
924 708 985 771 No·

57 794 205 852 numum
233 790 430 868 adduxerim,
453 790 493 851 ad
518 810 608 870 quem
629 789 815 852 reverendus
830 791 920 853 Pater
941 792 985 853 ni·

56 874 86 935 hil
105 873 289 954 respondit.
771 922 776 929 .

124 958 174 1018 De
199 955 359 1028 Graecis,
383 955 482 1017 fatcor
503 976 558 1018 eos
580 956 654 1017 clim
674 957 770 1017 fuisse
792 956 983 1018 Christianis

55 1042 134 1101 sinos
158 1047 194 1101 et
217 1038 433 1116 doctissimos,
454 1058 522 1100 cum
546 1040 637 1101 Rom.
658 1039 829 1101 Ecclesiam
852 1041 981 1119 primam

56 1123 253 1204 rppellabant
284 1120 401 1183 sedem.
445 1122 504 1182 Sed
534 1122 678 1200 superbia
711 1122 782 1182 eluti
798 1190 801 1195 ¹
815 1128 847 1182 st
867 1120 985 1187 inuidis

55 1208 147 1268 iniecti
177 1205 223 1266 ab
255 1203 433 1265 obedientia
461 1206 549 1267 Rom.
572 1205 661 1267 Sedis
699 1225 733 1266 se
759 1202 984 1282 subtrahentes,

55 1290 75 1349 iu
94 1291 261 1370 pessimos
283 1286 457 1348 inciderunt
477 1308 606 1364 errores,
629 1295 661 1349 et
679 1288 770 1347 simul
797 1287 890 1348 fldem
913 1307 981 1349 cum

55 1373 83 1433 in
123 1374 175 1433 rio
216 1369 395 1451 perdidere.
425 1369 516 1445 Quod
544 1391 618 1432 vero
641 1370 809 1446 divinatur,
841 1390 891 1431 me
919 1390 1002 1433 non‘

102 1454 258 1516 ibiturum
281 1452 431 1532 pollicita,
454 1462 485 1514 ct
505 1461 717 1535 argumentum
736 1454 809 1515 fecit
829 1453 981 1516 exllatth.

59 1540 99 1617 tt,
127 1539 234 1598 miror
255 1535 467 1595 venerandum
490 1537 611 1598 Patrem
639 1536 786 1616 sophistis
818 1543 881 1596 tem
905 1537 982 1597 inse

60 1626 139 1701 tum,
163 1627 200 1680 et
223 1625 331 1680 temen
355 1619 559 1698 sophistarum
582 1621 710 1680 cautelis
731 1619 858 1699 pulchre
882 1621 982 1681 utitur.

61 1701 176 1765 Etcum
200 1703 248 1761 sit
268 1701 481 1782 respondens,
510 1723 545 1767 se
574 1703 618 1776 ed¹
642 1710 761 1782 purtem
795 1704 981 1782 opponentis

60 1787 200 1848 nnsiert.
227 1783 334 1858 Quare
354 1784 431 1845 nihil
452 1787 512 1846 iam
533 1786 724 1866 respondeo,
747 1784 801 1846 scd
824 1784 906 1863 quod
929 1804 980 1864 pe·

56 1869 155 1951 h'tper
178 1888 236 1929 me
259 1866 393 1948 probari,
415 1869 563 1948 probabo,
585 1889 625 1929 ne
648 1888 772 1948 semper
787 1875 907 1947 tenipus
930 1867 981 1929 de-

55 1950 196 2013 liberandi
220 1949 263 2011 ad
287 1958 390 2030 portes
412 1970 482 2011 suas
504 1953 617 2012 veniet.

122 2037 298 2096 Postremo
322 2032 482 2093 obscurum
497 2035 665 2095 Ductorem
674 2032 860 2094 Richardum
872 2033 979 2095 Amar-

54 2136 152 2178 canum
176 2117 307 2185 reiicit,
342 2115 423 2175 illius
445 2116 578 2194 oblitus,
601 2116 682 2196 quod
706 2115 892 2177 Richardum
915 2115 977 2177 dixi

55 2199 76 2260 id
99 2202 209 2262 tacere
241 2199 277 2259 B.
299 2197 411 2259 Leoms
433 2201 604 2262 autoritate.
629 2199 724 2260 Porro
760 2198 791 2259 id
822 2218 861 2258 ex
890 2199 979 2259 litera

55 2303 105 2345 uon
129 2283 263 2360 evincit,
286 2280 369 2360 quod
392 2284 469 2360 petit
496 2283 726 2349 contentionem
748 2282 829 2341 inter
852 2281 981 2360 discipu-

56 2366 91 2427 los
112 2368 252 2442 tactam,
283 2363 421 2424 Christus
451 2367 558 2426 merito
588 2364 792 2444 reprehendit
827 2364 929 2438 Quare
952 2373 983 2424 et

55 2450 140 2511 verba
161 2448 282 2510 Christi
305 2448 341 2522 *J
366 2449 410 2507 sic
431 2456 502 2509 sunt
522 2447 719 2527 accipienda,
749 2454 783 2506 ut
810 2448 982 2508 contentio·

54 2552 112 2592 nem
135 2532 330 2612 reprimant,
352 2531 513 2610 primatum
536 2550 599 2592 non
620 2531 768 2591 auferent.
794 2530 836 2591 Et
864 2536 980 2590 textum

55 2615 206 2693 posterius
246 2611 403 2673 inductum
432 2613 530 2673 credit
555 2613 745 2673 reverendus
766 2612 857 2672 Pater
878 2613 981 2673 facere

55 2717 102 2775 pro
124 2717 181 2772 se,
219 2695 304 2774 quod
329 2694 464 2755 Christus
493 2696 655 2775 apostolos
676 2697 835 2756 vocaverit
863 2696 981 2764 trenes,

56 2782 132 2841 etita
156 2798 234 2841 eum
255 2797 318 2838 nou
342 2777 448 2838 fecerit
470 2781 627 2841 maiorem,
649 2779 691 2839 At
714 2779 738 2838 si
762 2777 854 2838 verba
878 2786 980 2837 textus

56 2863 260 2940 ponderaret,
294 2861 336 2919 uti
359 2860 436 2920 alius
457 2861 558 2937 lacere
580 2862 680 2938 solet,
703 2863 763 2921 iam
785 2860 905 2925 videret
925 2860 979 2921 Pe·

56 2954 125 3005 trum
150 2945 224 3006 aliis
247 2942 399 3022 apostolis
423 2947 622 3023 superiorem,
645 2963 713 3004 cum
738 2945 837 3004 maior
858 2944 898 3002 sit
909 2961 980 3003 con-

57 3025 176 3088 firmans
200 3023 395 3087 confirmato.
437 3025 505 3087 Hoc
527 3033 565 3087 de
587 3025 792 3087 solutionibus
814 3025 938 3086 dictum.

134 3110 242 3170 Venio
264 3127 338 3188 ergo
361 3108 399 3167 ad
422 3109 601 3188 principale,
624 3109 707 3188 quod
729 3110 815 3188 petit,
836 3106 980 3187 probetu-

59 3213 100 3253 ms
121 3194 292 3273 primatum
316 3189 466 3251 ecclesiae
486 3191 647 3254 Romanae
679 3211 749 3251 esse
778 3191 816 3251 de
844 3191 910 3250 iure
937 3188 981 3248 di·

58 3276 122 3337 vino
145 3282 180 3336 et
202 3274 424 3334 constitutione
447 3273 582 3351 Christi,
604 3275 661 3341 itc.
685 3274 766 3352 quod
791 3273 897 3333 Petrus
919 3270 1000 3331 sue-¹

60 3359 90 3417 rit
110 3355 285 3419 monarche
306 3356 468 3432 ecclesiae,
490 3358 642 3418 eOhristo
665 3357 819 3416 institutus
832 3374 901 3414 cum
917 3354 981 3415 suis

60 3439 296 3501 successoribus.
326 3439 385 3499 Pro
425 3458 486 3518 quo
517 3447 625 3520 repeto
654 3440 805 3505 rationem
833 3436 982 3497 Bernurdi

61 3524 211 3583 inductam
236 3529 266 3581 et
287 3521 430 3601 nondum,
448 3522 589 3585 solutam.
632 3522 751 3601 Repeto
781 3521 895 3580 dictum
923 3518 980 3598 ey-

61 3606 152 3684 priani
175 3605 396 3685 pariformiter,
433 3612 464 3665 et
489 3607 579 3666 tertio
602 3605 700 3685 probo
727 3624 784 3683 per
809 3603 863 3663 illa
887 3601 981 3661 verba

70 3728 485 3735 ——-—.--——.—.—.-——..-.

93 3792 123 3860 ¹)
146 3792 212 3846 Luc.
232 3791 274 3846 221
