2346 4208
124 222 190 290 298
459 218 711 273 aruimus

209 407 386 471 lnbibemus
416 416 578 488 praeterea
613 404 670 465 sub
692 403 838 464 omnibus
859 410 895 465 et
926 405 1050 487 siugulis

125 493 307 576 praemissis
329 492 448 571 poenis,
471 509 509 551 eo
532 491 601 570 ipso
623 486 834 563 incurrendis,
855 489 1003 549 omuibus
1023 497 1053 549 et

127 576 256 658 siugulis
296 572 549 634 Christifldelibns
606 572 746 651 superius
787 573 978 643 nomam,
1016 593 1054 633 ne

127 661 242 740 scripta
271 661 363 718 etiam
381 664 414 725 a)
436 658 592 737 praelatos
615 673 735 715 errores
762 673 829 715 non
851 658 1054 733 continentis,

127 743 167 804 ab
189 740 299 803 eodem
321 740 454 801 diutino
482 736 718 817 quomodolibet
736 738 867 800 condita
891 741 943 801 rel
964 740 1054 819 editu

127 831 181 886 aut
202 821 366 885 condenda
386 823 436 883 vel
457 820 598 897 edenda,
625 840 680 880 seu
701 840 809 882 eorum
830 821 957 903 aliqua,
987 833 1051 896 tan·

128 927 219 987 quam
242 905 281 966 ab
308 905 433 966 homine
470 904 663 966 orthodoxae
686 902 757 965 fidei
778 906 931 980 inimico,
964 917 1056 989 atque

128 989 200 1050 ideo
222 988 420 1049 vehementer
441 995 603 1067 suspecta,
638 995 671 1048 et
701 995 734 1048 ut
755 990 823 1049 eius
844 993 1005 1053 memoria
1019 989 1055 1074 b)

130 1072 257 1134 omniuo
271 1070 410 1131 deleatur
433 1071 471 1132 de
484 1068 733 1133 Christifidelium
746 1075 921 1152 consortio,
942 1074 1058 1156 legere,

129 1173 286 1229 asserere,
307 1153 497 1233 praedicare,
519 1153 655 1224 laudare,
675 1154 863 1233 imprimere,
885 1156 1058 1236 publicare,

128 1239 195 1298 sive
223 1235 403 1312 defendere,
438 1256 493 1316 per
522 1257 574 1314 se,
612 1236 661 1295 vel
689 1237 782 1297 ulium
804 1256 861 1297 seu
885 1239 989 1317 alios,
1019 1241 1058 1303 dt

128 1329 211 1380 recte
228 1319 260 1400 e)
283 1319 333 1380 vel
355 1318 520 1395 indirecte,
549 1321 641 1380 tacite
662 1319 712 1380 vel
734 1338 906 1399 expresse,
933 1323 1059 1403 publice

128 1403 178 1463 vel
200 1401 331 1480 occulte,
353 1421 408 1462 seu
429 1404 459 1463 in
473 1402 615 1463 domibus
637 1404 710 1478 suis,
733 1405 800 1462 sive
821 1403 895 1487 aliis
917 1405 1059 1491 locisd),

128 1484 257 1565 publicis
288 1484 337 1545 vel
365 1487 502 1565 privatis,
524 1493 639 1559 tenere,
666 1504 789 1566 quoquo
813 1486 913 1548 modo
934 1508 1059 1569 praesu·

131 1574 226 1641 mant,
248 1568 384 1648 quinimo
407 1569 462 1629 illa
486 1568 676 1646 comburant,
698 1575 731 1629 nt
751 1570 936 1648 praefertur.

170 1658 203 1721 a)
226 1649 328 1711 Etiam
350 1670 428 1712 sana
447 1652 571 1713 Lutheri
599 1654 713 1733 scripta
733 1651 891 1714 demnas?
927 1663 962 1716 et
993 1676 1059 1718 cum

169 1734 293 1794 sicaniis
322 1752 384 1793 una
420 1737 567 1814 optimam
597 1737 689 1795 etiam
717 1743 854 1814 segetem
885 1738 1003 1800 evellis
1031 1746 1061 1801 et

170 1815 345 1878 comburis?
380 1816 438 1878 Vel
471 1817 532 1878 hoc
559 1817 672 1879 videris
701 1819 795 1899 impie
827 1838 926 1900 agere
956 1840 998 1882 ac
1018 1824 1059 1885 tui

171 1898 321 1961 oblivisci.

169 1980 206 2060 b)
231 1981 409 2043 Memoriam
428 1982 513 2043 deles
535 1984 611 2061 eius,
634 2002 725 2062 quem
746 1984 777 2043 in
794 1986 928 2064 gratiam
952 1987 1058 2069 modo,

170 2064 195 2124 si
216 2066 427 2145 resipisceret,
448 2066 632 2146 accipiebas.
674 2066 729 2126 His
751 2065 889 2128 moribus
911 2069 1059 2133 intolera-

169 2146 261 2206 bilem
286 2156 317 2208 te
339 2149 423 2224 lacis,
447 2157 476 2208 et
500 2160 532 2207 ut
554 2149 712 2209 destruant
734 2154 764 2209 te
785 2149 860 2210 boni
885 2169 1011 2214 omnes.

168 2240 201 2295 cl
228 2229 269 2289 At
292 2250 345 2310 per
363 2232 529 2308 caucellos,
552 2231 601 2291 dic
624 2232 707 2308 mihi,
730 2231 878 2311 numquid
901 2236 1058 2314 inspicere

167 2312 291 2373 licebit?
326 2313 366 2373 Et
388 2333 442 2374 vos
463 2316 575 2390 miror,
608 2314 679 2394 quid
701 2316 732 2373 in
755 2321 842 2375 tanto
866 2319 935 2378 otio
958 2319 1058 2380 facitis

167 2395 295 2473 Romae,
319 2416 379 2475 quo
404 2399 502 2457 minus
527 2399 619 2457 latine
642 2398 725 2477 loqui
748 2396 875 2458 discatis
892 2400 936 2471 ¹).
974 2401 1057 2464 Talis

168 2488 214 2537 est
237 2478 404 2542 barbaries.

168 2559 206 2642 d)
229 2560 330 2622 Etiam
353 2581 415 2623 non
439 2564 469 2623 in
493 2563 630 2643 cryptis?
644 2563 678 2646 ²)

211 2643 372 2705 Monemus
387 2651 420 2721 a)
445 2647 570 2724 insuper
592 2664 699 2706 omnes
721 2652 751 2706 et
773 2646 916 2726 singulos
931 2648 1057 2712 Christi·

126 2724 233 2786 fideles
268 2728 460 2807 supradictos
489 2729 544 2789 sub
580 2730 688 2790 eadem
721 2732 1057 2795 excommunicationis

125 2809 206 2869 latae
241 2814 413 2871 sententiae
445 2831 562 2891 poena,
602 2819 636 2872 ut
670 2811 844 2874 haereticos
874 2815 1056 2892 praedictos

125 2890 298 2953 declaratos
323 2901 354 2953 et
384 2895 625 2973 condemnatos,
660 2895 811 2955 mandatis
846 2899 966 2958 nostris
996 2919 1054 2961 non

126 2973 392 3054 obtemperantes,
417 2985 488 3057 post
509 2979 630 3058 lapsum
655 2979 774 3038 termini
797 2977 971 3056 supradicti
995 2984 1053 3042 eri·

125 3060 254 3135 tenth),
277 3067 317 3136 et,
341 3068 486 3137 qnantum
509 3063 539 3121 in
564 3064 608 3122 eis
631 3068 693 3135 est,
715 3061 821 3121 evitari
844 3060 976 3143 seciani,
999 3084 1055 3125 nec

124 3157 191 3196 cum
228 3140 345 3201 eisdem
376 3143 424 3203 vel
456 3164 560 3204 eorum
603 3144 706 3221 aliquo
745 3145 971 3205 commercium
1004 3154 1054 3209 aul

123 3219 255 3299 aliquam
273 3228 550 3304 conversationem,
573 3248 626 3288 seu
640 3227 890 3287 communionem
916 3228 1053 3292 habeant

124 3323 181 3362 nec
202 3307 246 3366 eis
270 3310 488 3389 necessariae)
512 3312 691 3371 ministrent.

164 3395 198 3454 al
227 3388 304 3448 Audi
335 3391 426 3452 aliurn
462 3392 572 3454 Leonis
604 3394 755 3474 rugitum,
793 3410 853 3468 quo
883 3392 969 3455 dea
1000 3395 1051 3457 So

163 3470 279 3547 phonia
308 3481 377 3533 vate
401 3478 602 3556 perscriptum
631 3483 678 3536 est
707 3476 795 3536 olim:
828 3473 994 3558 Principes
1022 3479 1050 3538 in

181 3597 188 3601 .
197 3597 542 3610 ..η---ξ--ψ-

196 3653 222 3708 ll
244 3652 273 3704 lu
290 3652 332 3707 ed.
344 3654 469 3710 blilnch.:
489 3657 590 3710 discas.
627 3659 657 3714 2i
679 3658 708 3710 lu
724 3657 788 3710 edit.
807 3656 938 3711 lenensi:
957 3655 1048 3714 Etis'm

120 3731 176 3772 nou
198 3724 300 3791 criptis.
890 3732 894 3739 “
