2346 4208
205 251 270 320 240
522 255 668 310 Tractatus
686 255 798 309 Lutheri

207 451 310 504 autem
334 443 400 502 eius
422 442 627 524 abnegantes,
650 463 773 523 semper
794 443 968 522 discentes,
1006 453 1038 505 et
1058 463 1122 504 nun-

207 545 299 605 quam
323 525 362 586 ad
387 527 545 587 scientiam
570 528 704 587 veritatis
725 529 953 607 pervenientes.

290 608 349 683 Qui
371 628 445 690 ergo
468 629 536 670 cum
567 611 632 670 istis
656 611 756 671 caecis
778 629 841 671 non
864 610 1001 672 voluerit
1022 627 1124 684 enare,

207 698 346 773 oportet,
376 701 409 752 ut
430 694 554 753 ulterius
578 694 745 774 prospiciat
766 713 857 772 quam
881 695 912 753 in
937 712 1036 775 opera
1058 693 1125 773 legis

206 784 260 837 aut
281 776 436 836 doctrinas
451 795 594 855 operum,
622 779 685 838 imo
699 796 808 837 averso
827 776 866 836 ab
881 777 1129 857 operibusinbrtu

206 877 371 941 personam
380 860 529 939 inspiciet,
543 868 574 920 et
584 862 769 939 quaratione
782 861 835 920 itta
848 859 1045 940 iustificetur,
1057 877 1126 938 quae

207 961 270 1004 non
293 941 436 1021 operibus
460 961 560 1022 neque
581 943 710 1023 legibus,
733 943 789 1004 sed
811 944 906 1005 verbo
920 944 979 1004 Dei
1005 943 1057 1026 (id
1080 951 1126 1020 est

209 1027 414 1107 promissione
435 1028 552 1106 gratiae
575 1025 667 1108 suae)
692 1034 723 1087 et
744 1026 804 1086 tide
825 1025 1012 1087 iustificetur
1034 1026 1126 1087 etsal-

207 1119 303 1187 vatur,
326 1117 359 1168 ut
383 1115 444 1169 stet
462 1110 562 1190 gloria
574 1111 724 1169 maiestati
736 1110 867 1189 divinae,
891 1128 973 1189 quae
998 1128 1058 1171 nos
1074 1127 1126 1169 non

207 1212 247 1253 ex
270 1191 412 1272 operibus
433 1193 577 1270 iustitiae,
599 1212 679 1271 quae
701 1193 828 1253 fecimus
851 1211 924 1272 nos,
948 1193 1007 1254 sed
1030 1211 1126 1254 secun

207 1275 278 1335 dum
309 1275 547 1336 misericordiam
577 1294 663 1335 suam
687 1277 887 1356 perverbum
911 1278 1034 1358 gratiae
1062 1293 1126 1337 suae

212 1359 315 1419 salvos
338 1358 410 1418 fecit
431 1359 601 1419 credentes.

290 1440 392 1501 Facile
413 1461 453 1501 ex
469 1442 517 1502 his
532 1444 657 1523 cognitu
670 1448 727 1519 est,
749 1460 810 1521 qua
821 1443 943 1503 ratione
965 1445 1032 1504 sint
1043 1461 1128 1524 opera

208 1522 291 1586 bona
319 1525 486 1585 reiicienda
507 1532 561 1585 aut
583 1525 808 1606 amplectenda,
829 1533 860 1586 et
880 1543 942 1604 qua
956 1528 1065 1607 regula
1086 1527 1127 1585 in-

209 1607 398 1688 telligendae
420 1609 482 1668 sint
502 1611 638 1669 omnium
659 1608 819 1669 doctrinae
845 1607 885 1668 de
913 1610 1064 1688 operibns
1083 1608 1125 1669 da·

210 1699 270 1753 tae.
314 1691 346 1751 st
378 1693 458 1751 enim
485 1710 580 1771 opera
603 1699 820 1772 comparentur
841 1690 882 1753 ad
903 1692 1072 1764 iustitiam,
1101 1699 1127 1750 et

206 1787 352 1854 perverso
374 1774 542 1834 Leviathan
571 1794 669 1855 eaque
706 1775 784 1835 falsa
813 1776 1022 1855 persuasione
1050 1773 1125 1850 flant

207 1866 240 1918 ut
262 1877 317 1937 per
338 1858 408 1938 ipsa
429 1858 585 1918 iustificari
607 1877 801 1939 praesumas,
828 1861 888 1918 iam
913 1860 1124 1920 necessitatem

208 1943 380 2022 imponunt,
402 1949 434 2000 et
448 1941 617 2002 libertatem
635 1960 704 2001 cum
720 1939 781 2002 fide
796 1943 1008 2025 exstinguunt,
1032 1942 1126 2004 etbot

206 2025 275 2105 ipso
298 2024 510 2086 additamento
535 2025 697 2086 benaiam
719 2043 783 2086 non
796 2032 867 2085 sunt
888 2043 1029 2105 vereque
1051 2025 1124 2086 dan·

207 2106 331 2169 nabilia.
374 2107 483 2169 Libera
505 2110 586 2169 enim
609 2127 671 2169 non
695 2114 807 2168 suntet
818 2108 950 2188 gratiam
969 2108 1031 2170 Dei
1055 2108 1123 2170 bus

207 2191 370 2271 phemant,
407 2193 491 2251 cuius
514 2192 609 2253 soiius
641 2201 687 2251 est
708 2211 763 2271 per
784 2190 875 2252 fidem
908 2191 1079 2254 iustificare
1099 2200 1124 2250 et

208 2273 344 2352 salvare,
367 2274 450 2352 quod
473 2294 569 2354 opera
591 2294 652 2335 uon
676 2277 815 2354 potentia
835 2285 1016 2355 praestare,
1038 2276 1122 2355 impia

208 2365 310 2416 tamen
334 2359 602 2438 praesumptione,
622 2377 677 2437 per
699 2364 832 2419 nostram
855 2358 938 2418 hanc
959 2359 1124 2434 stultitiam,

208 2439 363 2517 affectant,
385 2460 422 2501 ac
443 2443 487 2501 sic
508 2444 538 2501 in
562 2440 696 2502 officium
719 2443 834 2522 gratiae
857 2450 888 2502 et
909 2444 1046 2522 gloriam
1069 2443 1124 2502 cius

208 2524 358 2584 violenter
379 2526 504 2586 irruunt.

289 2607 359 2668 Non
381 2627 455 2688 ergo
486 2626 581 2687 opera
605 2607 687 2667 bona
707 2609 874 2686 reiicirnus,
907 2610 972 2670 imo
999 2613 1123 2672 maxime

207 2690 419 2770 amplectimur
448 2699 480 2751 et
502 2691 658 2751 docemus.
701 2691 770 2752 Non
792 2693 872 2751 enim
901 2702 1035 2773 propter
1055 2697 1124 2775 ipsa,

208 2772 262 2833 sed
277 2782 403 2854 propter
419 2775 544 2853 impium
560 2775 620 2833 hoc
632 2773 884 2851 additamentum,
908 2781 940 2856 et
952 2795 1123 2855 perversam

209 2857 386 2936 opinionem
410 2856 605 2935 quaerendae
621 2858 764 2936 iustitiae,
787 2876 825 2917 aa
846 2858 1041 2924 damnamus.
1066 2860 1124 2935 Qua

209 2938 260 3017 tit,
292 2946 325 2999 ut
361 2941 460 3001 solum
482 2942 513 3000 in
543 2942 646 3020 specie
669 2949 839 3021 appareant
859 2939 957 3019 bona,
995 2962 1066 3005 cum
1087 2961 1123 3004 rc

208 3042 281 3083 vera
303 3022 387 3085 bona
410 3043 471 3084 non
494 3025 564 3103 sint,
587 3022 696 3101 quibus
719 3025 863 3084 falluntur
886 3025 1050 3108 etiaiiunt,
1074 3045 1122 3087 ceu

208 3106 270 3185 lupi
292 3126 420 3186 rapaces
442 3107 498 3168 sub
520 3108 711 3168 vestimentis
735 3110 847 3169 ovium.

291 3190 349 3251 Hic
385 3198 487 3251 autem
520 3190 687 3250 Leviathan
719 3198 750 3251 et
781 3210 926 3272 perversa
957 3196 1068 3275 opinio
1099 3196 1123 3254 in

208 3273 351 3353 operibns
373 3274 587 3354 insuperabilis
616 3281 677 3350 est,
717 3274 766 3334 ubi
789 3274 877 3335 deest
897 3276 1025 3338 sincera
1046 3278 1123 3339 fides.

207 3357 327 3417 Abesse
366 3359 447 3417 enim
484 3376 545 3418 non
569 3365 672 3437 potest
698 3378 717 3418 a
739 3359 853 3419 sanctis
885 3358 946 3418 illis
972 3363 1123 3442 operariis,

207 3439 308 3500 donec
330 3440 407 3500 fides
430 3442 577 3501 vastatrix
591 3443 655 3501 eius
672 3444 776 3502 veniat
797 3447 949 3520 etregnat
970 3444 1003 3504 in
1027 3443 1121 3506 corde.

207 3523 323 3583 Natura
351 3544 415 3604 per¹
440 3544 474 3583 se
503 3525 600 3604 ipsam
634 3545 696 3585 non
725 3533 829 3606 potest
857 3544 925 3584 eam
961 3529 1121 3608 expellere,

206 3607 269 3667 imo
293 3627 332 3667 ne
355 3626 545 3687 cognoscere
568 3608 707 3686 quidem,
748 3610 821 3688 quin
850 3627 918 3669 eam
948 3609 1038 3673 ducit
1059 3612 1120 3672 loco

207 3692 419 3750 sanctissimae
442 3692 618 3753 voluntatis.
662 3691 721 3752 Ubi
751 3694 777 3752 si
805 3693 1000 3756 consuetudo
1030 3712 1120 3756 acces

122 3803 125 3815 ·
207 3775 290 3853 serit,
312 3781 343 3834 et
363 3774 445 3834 hanc
466 3781 592 3835 naturae
615 3777 796 3853 pravitatem
814 3776 1011 3839 roboraverit
1026 3776 1119 3855 (sicuti
