2346 4208
330 248 426 296 contra
444 258 552 298 errores
574 245 606 298 Μ.
628 244 702 300 luth.
918 243 982 314 296
1006 270 1011 275 ·

101 432 240 490 catcrsrn
263 431 429 493 veritatis·
452 431 524 495 Non
546 433 662 513 absque
683 451 777 495 causa
797 435 890 498 toties
912 436 977 498 alli-

100 512 146 572 cis
166 511 340 575 Lutherum.
465 531 468 535 ’

101 602 142 670 0)
165 594 300 655 Nimium
322 615 424 659 caves.

143 676 246 754 Alias,
282 680 307 739 si
343 677 492 762 (quoda)
517 681 615 762 absit)
640 680 785 743 Martinus
815 683 982 763 praefatus,

58 760 248 840 complices,
286 762 436 839 fautores,
471 763 674 825 adhaerentes
709 771 740 824 et
771 771 981 845 receptatores

56 844 210 924 praedicti
233 863 323 905 secus
345 847 478 926 egerint,
502 865 556 907 seu
579 848 749 926 praemissa
768 846 800 924 ¹)
825 849 930 909 omnia
951 854 983 910 et

57 926 184 1007 singula
205 927 284 987 infra
305 930 466 988 terminum
489 930 677 1008 praedictum
694 950 762 990 cnm
785 929 896 991 effectu
918 950 981 992 non

57 1009 258 1090 impleverint
271 1009 319 1088 2),
352 1011 496 1091 Apostoli
525 1013 678 1073 imitantes
706 1012 892 1088 doctrinam,
930 1014 982 1093 qui

57 1092 250 1152 haereticum
279 1093 437 1154 hominem
471 1104 543 1176 post
584 1097 711 1175 primam
752 1104 783 1156 et
815 1096 982 1157 secundam

58 1176 286 1246 correctionem
302 1177 461 1236 vitandum
474 1177 588 1257 docuit,
613 1197 652 1238 ex
667 1198 747 1238 nnnc
758 1184 795 1254 b)
820 1187 912 1259 prout
932 1199 983 1239 ex-

57 1265 135 1319 tunc
172 1263 203 1319 et
235 1276 405 1321 econverso
435 1260 564 1320 eundern
588 1262 768 1334 Martinam,
804 1262 982 1343 complices,

58 1339 282 1419 adhaerentes,
304 1341 439 1403 fautores
463 1352 494 1403 et
515 1351 722 1424 receptatores
746 1343 919 1423 praefatos,
953 1350 993 1405 et'

59 1443 169 1484 eorum
192 1423 368 1502 quemlibet,
390 1433 535 1504 tanquam
557 1427 660 1486 aridos
674 1427 825 1506 palmites,
849 1428 879 1487 in
901 1427 983 1488 Chri·
1022 1424 1026 1431 '

60 1515 111 1567 sto
135 1524 197 1566 non
222 1515 399 1586 manentes,
428 1508 482 1568 sed
506 1509 676 1570 doctrinam
702 1510 902 1587 contrariam,
937 1529 985 1571 ca·

61 1589 200 1650 thelicae
212 1587 284 1649 fidei
305 1592 469 1669 inimicam,
492 1593 557 1651 sive
579 1591 804 1670 scandalosam,
827 1610 881 1653 seu
903 1591 985 1654 dam·

61 1679 186 1748 natam,
208 1673 239 1731 in
263 1691 325 1733 non
348 1672 500 1735 modicam
525 1673 674 1735 offensam
697 1675 820 1736 divinae
842 1675 985 1734 r'naiesta·

62 1757 101 1816 tis
124 1773 163 1814 ac
186 1755 366 1817 universalis
389 1758 556 1836 ecclesiae,
586 1765 616 1818 et
645 1756 716 1818 fidei
738 1757 912 1818 catholicae
934 1755 984 1818 de-

63 1839 257 1914 trimentum,
293 1847 324 1899 et
347 1840 523 1900 scandalum
548 1839 792 1921 dogmatizantes
816 1847 846 1899 et
868 1838 985 1919 praedi-

63 1928 171 1982 cantes
185 1919 230 2002 ³),
260 1920 362 1982 claves
376 1922 407 2004 θ)
433 1943 555 2002 quoqne
578 1924 729 1983 ecclesiae
750 1922 986 2002 vilipendentes,

62 2003 204 2065 notorias
227 2003 266 2063 ‘et
295 2007 467 2084 pertinaces
496 2007 669 2067 haereticos
692 2005 800 2066 eadem
823 2006 987 2066 autoritate

63 2088 159 2148 luisse
182 2092 214 2146 et
236 2105 304 2147 esse
327 2088 536 2167 declarantes,
569 2089 695 2150 eosdem
727 2096 758 2148 ut
780 2087 856 2147 tales
879 2088 985 2148 harum
1080 2148 1084 2155 ,

62 2172 144 2231 serie
167 2168 425 2247 condemnamus,
458 2180 489 2231 et
518 2190 572 2232 eos
595 2192 650 2252 pro
675 2171 784 2231 talibus
814 2170 918 2230 haberi
947 2171 985 2231 ab

62 2252 211 2314 omnibus
235 2255 390 2334 utriusque
412 2274 504 2314 sexus
527 2254 780 2315 christifidelibus
804 2253 986 2335 supradictis

12 2410 16 2417 ι
61 2334 224 2412 volumus,
252 2346 283 2396 et
305 2336 500 2397 mandamus:
531 2356 647 2416 eosque
669 2357 776 2398 omnes
799 2341 830 2397 et
849 2336 987 2416 singulos

60 2416 207 2481 omnibus
236 2418 416 2499 supradictis
446 2427 478 2479 et
499 2419 565 2478 aliis
589 2430 696 2480 contra
718 2420 794 2480 tales
817 2438 836 2479 a
857 2421 921 2479 inre
943 2421 987 2477 in-

59 2501 154 2562 flictis
177 2503 284 2580 poenis
310 2503 514 2582 praesentium
540 2509 646 2562 tencre
668 2503 855 2578 subiioimus,
879 2509 910 2561 et
931 2503 987 2561 eis·

62 2585 135 2646 dem
159 2586 291 2644 irretitos
315 2584 348 2660 d)
388 2586 480 2644 luisse
510 2593 541 2643 et
569 2605 638 2644 csse
670 2585 861 2644 decernimus
885 2590 916 2644 et
937 2582 987 2643 de·

63 2669 229 2729 claramns.

108 2749 144 2824 a)
169 2749 277 2828 Neque
298 2751 378 2809 enirn
402 2769 419 2808 e
440 2768 474 2808 re
495 2756 547 2808 tua
569 2749 633 2810 erit.

107 2833 147 2907 b)
178 2833 308 2893 Pulchra
347 2832 474 2892 locutio.
533 2831 578 2890 En
627 2829 727 2890 stilum
749 2828 780 2903 4)
828 2831 989 2891 Romanae

108 2915 229 2976 Curiae.

108 3007 143 3067 c)
168 2995 241 3058 Non
272 2996 451 3057 videbamus
481 2996 601 3069 claves,
634 2997 694 3054 iarn
725 2994 897 3074 Imperator
916 2993 991 3072 Lea,

110 3091 142 3138 tu
164 3081 244 3139 enim
267 3080 387 3160 gladios
411 3097 629 3158 usurpaveras,
652 3096 741 3156 qnam
764 3076 894 3137 vidimus
917 3076 990 3136 mul·

109 3164 148 3222 tis
170 3182 239 3222 cum
264 3162 384 3222 milibus
405 3163 435 3220 in
450 3161 554 3222 Urbini
570 3163 685 3221 Ducem
708 3161 789 3237 ferri,
811 3179 848 3218 ac
870 3161 990 3240 sangui·

109 3265 179 3305 nem
203 3245 443 3306 Christianorum
466 3244 601 3306 sundere.

109 3327 148 3409 d)
173 3328 241 3388 Hoc
261 3327 336 3387 illud
365 3335 413 3387 est
434 3327 637 3407 apostolicum
661 3335 741 3402 rete,
779 3344 840 3404 quo
864 3325 987 3403 capion·
1028 3336 1031 3341 ’

110 3419 157 3470 tur
180 3411 321 3470 homines
345 3418 377 3470 ut
399 3418 536 3489 pereant,
558 3429 576 3470 o
600 3411 779 3470 novitatem.

125 3667 155 3728 l)
170 3665 200 3718 ln
213 3665 255 3718 ed.
267 3667 391 3719 illinon:
408 3666 553 3732 promissa
583 3663 614 3723 2)
634 3661 753 3715 Ibidem:
776 3660 994 3728 adimpleverint.

70 3735 227 3862 {gniiiiiueg
256 3738 356 3791 desunt
383 3738 482 3791 verba:
516 3743 543 3788 et
563 3733 762 3803 praedicantes.
821 3733 852 3800 4)
874 3733 995 3790 Ibidem:
