2346 4208
340 306 343 311 -
387 271 458 327 xiii.
474 270 511 325 de
528 276 665 341 potestate
686 272 785 341 Papae.
988 266 1050 333 381

130 452 312 534 presbyteri,
334 457 418 536 quod
429 457 568 521 Christus
589 457 632 519 ibi
653 457 775 519 oblatus
794 456 940 536 Spiritum
963 470 1051 519 sauc-

131 544 193 601 tum
218 539 314 617 misit3
337 548 369 600 et
389 539 536 611 breviter,
564 541 636 603 hino
657 542 687 601 iu
711 560 833 602 omnem
856 547 968 601 terram
990 541 1051 605 uxi·

130 621 175 679 vit
206 621 331 683 verbum
361 625 432 699 Dei,
466 624 538 686 hinc
567 644 675 685 omnes
704 622 863 685 eeclesiae.
907 620 973 682 Nee
1005 632 1053 690 est

131 701 221 767 uilius
244 712 306 765 tom
329 706 491 786 impudens
512 708 614 783 trous,
640 709 693 786 qui
715 708 814 787 possit
837 724 952 786 negare
971 704 1053 767 herro

131 804 201 847 esse
223 807 296 849 vere
317 797 445 851 matrem
467 790 667 851 ecclesiarum
686 790 832 870 omniurn,
855 788 984 863 fontem,
1006 806 1051 849 ra·

132 869 231 929 dicem
275 890 313 931 ac
351 875 532 951 manaem,
573 873 666 934 etiam
696 872 857 934 Ronrenae
891 871 1052 935 eeclesiae.

135 951 314 1026 [Undeiib.
338 958 366 1020 9.
399 958 502 1035 tripcr.
537 975 605 1035 oap.
635 958 683 1019 14.
711 957 849 1036 episcopi
886 956 916 1015 iu
951 956 1052 1017 couci·

130 1035 172 1096 lio
196 1034 542 1120 Ourrstentinopoiitauo
578 1040 757 1120 cougregati
792 1036 967 1119 significant
992 1038 1053 1103 Dc·

132 1138 218 1185 niueo
240 1122 390 1202 episcopo
412 1122 553 1185 &muno
576 1124 655 1182 inter
677 1132 795 1200 cetera,
831 1141 910 1202 quae
933 1120 1052 1187 ordiner

131 1210 200 1262 rant
221 1203 251 1262 iu
274 1202 355 1264 hunc
376 1205 520 1267 modurn:
544 1207 575 1265 in
598 1214 695 1267 matre
708 1216 885 1265 cunctarum
908 1205 1052 1269 ecclesiu-

131 1304 196 1345 rum
234 1285 460 1370 Hierosolymis
493 1289 661 1349 constituta
700 1288 988 1349 reverendissimum
1023 1297 1054 1348 et

131 1366 198 1429 Deo
226 1370 389 1431 amabilem
413 1370 559 1453 Oyriilum
591 1375 769 1455 episcopum
804 1391 873 1433 esse
903 1370 1053 1453 significo

131 1470 214 1527 mus,
250 1454 300 1533 qui
323 1450 504 1535 regulariter
534 1456 607 1517 oiim
630 1474 649 1514 a
670 1454 910 1537 provincialibus
933 1452 1053 1515 ordinu-

132 1540 179 1594 tus
208 1540 266 1596 ete.
309 1536 367 1597 Hic
396 1539 493 1601 claret
522 1546 649 1599 matrem
687 1539 823 1598 omnium
854 1536 1052 1607 ecclesiarum

131 1624 204 1677 tunc
226 1617 360 1681 habitam
374 1616 696 1703 [hierosolymitanam
718 1628 750 1681 et
771 1620 935 1681 concilium
959 1620 1053 1707 fuisse

132 1703 208 1761 citra
228 1702 360 1764 Romani
389 1702 544 1786 pontificis
568 1705 762 1766 autoritatem
785 1703 938 1779 habiturn,
970 1702 1051 1785 qu'od

132 1790 213 1844 esset
236 1786 439 1867 haereticum,
476 1790 501 1846 si
531 1790 594 1848 iure
626 1787 730 1849 divino
754 1789 901 1848 niteretur
923 1786 1053 1849 Romani

132 1869 270 1949 episcopi
303 1868 469 1955 potestas]
515 1870 547 1932 Si
579 1891 653 1952 ergo
682 1870 761 1932 haec
789 1890 850 1931 non
881 1868 975 1930 hebet
995 1868 1053 1951 pri-

133 1958 262 2028 matum,
282 1955 347 2033 ‘iuro
371 1956 424 2013 vix
446 1956 582 2035 quintum
607 1956 634 2015 ei
658 1952 822 2033 dederuut,
856 1962 971 2033 quanto
1001 1952 1053 2035 mi·

132 2054 188 2093 uus
211 2034 352 2096 Romana
373 2036 475 2115 babet,
521 2059 576 2099 uae
602 2050 648 2099 est
671 2039 736 2098 eius
759 2036 929 2119 discipule?
965 2034 1053 2097 Dicat

131 2117 278 2177 adversus
301 2118 378 2179 baec
401 2057 517 2200 aliquid
540 2123 590 2201 qui
614 2127 726 2202 potest.

214 2201 421 2283 Duodecimn,
454 2205 618 2264 concilium
649 2204 816 2280 Moenum,
846 2213 879 2262 ut
911 2202 1052 2263 scribitur

132 2283 182 2342 lib.
210 2284 289 2359 10¹)
321 2305 347 2348 c.
371 2290 398 2349 6.
427 2286 496 2347 hist.
525 2288 705 2367 ecclesiast,
735 2290 841 2348 statuit
863 2288 946 2349 artic.
970 2287 998 2350 6.
1022 2284 1052 2345 iu

132 2367 213 2425 bunc
235 2369 376 2429 modurn:
411 2369 450 2429 Et
478 2370 558 2449 opud
582 2369 819 2449 Alexandriam,
854 2371 900 2430 vel
924 2372 955 2429 in
979 2370 1053 2430 urbe

132 2450 240 2531 Roma,
265 2460 382 2512 vetusta
407 2453 599 2514 consuetudo
624 2462 770 2532 servetur,
794 2462 826 2514 ut
847 2454 895 2514 vel
920 2454 972 2513 ille
994 2453 1054 2515 Ae·

131 2536 233 2613 gypti,
267 2534 315 2596 vel
345 2536 396 2595 hic
423 2537 662 2597 suburbanarum
686 2536 885 2598 ecclesiarum
909 2537 1054 2597 sollicitu-

133 2616 233 2676 diuem
264 2629 358 2698 gerat.
403 2620 583 2700 Responde:
617 2620 685 2681 Hoc
718 2621 880 2680 concilium
917 2620 1053 2680 omnium

132 2700 194 2759 fere
217 2705 412 2762 sacerrimum
438 2714 492 2764 est.
533 2704 572 2763 Et
593 2722 684 2778 ecce,
707 2723 769 2764 non
792 2704 887 2764 modo
910 2723 971 2762 nou
994 2704 1055 2783 pri·

133 2790 245 2842 matum
275 2791 305 2844 et
334 2787 542 2846 monarchiam
566 2788 707 2847 Rourano
736 2787 789 2847 dat
811 2785 965 2866 pontifici,
998 2784 1054 2846 sed

132 2886 171 2925 ex
204 2874 324 2927 vetusta
352 2870 596 2949 consuetudine,
629 2891 690 2930 non
726 2871 791 2930 iure
824 2869 928 2929 divino
952 2867 1056 2929 tribuit

133 2949 370 3011 sollicitudinem
395 2952 568 3013 Italicarum
592 2962 624 3013 et
646 2953 888 3014 suburbanarum
912 2953 1055 3012 ecelesia-

132 3052 206 3092 rum.
232 3034 332 3113 Atque
345 3035 422 3095 haee
444 3038 474 3095 in
492 3037 705 3116 propositione
724 3056 793 3097 mea
816 3037 912 3116 tetigi,
930 3033 1054 3115 quando

132 3115 206 3192 dixi,
230 3118 311 3195 quod
335 3126 444 3179 contra
465 3120 660 3199 frigidissima
679 3120 811 3181 Decreta
834 3126 930 3180 staret
943 3118 1054 3179 Decre-

133 3209 195 3258 tum
220 3200 308 3259 huius
329 3202 461 3265 concilii.

216 3283 246 3343 Si
270 3303 346 3366 crgo
378 3304 444 3345 sum
467 3285 658 3363 haereticus,
679 3307 759 3367 age,
794 3286 905 3347 tollent
926 3287 1053 3366 primum

133 3367 193 3426 boo
215 3369 394 3445 concilium,
429 3370 477 3428 oui
507 3390 554 3429 rne
584 3371 653 3448 ipsa
682 3389 805 3448 quoque
827 3370 959 3430 Decreta
990 3376 1053 3429 tan-

132 3469 222 3528 quarn
242 3451 413 3532 Evangelio
436 3460 552 3533 cogunt
574 3452 715 3530 obedire,
746 3472 807 3513 nou
831 3472 957 3532 possum
982 3451 1054 3513 duu-

134 3534 189 3592 bus
212 3534 345 3594 dominis
367 3536 483 3595 servire
506 3537 674 3597 contrariis.

217 3618 344 3677 Decima
360 3618 506 3697 tertia²)‚
529 3618 610 3680 idem
635 3618 784 3681 Nicenum
808 3619 973 3679 concilium
995 3626 1054 3679 sta-

192 3761 225 3873 i)
240 3761 277 3860 tn·
290 3808 334 3863 ed.
353 3809 427 3862 ten:
449 3808 490 3864 iu
527 3809 560 3874 2)
581 3808 610 3861 In
631 3807 695 3862 edit.
715 3809 821 3877 priore:
840 3807 1063 3862 tertiadecima.
