2346 4208
123 261 186 333 172
342 264 499 336 Disputatio
520 267 626 337 lipsiae
644 267 737 321 habita
754 283 778 323 a.
797 264 863 323 xix

204 451 295 528 Quod
319 471 504 515 consensum
526 454 696 533 principum
724 452 787 514 dixi
817 472 874 534 pro
897 455 1041 535 passagio

123 544 154 598 et
177 537 318 597 cruciatis
351 550 511 597 asummo
533 535 681 597 Pontifice
710 536 920 617 indulgentias
949 536 1066 612 dama·

124 620 291 705 respondet
312 640 418 701 parum
442 617 609 695 conficere,
639 621 665 679 si
691 619 741 679 hic
769 620 940 681 erraverint
959 620 992 681 in
1012 638 1045 683 re

123 703 225 782 nihili,
248 704 334 783 quasi
356 702 431 762 nihil
454 713 545 778 esset,
569 701 680 763 Christi
703 700 810 763 fideles
833 702 997 783 decipere,
1016 708 1047 765 et

123 787 298 847 unanimem
321 785 563 846 Christianorum
586 786 756 864 principum
784 792 815 846 et
843 804 954 867 regum
975 802 1045 847 cou-

125 888 248 930 sensum
270 871 300 929 in
324 875 386 928 tam
410 867 551 929 fallacem
574 866 763 930 descendere
773 867 913 929 fidelium
937 867 1043 951 decep·

126 953 251 1013 tionem.

208 1035 386 1111 Praeterea,
401 1033 536 1112 nullum,
558 1035 618 1112 ait,
641 1053 711 1095 esse
733 1034 898 1096 Decretum
923 1052 1046 1115 expres·

125 1138 190 1179 oum
214 1124 245 1178 et
266 1118 381 1178 clarum
403 1136 496 1197 super
516 1117 726 1198 indulgentiis.
747 1116 882 1198 Oppono
897 1118 925 1178 ei
947 1116 1045 1179 decla·

124 1202 274 1262 rationem
299 1199 460 1278 sixtinam,
482 1206 513 1260 et
532 1201 593 1260 iam
617 1201 784 1261 novissime
805 1200 1046 1263 declarationem

126 1283 265 1344 moderni
288 1281 455 1359 Pontifiois,
477 1282 528 1343 ubi
548 1283 656 1362 inquit,
679 1283 849 1344 itomanam
872 1280 1045 1365 ecclesiam,

125 1385 217 1447 quam
251 1366 387 1445 reliquae
423 1371 568 1445 tanquam
604 1373 733 1427 matrem
767 1367 854 1446 sequi
894 1373 1045 1445 tenentur,

125 1449 287 1510 tradidisse
308 1449 480 1510 Romanum
495 1447 677 1510 Pontificem
700 1449 780 1509 Petri
803 1449 960 1528 Clavigeri
981 1468 1045 1510 sua

124 1551 293 1610 cessorem,
323 1538 355 1592 et
374 1531 449 1592 Jesu
470 1530 583 1592 Christi
610 1531 641 1592 in
674 1533 761 1592 terris
790 1532 938 1593 vicarium
961 1538 1044 1612 pote

123 1621 233 1677 statem
256 1615 409 1692 clavium,
440 1634 566 1694 quarum
590 1619 637 1675 est
658 1615 777 1695 aperire
803 1613 944 1676 tollendo
964 1614 1045 1677 illiut

124 1700 153 1759 in
166 1698 287 1759 Christo
312 1697 453 1759 fidelibus
477 1696 709 1778 impedimenta,
729 1698 853 1778 culpam
875 1696 997 1759 scilieet
1016 1704 1046 1759 et

124 1801 256 1863 poenam
285 1801 340 1862 pro
371 1781 506 1861 peccatis
536 1780 706 1841 actualibus
728 1779 873 1843 deletam.
915 1780 1045 1862 Culpam

125 1865 259 1945 quidem,
281 1850 436 1925 mediante
458 1869 652 1925 sacramento
669 1863 891 1944 poenitentiae,
913 1882 1046 1943 poenam

124 1968 198 2010 vero
222 1948 422 2028 temporalem
445 1947 659 2027 propeccatis
681 1945 853 2009 actualibus
876 1944 1045 2007 secundum

123 2033 256 2093 divinam
284 2031 430 2092 iustitiam
454 2029 606 2106 debitam,
642 2028 796 2090 mediante
832 2028 1045 2093 ecclesiastica

120 2114 312 2196 indulgentia
334 2132 427 2195 posse
458 2132 520 2191 pro,
545 2112 780 2174 rationabilibus
803 2113 903 2173 causis
926 2111 1044 2173 eisdem

122 2198 233 2259 Christi
255 2195 406 2270 fidelibus,
429 2197 480 2274 qui
503 2197 631 2256 caritate
652 2197 799 2276 iungeute
821 2203 893 2256 aunt
907 2193 1046 2256 membra

122 2279 243 2358 Christi,
266 2280 379 2340 sivein
401 2278 461 2338 hac
483 2280 561 2354 vita,
583 2279 649 2339 sive
672 2279 703 2338 in
725 2279 921 2359 purgatorio,
949 2276 1044 2338 indul-

141 2364 238 2424 entias
272 2382 312 2423 ex
344 2360 626 2441 superabundantia
657 2363 836 2422 meritorum
865 2361 979 2422 Christi
1013 2366 1044 2422 et

119 2383 318 2523 bernatorum,
347 2451 378 2505 et
403 2451 465 2504 tam
488 2462 543 2524 pro
567 2444 665 2520 vivis,
693 2463 783 2523 quam
812 2463 867 2524 pro
891 2443 1043 2505 destructis

22 2590 25 2595 ,
120 2529 294 2609 apostolica
314 2529 479 2588 autoritate
499 2527 723 2608 indulgentiam
745 2526 959 2607 coneedendo,
979 2527 1041 2589 tha

122 2631 243 2672 saurum
266 2612 441 2671 meritorum
464 2609 576 2671 Christi
608 2615 639 2672 et
659 2609 841 2671 Sanctorum
863 2608 1043 2691 dispensare

123 2700 182 2757 eta.
225 2693 284 2754 Ubi
307 2693 388 2754 clare
413 2694 596 2754 determinat
617 2712 685 2753 cum
709 2692 924 2773 sequentibus,
946 2690 1043 2754 indul·

122 2779 242 2859 gentian
265 2795 328 2836 non
341 2796 410 2837 esse
432 2773 630 2837 remissiones
653 2776 804 2838 bonorum
827 2795 969 2857 operum,
989 2773 1066 2865 sed=

121 2861 319 2921 remissiones
353 2878 539 2940 poenarum,
581 2879 661 2939 quae
696 2858 749 2920 flat
789 2860 1043 2940 compensatione

123 2944 205 3005 facta
227 2944 402 3003 moritorum
426 2942 544 3007 Christi.

205 3025 245 3087 Et
266 3025 347 3106 quod
369 3023 596 3101 ratiocinabar,
624 3023 787 3085 ecclesiam
816 3029 863 3084 tot
884 3025 975 3085 annis
997 3031 1041 3085 to·

122 3116 183 3170 tam
206 3129 269 3170 non
291 3127 430 3186 errasse,
452 3106 629 3187 respondit,
663 3125 726 3167 non
748 3110 845 3168 totam
876 3106 1040 3168 ecclesiam

122 3211 250 3269 errasse,
272 3192 343 3271 quia
365 3209 488 3270 semper
508 3188 756 3264 intereafuerint,
779 3188 887 3269 quibus
909 3189 971 3251 hoc
992 3209 1041 3251 ne·

123 3277 241 3357 gotium
266 3274 354 3335 fuerit
375 3279 561 3354 suspectum.
603 3266 681 3332 Hinc
702 3272 860 3353 vulgatum
882 3270 970 3332 illud:
996 3272 1042 3333 Iu·

102 3358 299 3439 dulgentiae
321 3365 393 3417 sunt
414 3358 484 3437 piae
506 3356 706 3435 deceptiones
721 3354 866 3418 fidelium.
888 3355 938 3415 Ad
960 3352 1042 3435 quod

124 3442 209 3503 dico:
239 3440 370 3517 Quando
401 3440 529 3501 alicuius
551 3439 594 3498 rei
621 3438 764 3500 habenda
786 3444 834 3499 est
855 3439 951 3517 ratio,
980 3456 1042 3499 uon

122 3525 203 3606 quod
227 3526 355 3604 quisque
377 3523 473 3600 dicat,
496 3521 551 3582 sed
574 3521 656 3602 quod
679 3521 767 3596 boni,
790 3519 895 3599 docti,
918 3518 1040 3582 honesti

120 3616 151 3670 et
164 3609 272 3688 optimi
285 3612 430 3686 statuunt,
439 3604 623 3666 audiendum
631 3610 687 3665 est.
697 3603 779 3679 Quot
789 3602 818 3679 ¹)
828 3604 910 3664 eninr
920 3603 1039 3665 fuerunt

121 3750 189 3862 2-1)
211 3797 240 3848 ln
260 3794 304 3850 ed.
321 3795 383 3848 Jcn.
401 3800 428 3848 et
446 3792 519 3863 apud
540 3793 666 3846 Loesch.:
686 3790 770 3860 quod.
