2346 4208
123 1013 354 1146 Magnifice
406 1013 581 1147 Domino
604 1014 805 1146 ,Rectori
856 1023 900 1112 ot
944 1016 1046 1114 aliis

123 1129 349 1260 generalis
381 1130 524 1260 Studu
543 1129 955 1261 Wrttembergensis
984 1160 1047 1227 re·

124 1243 646 1364 gent1busdom1n1ss1us
675 1273 763 1340 sem
794 1273 842 1340 or
860 1246 1047 1342 colendis

376 1365 420 1453 ct
450 1357 732 1454 observandis
748 1273 798 1476 *b
916 1456 919 1461 ,

212 1557 352 1647 Salutem
369 1589 398 1646 in
417 1588 550 1648 Domino
572 1589 650 1652 lesu.
683 1589 772 1650 Mitto
795 1590 913 1668 advos,
936 1592 1050 1652 Rector

122 1669 289 1752 magnifice
317 1690 353 1730 ac
377 1670 546 1752 dignissimi
567 1671 689 1750 Patres,
724 1675 907 1734 sanctissimi
932 1673 1048 1735 domini

121 1755 222 1816 nostri
232 1753 335 1834 Papae
349 1755 432 1813 iussu
449 1754 557 1814 Bullae
572 1756 692 1834 copiam
715 1756 744 1814 in
758 1738 839 1816 lsrbe
859 1757 1049 1837 impressam,

121 1847 156 1899 et
179 1837 287 1918 Sigillo
316 1844 347 1897 et
368 1837 486 1897 Notarii
514 1836 737 1918 subscriptione
760 1841 924 1919 munitam,
964 1841 1049 1900 cuius

120 1921 343 1982 continentiam
367 1920 569 1981 excellentiae
592 1927 713 1982 vestrae
744 1921 906 2004 diligenter
926 1924 1049 1984 investi·

120 2003 251 2086 gabant.
295 2001 448 2078 Quantum
481 2011 581 2064 autem
613 2004 652 2064 ad
686 2025 734 2065 me
767 2007 877 2067 attinet
910 2013 941 2066 et
969 2025 1051 2068 com·
1104 2081 1108 2087 ὑ

120 2088 303 2148 'missionem
333 2087 405 2146 mibi
433 2088 530 2147 invito
560 2093 591 2148 et
612 2089 752 2148 renitenti
775 2087 909 2168 factam,
940 2109 995 2150 oro
1019 2098 1050 2150 et

121 2171 255 2232 obsecro
278 2188 334 2230 vos
357 2190 412 2249 per
434 2169 625 2231 salvatorem
649 2178 796 2249 nostrum,
820 2180 853 2233 ut
873 2173 1047 2234 huiusmodi

120 2253 178 2314 flat
209 2253 290 2332 apud
325 2272 381 2312 vos
404 2253 491 2312 huius
514 2255 620 2313 Bullae
650 2257 829 2335 exsecutio,
866 2263 899 2317 ut
930 2256 1047 2317 articuli

121 2337 261 2398 damnati
295 2343 325 2395 et
355 2336 550 2416 reprobatis
588 2337 672 2397 nullo
706 2346 827 2400 vestrae
848 2339 1049 2400 Universitati

121 2421 263 2480 subiecto
310 2419 479 2479 doceantur
520 2418 640 2498 publice
681 2429 733 2480 aut
755 2421 942 2483 affirmentur
974 2430 1049 2483 etc:

121 2504 261 2582 alioquin
298 2504 384 2561 iuxta
424 2503 644 2562 continentiam
673 2503 780 2564 Bullae
813 2505 841 2567 S.
872 2506 909 2567 D.
938 2505 976 2568 N.
1009 2505 1049 2565 ad

121 2587 328 2667 privationem
352 2586 488 2645 omnium
521 2585 749 2665 privilegiorum
772 2607 791 2647 a
812 2588 893 2649 Sede
916 2589 1050 2668 Aposto-

120 2671 185 2730 lica
207 2668 391 2732 indultorum
415 2669 583 2749 procedere
614 2678 790 2750 cogeretur,
821 2690 890 2731 cum
912 2671 1049 2731 inhabili-

122 2753 242 2813 tatione
265 2751 397 2812 studium
420 2752 544 2811 tenendi
567 2759 643 2828 etc,
665 2752 748 2831 quod
770 2773 826 2815 vos
849 2772 904 2835 pro
928 2755 1049 2814 sincera

122 2835 299 2896 Christiana
333 2835 482 2914 religione
517 2843 548 2896 et
574 2837 693 2896 honore
729 2845 833 2897 vestro
862 2855 1049 2918 praecavere

124 2917 289 2998 oportebit.

210 2999 299 3076 Quod
329 3009 429 3061 autem
463 3021 522 3082 ego
553 3023 592 3062 ex
622 3005 840 3064 commissione
868 3001 1049 3082 Apostolica

127 3085 159 3146 in
183 3083 389 3165 publicatione
412 3084 519 3145 Bullae
545 3082 667 3165 praeter
688 3087 850 3147 Martinam
878 3084 1048 3146 addiderim

126 3186 251 3247 quoque
273 3166 476 3228 Carlstadium
499 3174 530 3228 et
552 3168 745 3247 Dolschium,
772 3171 815 3229 ita
836 3170 976 3250 accipere
1000 3166 1050 3227 de-

124 3251 224 3327 betis,
253 3258 286 3309 ut
307 3270 326 3310 a
348 3271 396 3311 me
419 3271 481 3311 non
504 3252 571 3311 sine
593 3260 722 3333 urgente
744 3272 838 3313 causa
859 3252 971 3313 facturn
995 3252 1048 3311 sit:
1077 3297 1079 3301 >

126 3338 160 3395 at
192 3335 216 3393 si
246 3333 289 3393 illi
322 3341 656 3415 matrem·agnoscent
683 3336 861 3410 ecclesiam,
901 3338 932 3395 et
953 3334 1051 3414 parati

126 3424 199 3478 sunt
221 3436 343 3476 omnem
365 3417 515 3477 haeresim
539 3417 693 3498 abiurare,
728 3419 858 3479 libenter
888 3436 949 3499 ego
978 3416 1049 3477 illos

126 3520 194 3560 sum
217 3508 393 3581 recepturus
416 3508 447 3561 et
467 3500 655 3579 humaniter,
677 3511 769 3583 atque
791 3503 955 3562 autoritate
976 3499 1050 3559 mihi

341 3642 506 3650 -—.-.-⁴.-.-
513 3643 546 3650 Q

200 3697 230 3760 *J
253 3692 357 3749 Textus
377 3699 506 3764 repetitus
528 3703 569 3749 est
589 3712 625 3749 ex
644 3695 686 3749 ed.
705 3695 818 3748 lenensi
838 3693 906 3763 Opp.
927 3692 1004 3745 Luth.
1025 3708 1050 3745 a.

127 3770 206 3824 1557.
226 3768 256 3820 T.
276 3768 300 3820 ll
321 3768 417 3836 ptos.

157 3875 250 3917 Ianthsri
264 3885 315 3923 opp.
330 3874 357 3916 V.
371 3874 399 3913 Δ.
413 3872 443 3913 ed
456 3872 497 3913 rei.
512 3871 563 3912 hlst.
579 3872 595 3912 l.
609 3883 630 3921 p.
645 3871 695 3913 Vol.
709 3871 746 3912 IV·
938 3849 980 3914 20
