2346 4208
310 256 428 313 nidmu
445 257 480 313 D.
499 257 577 314 risu
597 256 717 313 mmai.
745 266 752 293 -“
938 252 981 322 43
1030 298 1034 306 .

54 464 165 507 vorum
189 451 237 507 est
257 454 289 506 et
304 447 530 526 opsmriorum3
551 444 880 506 nuucdieuntbouum
892 464 981 527 opust

55 529 89 591 id
111 535 175 606 est,
210 529 325 591 bonum
348 531 454 591 otium.
497 529 570 589 Mihi
593 548 667 589 vero
689 528 751 591 hoo
772 532 913 608 tempore
934 549 981 590 sa·

55 614 96 676 tis
124 619 173 673 ast
202 612 376 674 ostendisse
412 614 459 672 ius
490 612 626 672 divinum
660 631 722 673 nou
756 611 817 672 boc
848 611 981 673 tribuere

56 697 151 758 Rom.
172 694 321 775 pontiflci,
345 695 427 775 quod
451 695 495 756 illi
516 697 564 755 ius
585 695 721 756 divinum
743 694 929 776 intelligunt,
950 694 982 755 id

57 786 121 852 est,
145 779 220 838 nulli
243 779 429 856 subiectum,
452 797 491 839 ns
514 780 675 840 veritatem
698 777 823 858 quidem
844 777 981 856 habentis

57 870 91 924 et
111 880 181 923 essa
213 863 382 942 impunitae
403 862 547 922 licentiae
581 861 836 940 voluntariaeque
862 860 982 922 libidini

56 944 210 1027 peccandi
231 964 305 1026 prae
328 944 470 1006 omnibus
492 944 677 1005 Christianis
695 944 858 1022 traditum,
891 962 980 1023 quom

56 1033 183 1109 oportet
214 1047 289 1109 pras
319 1027 460 1090 omuibus
483 1047 553 1089 esse
572 1028 730 1108 ligatum,v
748 1027 921 1088 subiectum
951 1032 983 1088 st

56 1130 189 1173 servom.
249 1136 252 1147 ‚
503 1138 506 1143 ·
585 1144 588 1151 ·
966 1152 969 1161 .

104 1230 123 1239 ,.
139 1193 231 1270 Quod
253 1196 279 1254 si
303 1193 397 1271 diam,
432 1195 490 1255 etsi
512 1194 669 1255 homiuem
692 1192 785 1253 licest
806 1192 982 1272 emendare,

58 1283 166 1339 tamen
186 1276 274 1339 locus
305 1279 373 1357 ipss
395 1284 444 1338 est
465 1278 531 1338 iure
551 1276 657 1337 divino
681 1276 831 1356 superios.
873 1275 983 1337 Hicin

57 1380 160 1421 meum
192 1379 334 1441 campum
370 1361 479 1438 venio,
519 1367 552 1420 ut
574 1360 754 1437 ostendam,
775 1360 880 1420 talem
912 1378 982 1421 esse

56 1444 160 1504 locum
183 1444 393 1523 superiorem,
416 1463 506 1523 quam
529 1442 632 1503 nullus
653 1461 798 1521 unquam·
811 1442 983 1504 velletob

57 1529 167 1605 tiuare,
189 1526 344 1606 longeque
365 1526 449 1586 aliud
471 1545 550 1601 esse,
572 1526 674 1586 locum
699 1543 768 1585 esse
782 1526 983 1605 superiorem,

56 1619 90 1670 et
121 1610 187 1670 iure
219 1609 332 1671 divinos
361 1611 550 1690 superiorem
584 1627 672 1668 esse:
716 1607 776 1669 Sed
814 1607 894 1669 haec
926 1626 983 1669 suo

57 1701 121 1754 tem
163 1711 206 1753 ra.
293 1718 296 1723 ·
641 1716 644 1721 ·
852 1712 855 1717 ’
910 1721 913 1727 ·
952 1730 955 1736 ·

70 1812 73 1819 ·
121 1710 175 1836 pbr
211 1773 289 1854 flue,
327 1776 368 1839 mi
389 1774 521 1852 Emser,
558 1772 697 1834 videmus
730 1773 821 1833 buius
852 1773 983 1834 infelicis

57 1859 274 1938 disputationis
297 1877 366 1918 euru
389 1878 458 1919 esse
477 1857 582 1934 finem,
606 1857 658 1936 qui
680 1855 732 1916 tali
754 1856 865 1936 diguus
883 1855 984 1936 dispu·

57 1943 187 2018 udone,
208 1961 321 2023 nempe
343 1961 433 2021 quern
455 1941 615 2020 apostolus
640 1943 667 2002 1.
680 1939 757 1999 Tim.
774 1940 802 2002 6.
823 1938 986 2019 descripsit

58 2025 181 2086 dicens:
213 2025 335 2105 siquis
358 2024 446 2086 aliter
466 2024 569 2100 docet,
591 2041 654 2083 non
677 2023 877 2101 adquiescens
900 2022 984 2082 sanis

57 2108 252 2168 sermonibus
274 2108 401 2168 Domini
427 2109 525 2169 nostri
548 2107 617 2167 Iesu
641 2106 768 2181 Christi,
792 2111 823 2165 et
844 2106 883 2183 ai,
905 2124 985 2185 quas

58 2190 228 2253 secuudum
268 2193 414 2271 pietatem
440 2197 497 2251 -est
535 2190 708 2266 doctrinae,
745 2189 894 2268 superbus
928 2195 983 2264 est,

59 2273 135 2334 nibil
158 2276 267 2352 sciens,
290 2273 344 2335 sed
367 2275 516 2354 languens
539 2274 620 2333 circa
637 2273 835 2351 quaestiones
856 2279 887 2331 et
909 2292 984 2352 pug-

59 2377 117 2418 nas
139 2357 313 2432 verborum,
336 2356 507 2436 exquibus
530 2358 667 2416 oriuntur
689 2355 834 2433 invidiae,
858 2364 984 2415 conten·

59 2441 181 2517 tiones,
215 2439 442 2519 blasphemiae,
479 2440 671 2518 suspiciones
707 2438 825 2514 maiae,
862 2437 984 2498 conflic-
1018 2454 1022 2460 ’

60 2524 195 2585 tationes
216 2523 373 2583 homiuum
399 2528 502 2583 mente
524 2527 753 2601 corruptorum,
782 2527 815 2580 et
834 2523 886 2600 qui
909 2522 985 2582 veri·

59 2613 124 2667 tate
146 2607 256 2685 privati
277 2613 361 2685 suut,
384 2605 623 2666 existimantium
646 2609 808 2682 quaestum
831 2622 900 2664 esse
921 2605 984 2684 pie·

58 2696 166 2750 tatem.

79 2815 82 2818 -
143 2771 248 2849 Vides,
270 2774 405 2851 iuquam,
428 2772 471 2831 its
492 2774 629 2832 nostram
650 2770 730 2828 hano
744 2767 984 2847 disputationem

59 2873 131 2916 esse
152 2855 317 2935 depictam,
338 2863 371 2914 ut
393 2873 452 2915 nec
472 2854 600 2934 Apelles
623 2853 722 2932 possit
740 2854 786 2920 ‚ita
808 2850 986 2932 depingere,

59 2957 155 2998 unum
177 2957 235 2998 uos
257 2938 470 3018 peccavimus,
494 2937 575 3016 quod
599 2935 812 2996 nesciebamus
835 2953 893 2994 uos
916 2953 986 2995 esse

59 3023 91 3081 in
115 3020 216 3082 medio
242 3021 408 3100 stuporum,
447 3028 478 3080 et
511 3040 616 3080 verum
640 3020 767 3081 fecimus
791 3018 984 3098 evangelium

60 3104 241 3178 chrisum:
280 3104 384 3164 Nolite
420 3109 559 3163 sanctum
597 3102 670 3163 dare
706 3100 849 3178 canibus,
886 3120 987 3179 neque

61 3188 188 3247 mittetis
211 3188 391 3247 meraritas
422 3193 540 3246 vestras
560 3191 632 3246 ente
655 3203 777 3264 porcos,
800 3202 839 3243 ne
863 3182 986 3243 concul-

60 3276 134 3330 cent
155 3289 207 3330 cas
228 3207 358 3350 pedibus
382 3270 454 3344 suis,
478 3277 509 3328 et
530 3288 622 3329 canes
645 3268 787 3329 conversi
811 3265 986 3345 dirumpant

61 3372 128 3413 vos.
169 3352 239 3413 Hoc
267 3352 356 3414 nobis
390 3351 470 3434 apud
493 3371 549 3412 vos
573 3351 710 3432 contigit.
757 3347 887 3425 Quando
911 3367 984 3409 ero

60 3438 143 3496 huno
167 3435 259 3495 finem
282 3434 431 3512 videmus,
455 3433 526 3514 quid
550 3454 679 3494 necesse
702 3442 748 3494 est
767 3432 879 3492 melum
902 3368 984 3492 medo

61 3518 199 3579 addere?
233 3518 363 3579 Oremus
385 3520 487 3599 potius
509 3519 674 3579 Dominum
705 3517 925 3592 communiter,
952 3521 985 3576 ut

330 3690 488 3697 m..

136 3786 167 3856 *)
187 3786 282 3843 Matth.
304 3787 331 3842 5.
