2346 4208
341 236 414 305 Xlll.
433 237 469 293 ds
484 243 624 309 potestste
642 240 742 309 Pepu.
946 236 1010 305 296

652 337 675 381 0

107 422 208 505 lipsise
228 423 393 588 dipputplis
415 428 546 508 primum
569 430 600 489 in
631 428 739 510 vulgus
771 426 910 491 ediderat
933 426 1011 505 (vid.

171 589 272 667 Quum
295 611 371 655 veru
392 592 470 655 lineo
491 594 653 656 Resolutio
676 593 866 674 locupletete
894 593 933 655 de
956 613 1010 675 po·

110 678 200 735 teleto
221 672 328 755 Pepee
357 683 485 756 propter
512 677 752 757 praefationem,
788 695 879 756 quem
912 676 1014 755 effert,

109 774 156 819 non
174 762 246 819 ente
267 758 551 822 Resolutiones
574 780 690 840 snper
724 759 910 822 tredecim
933 780 1013 840 pro·

110 839 371 920 positionibus
394 842 541 907 collocari
552 845 661 924 possit,
684 863 742 904 nos
765 861 889 923 qnoque
911 863 1017 905 exem-

111 920 177 1003 plum
197 922 344 985 editionis
367 943 439 1006 opp.
462 925 518 987 let.
531 926 656 987 Lntheri
679 935 710 987 et
731 926 874 987 lenensis
895 925 1015 987 ctWit-

113 1004 178 1069 bnb
235 1008 320 1069 eneis
347 1017 512 1088 sequentes
533 1010 584 1071 hic
612 1029 679 1070 eum
702 1016 775 1090 post
794 1009 1015 1071 Resolnu'onee

110 1106 187 1233 m
233 1088 276 1151 111
294 1091 562 1171 propositionibus
586 1095 752 1172 posuimus.
796 1092 927 1163 'sextum
949 1091 1014 1152 red·

127 1170 158 1186 ''
189 1192 223 1233 ns
245 1192 285 1233 ex
310 1172 448 1235 editione
470 1177 624 1256 originali,
646 1178 731 1236 ouius
755 1174 859 1236 titulus
882 1183 944 1236 est:

112 1288 304 1352 llesolutio
325 1290 552 1353 lutheriene
582 1312 697 1374 snper
730 1293 1018 1374 propositione

113 1370 242 1434 decime
269 1375 405 1436 tertie:
444 1375 490 1436 de
526 1383 728 1455 potestate
768 1395 914 1457 pupae:
951 1393 1020 1454 per

323 1463 498 1519 nutorem
521 1459 788 1538 locupletato.

177 1574 267 1636 Tituli
289 1576 404 1655 pugion
431 1576 527 1656 signis
562 1575 793 1657 typcprephicis
817 1582 925 1635 ornate
960 1593 1018 1634 nec

116 1655 198 1718 losum
219 1677 278 1719 nec
298 1676 416 1719 unnum
437 1656 562 1721 indicet.
605 1659 640 1718 ln
663 1658 771 1718 ultime
802 1659 916 1738 pagine
939 1657 1018 1737 legi·

118 1742 165 1813 tur:
184 1740 217 1801 Li
240 1742 316 1817 siae,
339 1740 422 1821 apud
444 1741 643 1802 Melchiorem
666 1740 852 1804 Lottherum.
885 1741 976 1800 Auno
1001 1759 1020 1798 n

117 1822 194 1885 nuli
208 1761 394 1889 ghristienc.
407 1824 445 1887 M.
460 1824 497 1888 D.
518 1824 598 1885 XIX.
623 1825 698 1885 (lum
711 1824 770 1885 hec
783 1824 919 1884 editione
944 1840 1018 1883 ocn-

117 1905 383 2050 qulimusupriorem
407 1927 469 1969 non
482 1907 712 1988 locupletatam,
737 1926 815 1986 ques
827 1904 941 1986 prodiit
964 1905 1020 1965 sub

132 2007 162 2050 ot
184 1992 220 2051 tit
253 2009 288 2050 0:
726 1994 731 1999 ’

116 2127 327 2192 RBSOLUTIO
366 2129 630 2191 LUTHERIANA
670 2129 800 2191 SUPER
837 2127 1023 2189 PROPOSI·

116 2210 226 2275 llorln
249 2212 328 2274 SUA
350 2212 499 2273 TERGIA
523 2212 680 2274 DECIMA
701 2212 755 2272 DF]
778 2211 1017 2272 POTESTA'PE

336 2294 486 2374 PAPAE,
510 2299 538 2360 4.
561 2296 622 2377 leq
647 2303 786 2385 quatern.

184 2413 279 2474 Tituli
302 2414 417 2492 pagine
438 2419 560 2492 prester
586 2414 666 2472 hanc
697 2413 927 2492 inscriptionem
952 2410 1024 2469 nihil

130 2516 178 2558 ree
201 2517 236 2557 sc
259 2496 317 2556 lert
339 2514 440 2574 neque
461 2516 590 2575 usquam
612 2495 779 2556 indicatum
803 2495 926 2575 legitur,
963 2513 1023 2572 quc

112 2517 173 2641 Alco
196 2580 247 2640 vel
276 2597 337 2658 quo
362 2585 499 2658 tempore
534 2580 583 2639 hie
615 2579 736 2639 libellus
770 2581 936 2657 impressus
974 2578 1022 2635 sit.

111 2660 220 2724 lnflne
244 2661 382 2722 additum
405 2670 467 2722 est:
491 2661 555 2722 Soli
570 2663 636 2722 Deo
659 2663 767 2741 glorio,
792 2670 822 2720 et
845 2667 945 2719 text-ns
968 2660 1026 2718 inr-

111 2745 332 2825 pressusliteris
342 2740 1019 2824 gothicismultisquclitcrernmcompendiis,

112 2826 189 2905 Quee
211 2830 293 2889 inter
323 2828 402 2887 hene
423 2828 592 2908 priorem
616 2828 781 2888 editionem
806 2834 836 2886 et
850 2826 885 2884 lo
899 2825 1028 2904 cnple-

112 2917 222 2973 tutem
247 2909 399 2987 differunt,
420 2912 450 2970 in
466 2914 548 2973 notis
559 2911 736 2987 adiecimus,
752 2919 783 2971 et
800 2915 963 2989 quaesunt
984 2908 1021 2966 nd

112 2992 357 3076 locupletandum
380 2993 498 3072 addite,
521 2996 639 3054 uncinis
662 2995 815 3074 angulatis
837 2990 1025 3051 inclusimus.

188 3078 300 3138 latine
331 3077 442 3157 legitur
473 3078 550 3137 haec
571 3078 733 3138 Resolutio
769 3078 798 3135 in
833 3074 880 3134 ed.
904 3074 1023 3132 lenensi

114 3159 198 3225 1311
214 3179 294 3241 sqq,
314 3161 346 3219 in
361 3160 547 3221 Wittemb.l
571 3182 600 3240 p.
624 3164 681 3223 ‘dll
707 3180 784 3240 sqq„
809 3162 837 3218 in
861 3156 1024 3217 Loescheri

116 3207 240 3305 Aeiorm.
257 3242 324 3303 Act⁴
340 3244 387 3320 lll,
410 3264 440 3323 p.
462 3245 520 3307 123
533 3262 609 3322 sqq,
623 3244 800 3323 germanice
812 3240 892 3321 apud
904 3239 1025 3299 Welch.

117 3322 144 3387 Τ.
165 3324 266 3389 XVIII
288 3346 315 3405 p.
342 3328 401 3390 933
424 3345 489 3406 sqq.

268 3409 505 3469 Vetustissimee
527 3408 677 3468 editiones
700 3408 758 3466 hae
781 3415 868 3466 sunt:
914 3414 918 3422 '

191 3491 354 3553 Resolulio
384 3492 569 3552 Lutheriens
600 3511 692 3569 super·
727 3490 939 3570 propositione
977 3508 1032 3546 sne

120 3574 199 3635 urus
219 3573 341 3635 decime
363 3574 402 3634 de
424 3581 579 3654 potestate
603 3575 714 3653 Papae.
748 3569 1028 3651 (Wittembergee)

126 3658 191 3722 1518
216 3658 280 3732 (sic
301 3676 374 3737 pro:
401 3661 510 3734 1519).
534 3659 563 3719 4.

209 3744 255 3820 (ν.
281 3739 311 3803 d.
334 3740 433 3802 Herdt
454 3745 574 3822 autogr.
596 3740 636 3800 lll
654 3760 684 3820 p.
713 3740 759 3801 ll.
784 3739 874 3798 Penn.
897 3736 949 3815 lx,
972 3738 1030 3814 71)
