2346 4208
395 278 429 332 da
448 279 630 335 santamente
648 278 789 348 baptismi.
999 272 1061 341 395

138 472 171 526 ut
192 471 224 525 et
245 464 441 547 demergatur
468 486 544 547 puer
571 467 602 526 in
640 483 752 544 aquam
782 473 813 526 et
842 483 945 526 rursus
968 469 1061 527 retra·

136 548 235 610 batur.

219 631 341 712 Tertio,
370 633 468 715 ligure
489 652 544 695 seu
566 631 750 715 significatio
773 631 917 712 baptismi
945 650 983 693 ea
1003 637 1062 710 est,

137 721 172 776 ut
192 715 414 778 mortificentur
434 718 534 798 primo
557 723 700 801 peooata,
722 722 794 796 post
816 720 849 777 ut
867 733 1062 796 resurgamus

139 800 342 879 pergratiam
365 801 445 879 Dei,
473 808 508 861 ut
534 808 623 861 vetus
644 800 763 876 homo,
791 799 843 880 qui
872 800 903 859 in
925 797 1062 880 pereatis

139 888 307 961 oonoeptus
330 889 361 944 et
383 884 483 947 editus
497 889 553 961 est,
576 889 660 946 totus
682 882 895 964 demergatur,
919 889 950 945 et
971 878 1062 963 prod·

139 972 192 1026 eat
212 983 311 1026 novus
332 967 438 1045 homo,
460 973 584 1030 renatus
606 967 811 1048 pergratiam
834 967 901 1027 Dei.

221 1047 272 1109 Sin
301 1049 331 1111 S.
364 1051 475 1112 Paulus
503 1050 543 1114 ad
564 1051 665 1112 Titum
696 1053 724 1115 3.
758 1056 850 1111 vooat
876 1048 1061 1129 baptismum

139 1131 295 1193 lavaorum
329 1136 573 1215 regenerationis
604 1153 642 1195 ao
669 1128 896 1209 renovationis,
925 1131 1010 1212 quod
1030 1131 1062 1193 in

139 1233 177 1274 eo
202 1215 326 1276 lavaero
348 1236 566 1298 regeneremur
588 1224 619 1279 et
640 1236 834 1280 renovemur.
858 1215 909 1278 Sis
924 1215 1062 1279 Christus

138 1315 262 1376 quoque
283 1299 394 1364 Johau.
419 1304 446 1367 3.
470 1301 559 1362 dioit:
589 1301 654 1362 Nisi
677 1302 748 1381 quis¹
766 1307 890 1362 renatus
912 1299 1002 1360 luerit
1018 1316 1063 1367 ¹ax

139 1399 220 1460 aqua
242 1387 275 1443 et
295 1385 401 1464 spiritu
418 1387 552 1466 (gratioe
568 1385 717 1461 scilieet),
739 1403 801 1445 non
815 1389 919 1465 potest
936 1382 1063 1445 introire

140 1465 170 1524 in
194 1483 226 1525 re
249 1484 321 1525 num
343 1468 409 1529 Dei
1029 1506 1035 1515 ·

222 1484 489 1623 buemadmodum
517 1551 599 1612 enirn
628 1559 724 1611 mater
751 1550 806 1611 illo
829 1548 944 1611 earnali
973 1549 1064 1629 partu

139 1629 262 1710 plenum
285 1635 422 1712 pennatis
433 1654 559 1714 puerum
583 1640 614 1696 et
635 1635 699 1694 irae
719 1631 814 1693 fllium
830 1632 904 1711 edit,
925 1632 969 1692 ita
990 1629 1063 1713 bap·

139 1715 246 1775 tiamne
268 1715 332 1777 edit
352 1718 540 1798 spiritualem
563 1727 699 1798 partum,
738 1722 769 1776 et
801 1720 964 1796 regenerat
991 1732 1060 1793 noa,

140 1803 174 1856 ut
192 1797 348 1861 iustifioati
370 1802 464 1861 simus
485 1799 540 1861 lilii
561 1802 687 1882 gratiae.
711 1799 762 1861 Sin
784 1805 914 1879 peeeata
934 1799 965 1857 iu
988 1795 1062 1878 bap·

141 1881 231 1941 tismo
254 1881 481 1965 demerguntur,
504 1893 535 1945 et
556 1885 686 1965 emergit
701 1900 757 1963 pro
780 1882 917 1962 peooatis
938 1880 1062 1941 iustitia

220 1962 350 2043 Quarto,
373 1986 466 2047 porro
479 1968 532 2028 illa
553 1975 751 2047 pennatorum
767 1966 919 2027 demersio
931 1967 962 2026 et
982 1982 1061 2025 mor·

140 2046 266 2108 tilioatio
290 2069 352 2110 non
375 2051 511 2130 periente
532 2052 562 2111 in
583 2051 642 2112 hae
662 2051 727 2111 vita
748 2049 937 2126 absolvitur,
961 2046 1063 2109 donea

140 2131 201 2191 hoo
223 2133 352 2194 mortale
377 2153 488 2214 eorpus
511 2142 632 2213 pereat,
667 2140 698 2195 et
726 2139 823 2194 totum
850 2133 881 2193 in
903 2132 1062 2212 pulverem

140 2213 240 2274 abeat.
278 2215 508 2277 Sacramentum
533 2218 582 2278 vel
604 2219 725 2298 signum
747 2216 901 2296 baptismi,
922 2215 953 2275 id
978 2212 1060 2294 quod

138 2296 286 2372 videmus,
310 2299 392 2360 brevi
416 2299 578 2379 perlinitur.
602 2302 716 2361 Verum
734 2299 918 2380 signifieatio
942 2299 1008 2358 eius
1031 2302 1062 2359 et

137 2381 302 2459 spiritualis
325 2383 503 2463 baptismus,
527 2383 700 2460 demersio,
723 2384 841 2443 scilieet
853 2388 1062 2463 peecatorum,

136 2462 189 2522 illa
210 2483 265 2543 per
294 2466 373 2525 hano
401 2473 497 2527 totam
528 2469 621 2527 vitam
651 2466 752 2544 durat,
787 2472 818 2526 et
845 2485 908 2526 non
941 2466 999 2525 nisi
1029 2465 1061 2524 in

137 2554 235 2606 morte
257 2547 420 2628 perlinitur.
453 2549 530 2609 Tum
553 2552 634 2610 enim
664 2569 735 2610 vere
757 2548 945 2629 demergitur
965 2547 1060 2609 horno

136 2629 383 2771 infibaptismum,
406 2639 437 2693 et
457 2653 529 2693 vere
551 2632 585 2692 lit
606 2632 682 2707 hoo,
705 2631 788 2711 quod
810 2632 979 2711 baptismus
1003 2632 1062 2711 sig·

141 2714 170 2771 ni
197 2722 255 2773 eat.

218 2797 288 2857 Non
311 2800 402 2878 igitur
423 2798 501 2858 haee
523 2800 586 2858 vita
607 2797 688 2858 aliud
713 2806 769 2877 est,
792 2816 881 2877 quam
897 2802 1062 2877 perpetuus

136 2880 305 2959 baptismus
328 2881 508 2960 spiritualis,
531 2880 632 2941 donee
655 2883 829 2959 moriamur,
854 2887 884 2940 et
906 2878 1059 2941 adiudiea

136 2970 183 3021 tur
207 2965 295 3024 morti
318 2965 354 3040 is,
378 2965 428 3043 qui
450 2964 629 3044 baptizatur.
662 2964 792 3026 Perinde
814 2971 907 3043 atque
929 2965 955 3023 si
979 2962 1062 3024 dieat

136 3045 291 3124 sanerdos,
314 3066 382 3106 oum
398 3047 551 3127 baptizat:
575 3048 657 3108 Eone
680 3048 788 3109 tunihil
811 3047 892 3107 aliud
910 3067 955 3125 es,
971 3065 1062 3126 quam

135 3147 208 3189 oaro
231 3129 323 3208 plena
346 3132 502 3209 pennatis,
532 3131 679 3212 demergo
702 3133 807 3209 itaque
830 3137 860 3191 te
881 3132 914 3191 in
937 3130 1062 3191 nomine

135 3211 212 3288 Dei,
242 3220 272 3272 et
294 3215 477 3274 seutentiam
501 3216 606 3274 mortis
630 3223 737 3275 eontra
765 3222 795 3274 te
813 3215 842 3273 in
866 3212 976 3274 eodem
1007 3231 1062 3273 no·

135 3296 217 3354 mine
239 3295 325 3372 lero,
358 3303 391 3357 ut
412 3303 514 3357 tenum
537 3299 641 3358 omnia
671 3304 799 3376 pennata
821 3306 872 3357 tua
894 3297 1062 3357 moriantur

135 3385 165 3437 et
193 3378 416 3458 demergantur.
456 3380 557 3460 Atque
588 3382 632 3440 sio
672 3381 698 3441 S.
726 3381 837 3440 Paulus
869 3399 992 3460 quoque
1022 3378 1061 3440 ad

134 3461 264 3522 Roman.
278 3465 306 3525 6.
330 3462 417 3523 dioit:
442 3463 552 3524 Sumus
575 3483 643 3523 num
657 3464 777 3525 Christo
793 3464 903 3543 sepulti
926 3466 957 3523 in
982 3482 1061 3524 mor·

135 3552 196 3604 tem
221 3565 275 3623 per
297 3544 492 3624 baptismum.

217 3627 286 3702 Quo
308 3629 399 3709 igitur
421 3631 509 3690 nitius
532 3630 626 3689 homo
650 3649 668 3688 a
690 3629 843 3709 baptismo
862 3631 997 3707 moritur,
1022 3649 1060 3691 eo

134 3712 222 3771 eitius
244 3711 415 3791 baptismus
438 3732 510 3773 suus
532 3710 688 3793 perficitur
710 3721 741 3773 et
751 3713 930 3774 absolvitur.
952 3714 1061 3791 Neque

132 3795 215 3855 enim
248 3799 371 3856 oessant
402 3802 547 3875 peooata,
575 3794 720 3875 quamdiu
741 3796 792 3856 hio
814 3796 967 3878 vivimus,
990 3814 1067 3858 nam
