2346 4208
487 277 587 334 ⁴nu.
606 278 727 348 nauso.
989 256 1052 344 169

123 487 217 548 qnam
241 468 314 529 satis
342 467 491 531 habemus
519 469 637 531 virium.
681 465 785 547 Atque
817 486 877 550 ego
900 487 957 550 pro
979 485 1049 529 meo

121 551 238 613 iudioio
253 559 404 632 optarem,
426 561 460 613 ιιι
481 551 563 632 apud
576 552 767 613 Christianos
784 552 859 612 nihil
871 558 956 613 esset
966 570 1051 632 pror·

124 655 177 697 sus
199 641 351 712 votorum,
374 642 495 716 praeter
509 655 556 714 aa,
577 655 657 715 quae
671 637 703 694 in
716 635 869 715 baptismo
885 635 1051 716 emisimus,

124 720 207 780 sieut
236 719 310 779 olim
332 718 426 781 luisse
454 726 600 800 apparet,
636 726 668 780 et
698 738 806 779 omnes
835 719 1052 799 intelligerent,

123 800 200 882 quid
222 803 402 881 requiratur,
426 801 623 864 utmandatis
645 803 702 863 Dei
725 801 894 864 obediatur.
937 801 1050 863 Viden-

123 890 175 946 tur
197 885 278 946 anim
303 890 377 946 vota
397 884 542 966 baptismi
563 903 689 965 prorsus
710 886 837 946 viluisse
858 904 933 966 prae
954 885 1050 946 nimio

122 987 198 1046 usu,
227 987 360 1048 pompa,
394 968 641 1049 dispensatione,
674 968 886 1049 redemptione
908 974 1051 1030 votorum

122 1052 263 1114 istorum
305 1050 566 1149 Apponamns,
557 1070 698 1131 unquam,
739 1070 847 1113 omnes
888 1052 984 1130 vires,
1018 1055 1050 1112 et

120 1134 193 1216 plus
214 1153 273 1195 uos
295 1136 420 1195 vovisse
441 1135 650 1214 inveniemus,
684 1154 775 1214 qnam
809 1136 963 1216 possimus
996 1135 1050 1194 irn-

123 1215 214 1298 plare
236 1236 380 1297 unquam

209 1299 360 1362 Votorum
383 1301 444 1362 aha
472 1300 550 1361 fiunt
580 1300 773 1378 hominibus,
807 1303 885 1362 siout
913 1308 945 1362 et
971 1302 1051 1360 inra-
1126 1308 1128 1311 ’

123 1389 211 1443 rnent
212 1402 239 1462 a,
198 1382 323 1444 talia
336 1384 417 1447 Deo.
460 1381 515 1464 Fla,
538 1404 618 1463 quae
632 1384 807 1446 hominibus
820 1383 907 1463 flunt,
929 1389 1052 1445 onustat

123 1472 244 1527 tantum
266 1472 297 1529 et
318 1474 380 1528 tam
404 1467 456 1528 diu
477 1468 598 1546 valere,
628 1474 773 1547 quantum
796 1466 898 1547 volet,
928 1468 977 1528 oui
998 1485 1051 1528 vo·

123 1556 223 1610 vetur.
265 1549 399 1613 Proinde
433 1551 606 1631 sciendum,
637 1558 671 1611 ut
696 1556 781 1612 reete
798 1549 919 1611 Gerson
948 1550 1051 1629 sentit,

123 1635 298 1694 iuramenta
320 1640 352 1694 et
372 1635 497 1695 votam
507 1633 763 1696 Universrtatrbus
787 1633 878 1694 solita
899 1631 975 1713 fieri,
999 1639 1053 1693 aut

125 1715 321 1796 magnatibus
342 1719 505 1797 praestita,
540 1735 601 1778 non
632 1716 745 1779 debere
775 1723 837 1777 tam
864 1715 963 1795 rigida
992 1716 1053 1775 exi-

123 1799 252 1877 stimari,
274 1806 308 1860 ut
329 1800 496 1879 quamlibet
519 1819 624 1861 eornm
647 1799 826 1897 praevenies
827 1799 943 1860 tionem
975 1796 1051 1858 iudi-

124 1899 234 1943 eemns
256 1883 321 1944 voti
344 1883 530 1945 solutionem
552 1887 605 1943 ant
626 1884 799 1962 periurium.
844 1880 924 1956 Quin
946 1900 988 1961 po
991 1881 1051 1940 tius

123 1982 258 2043 aequum
291 1972 354 2045 est,
386 1965 561 2027 huiusmodi
583 1975 658 2026 vota
690 1984 752 2027 non
782 1964 913 2044 intelligi
941 1963 1052 2042 solnta,

122 2049 184 2108 nisi
201 2066 246 2106 ex
266 2053 446 2130 contemptu
469 2055 500 2109 et
487 2049 685 2112 tobstinata
721 2048 838 2108 malitia
865 2049 910 2108 eis
932 2052 1052 2107 eontra

126 2130 278 2210 veniatur,
301 2150 390 2192 seous
412 2133 444 2192 in
464 2131 521 2211 his,
544 2152 624 2211 qnae
644 2132 712 2193 Deo
736 2136 896 2192 voventur.

210 2213 244 2273 lu
266 2216 356 2292 votis,
379 2233 458 2294 qnae
481 2216 548 2275 Deo
573 2222 738 2296 voventur,
761 2214 851 2275 video
874 2233 929 2293 per
952 2213 1052 2293 ponti-

123 2295 201 2356 fines
233 2296 417 2377 dispensari:
453 2297 508 2360 ssd
545 2317 700 2395 nunquam
737 2317 797 2379 ego
832 2295 1051 2392 persuadebor,
1112 2349 1115 2353 Α

124 2385 222 2440 ιιιιιιιιι
246 2380 312 2440 fore
334 2400 421 2458 eum,
444 2399 512 2440 eum
539 2400 600 2461 quo
624 2383 668 2440 sie
689 2382 898 2462 dispensatur
922 2381 1053 2459 sumsit

125 2463 199 2522 iuris
224 2462 318 2522 divini
341 2464 403 2524 tale
422 2470 538 2542 votum,
561 2471 592 2524 et
612 2483 676 2524 non
700 2465 846 2524 maiorem
863 2464 894 2523 in
916 2463 977 2524 hoe
997 2481 1051 2542 po-

127 2550 271 2605 testatem
293 2545 559 2626 habeatpontifex
583 2546 700 2606 medius
716 2554 768 2607 aut
789 2566 937 2631 summus,
958 2564 1050 2625 quam

124 2627 254 2707 quilibet
273 2628 332 2689 frat
320 2634 367 2689 ter
390 2630 670 2708 Christianus,tes1
688 2631 752 2689 seio
769 2624 938 2689 decretales
962 2647 1050 2707 quas·

125 2710 198 2771 dam
229 2711 489 2792 decretalinmqne
521 2676 642 2792 glossas
674 2712 769 2772 multa
799 2711 931 2789 andere,
971 2728 1050 2790 quae

124 2812 190 2855 non
213 2794 315 2859 eredo,

208 2877 277 2939 Hos
297 2884 400 2938 tamen
418 2877 549 2939 libenter
563 2878 753 2956 crediderim,
776 2884 882 2938 votnm
899 2877 1050 2936 eastitatis

123 2967 198 3020 ante
218 2960 410 3040 pubertatem
433 2962 577 3022 emissum
606 2981 668 3023 non
691 2967 813 3038 tenere,
842 2979 900 3020 neo
935 2959 1048 3039 ligare:

126 3043 200 3121 qnia
220 3045 256 3121 is,
279 3046 330 3122 qni
340 3045 434 3120 vovit,
457 3045 611 3124 ignoravit
633 3044 706 3123 qnid
728 3050 865 3121 voveret,
887 3061 955 3102 eum
979 3060 1049 3101 nee-

124 3125 197 3185 dum
219 3127 373 3186 stimulum
389 3127 488 3187 earnis
510 3129 647 3188 senserit.
690 3125 824 3187 Proinde
836 3127 886 3205 pie
908 3124 1049 3204 arbitror,

128 3209 190 3269 tsle
212 3216 318 3270 votnm
348 3209 430 3289 npnd
451 3210 549 3270 Deum
581 3212 714 3290 reputari
742 3210 866 3269 stultum
899 3214 930 3268 et
958 3207 1049 3268 nihil:

127 3290 373 3389 prohibendique
396 3300 500 3353 essent
528 3294 665 3374 generali
688 3293 789 3354 edicto
813 3292 963 3353 ecelesiae
985 3308 1049 3351 mo-

123 3376 328 3436 nasteriorum
353 3375 728 3455 Patres,nen1asenlnm
761 3382 832 3436 ante
868 3374 1047 3455 vigesimum

125 3465 179 3517 ant
194 3459 254 3519 salt
241 3465 303 3519 tem
320 3458 470 3519 decimum
488 3467 629 3520 oetavnm
645 3480 757 3519 annum
770 3460 969 3538 susciperent
992 3475 1051 3516 nee

123 3540 243 3621 puellas
256 3561 295 3602 an
298 3531 476 3639 teqn'intum
486 3543 637 3603 decimum
653 3543 703 3604 vel
714 3543 867 3604 decimum
883 3547 1013 3620 sextum,
1023 3541 1049 3599 si

124 3642 182 3684 nos
207 3642 280 3684 eura
301 3627 469 3685 animarum
493 3625 606 3686 sollioit
594 3631 681 3686 ta.ret

204 3707 412 3768 Vehementer
434 3710 525 3768 etiam
549 3710 742 3770 temerarium
764 3714 828 3784 est,
859 3708 890 3768 in
913 3726 1047 3769 eommu-

122 3787 225 3852 taudia
246 3792 328 3854 votis
350 3796 382 3853 et
408 3790 586 3856 relaxandis
614 3792 723 3853 melius
747 3789 799 3875 (ut
820 3789 947 3875 vocant)
969 3809 1048 3873 opus
