2346 4208
281 251 378 302 eontra
396 245 538 318 Antinomi
557 246 883 310 cniusdaml’ositiones.
978 249 1040 319 421

205 436 234 498 8.
263 434 305 495 At
328 434 417 494 datus
439 434 529 512 olim,
564 435 712 520 etrdatur
739 444 888 518 perpetuo
911 437 1040 519 Spiritus

122 525 257 595 sanctus,
275 524 311 593 ⁴et
332 516 533 578 iustificantur
553 519 707 580 homines.
720 522 789 581 sine
807 521 892 601 lege,
916 542 971 601 per
987 539 1045 585 sos.

120 601 185 663 lum
208 601 402 682 evangelium
426 601 465 661 de
487 600 619 662 Christo.

207 687 237 748 9.
261 684 343 765 Ergo
366 685 417 744 lex
430 684 507 746 Mosi
529 692 658 746 nonest
679 686 855 747 necessaria
876 691 908 748 ut
931 687 1042 748 (16666-

122 773 180 845 tur,
204 786 304 846 neque
327 786 382 848 pro
405 768 566 848 principio,
588 788 689 848 neque
713 769 834 850 medio,
856 790 958 849 neque
980 770 1042 832 fine

122 849 360 911 iustificationis.
456 848 459 853 ⁴

187 937 233 998 10.
256 934 355 994 Maior
377 941 424 993 est
446 939 530 995 serta
551 953 590 994 ex
613 936 818 1016 experientia,
847 954 940 1016 qnam
967 936 1042 998 affe·

121 1024 193 1078 runt
213 1016 325 1077 Paulus
348 1024 379 1077 61
401 1016 568 1078 Barnabas.
589 1041 598 1061 2

187 1103 235 1162 11.
259 1099 344 1160 Idem
365 1098 565 1160 iudicabimus
594 1099 632 1160 de
655 1103 789 1180 minore,
819 1120 891 1162 nam
914 1100 1043 1182 Spiritus

126 1189 251 1243 sanetus
274 1183 384 1242 residit
406 1183 516 1243 visibili
539 1185 642 1267 666616
663 1204 756 1264 snper
777 1191 896 1264 gentes.

191 1267 237 1328 12.
259 1266 299 1326 Et
319 1264 392 1344 quid
415 1267 505 1346 igitur
526 1267 649 1345 quidam
672 1269 740 1329 sins
761 1266 866 1345 verbo,
888 1268 947 1328 imo
971 1287 1042 1328 oon-

124 1355 171 1408 116
195 1348 319 1409 verbum
343 1349 470 1426 Christi,
494 1357 601 1410 eontra
623 1350 798 1430 exemplum
822 1351 1044 1430 apostolorum,

123 1431 239 1491 faoiunt
260 1432 361 1512 legem
385 1433 669 1512 primam‘partem
705 1433 881 1512 etquidem
903 1453 1045 1495 neeessa-

122 1515 199 1574 riam
222 1513 261 1574 od
284 1516 454 1576 doctrinam
477 1514 723 1576 iustificationis?

188 1600 237 1662 13.
266 1597 368 1672 Quare
398 1617 453 1678 pro
484 1599 698 1660 conservanda
731 1600 863 1679 puritate
885 1598 1045 1660 doetrinae

124 1681 328 1741 resistendum
352 1687 399 1741 est
420 1682 473 1757 iis,
509 1682 561 1762 qui
592 1681 720 1761 docent,
755 1681 949 1762 evangelium
980 1702 1044 1743 non

123 1762 380 1844 praedicandum,
413 1765 471 1824 nisi
499 1766 609 1825 animis
637 1767 721 1846 prius
743 1766 895 1844 quassatis
918 1771 950 1826 61
973 1784 1044 1826 666-

122 1847 201 1908 tritis
225 1866 280 1927 per
303 1847 413 1927 legem.

192 1931 240 1993 14.
263 1929 322 2004 Qui
345 1931 426 1989 enim
441 1928 591 2010 affingunt
604 1930 704 1991 verbis
717 1930 829 1992 Christi
838 1931 1044 2011 improprium

125 2013 208 2073 huno
231 2032 405 2072 sermonem
439 2020 468 2073 st
491 2012 612 2091 dieunt,
636 2015 766 2094 primum
788 2014 904 2093 legem,
934 2009 1046 2075 deinde

126 2096 320 2176 evangelium
363 2095 536 2161 docendum
571 2115 655 2173 esse,
696 2097 727 2156 hi
771 2103 842 2156 sunt
882 2097 1046 2158 verborum

126 2179 240 2240 Christi
262 2186 472 2253 contortores‚
496 2199 558 2240 non
581 2182 663 2240 enim
686 2181 858 2240 consistunt
879 2181 909 2240 in
933 2181 1049 2261 simpli-

125 2263 218 2323 oitate
241 2262 401 2323 verborum
423 2262 544 2325 Christi.

188 2349 236 2408 15.
259 2346 337 2405 Nam
360 2352 393 2404 ut
414 2343 644 2407 consistendum
667 2346 784 2405 eratin
807 2346 938 2426 simplici
951 2366 1045 2406 sensu

125 2427 289 2499 verborum
313 2427 448 2487 illorum:
473 2427 541 2487 Hoo
563 2434 610 2486 661
632 2446 744 2506 eorpus
767 2447 887 2506 meum,
909 2431 952 2489 ita
975 2448 1047 2490 con·

125 2509 294 2571 sistendum
318 2512 375 2570 erit
398 2509 487 2570 nobis
509 2511 539 2569 in
564 2510 759 2589 simplicitate
787 2510 907 2571 illorum
939 2512 1047 2573 verbo·

125 2614 210 2656 rum:
233 2594 287 2670 lte,
311 2593 485 2673 praedicate
508 2592 715 2673 evangelium,
739 2592 931 2672 baptizantes
955 2602 1013 2655 616.

192 2681 240 2742 16.
261 2677 325 2736 Lex
349 2684 465 2737 tantum
487 2678 588 2756 arguit
609 2682 751 2754 peecata,
784 2681 815 2735 et
837 2676 958 2754 quidem
982 2679 1049 2738 sine

127 2760 240 2841 Spiritu
265 2767 384 2831 sancto,
407 2778 482 2839 ergo
505 2760 606 2839 arguit
627 2757 666 2818 ad
688 2757 928 2820 damnationem.

191 2847 240 2906 17.
263 2841 349 2924 Opus
372 2850 419 2901 est
441 2850 542 2902 autem
566 2842 724 2918 doctrina,
749 2860 828 2919 quae
851 2862 965 2922 magna
987 2842 1050 2902 6111-

127 2927 214 2986 66616
235 2945 298 2985 666
323 2932 439 2985 tantum
463 2924 604 3001 damnat,
626 2923 682 2984 sed
704 2923 982 3004 61661661611661,
1013 2945 1050 2985 66

127 3016 229 3070 66166
255 3013 302 3069 est
323 3008 527 3088 evangelium,
551 3027 631 3087 quae
652 3008 839 3068 ooniunotirn
863 3007 956 3071 docet
977 3027 1050 3088 poe·

128 3093 288 3153 nitentiam
311 3100 342 3152 61
364 3093 576 3151 remissionem
600 3099 807 3170 peecatorum.
1068 3140 1071 3144 ,

193 3177 240 3239 18.
268 3175 347 3235 Nam
372 3174 566 3252 evangelium
589 3174 699 3233 Christi
722 3172 814 3233 docet
833 3173 909 3231 iram
932 3172 991 3232 Dei
1012 3171 1052 3233 de

129 3259 236 3336 66616,
266 3265 297 3318 61
319 3258 409 3318 simul
433 3259 577 3317 iustitiam
601 3258 677 3335 nei,
707 3257 796 3319 Rom.
821 3259 848 3317 1.
891 3255 947 3315 Est
970 3257 1051 3315 enim

128 3341 317 3422 praedicatio
347 3341 574 3419 poenitentias,
606 3341 771 3400 coniuncta
803 3336 1052 3419 promissionil),

130 3445 221 3504 quam
243 3427 322 3483 ratio
346 3442 408 3482 non
432 3431 516 3482 16661
538 3423 734 3500 naturaliter,
769 3421 824 3482 sed
853 3441 907 3501 per
935 3421 1052 3481 revela-

130 3510 245 3568 tionem
267 3507 410 3567 divinam.

202 3761 233 3825 1)
254 3758 286 3813 16
304 3755 348 3813 ed.
368 3756 452 3813 1558:
473 3757 634 3824 promissio.
