2346 4208
119 248 184 317 220
457 254 554 309 Sermo
573 253 684 306 Lutheri

121 439 255 581 possint,
284 444 315 502 et
348 458 525 520 germanam
548 440 732 499 sententiam
766 439 948 519 explicatius
978 445 1023 499 tra·

142 541 201 581 am.
677 549 681 565 ·
776 536 781 559 ¹
981 558 984 563 -

254 688 464 749 Enarratio
496 647 632 767 evang.
660 688 790 750 Matth.
812 687 905 748 XVI.
1022 698 1028 715 ⁵

379 822 411 883 ln
435 823 514 884 festo
537 822 618 883 Petri
641 829 672 883 et
693 823 788 885 Pauli.

203 941 272 1002 Hoc
308 941 504 1022 evangelium
538 943 712 1001 universam
750 941 910 1001 materiam
947 939 1028 1000 totius

121 1025 344 1104 Disputationis
365 1025 415 1084 hic
436 1026 570 1106 agitatae
592 1026 745 1102 continet,
767 1043 838 1094 nam
862 1023 902 1084 de
923 1021 1029 1083 duabus

121 1108 212 1168 rebus
234 1109 426 1187 potissimum
449 1109 602 1186 loquitur,
625 1109 723 1188 primo
747 1107 786 1167 de
808 1108 911 1188 gratia
930 1106 1029 1167 Daiei

120 1189 218 1251 libera
239 1191 397 1252 voluntate
418 1198 544 1267 nostra,
566 1190 702 1252 secundo
725 1190 763 1251 de
785 1195 942 1270 potestate
960 1187 1030 1250 Patri

123 1280 153 1334 et
187 1273 327 1334 clavium.
371 1275 459 1335 Prior
484 1275 608 1335 invadit
640 1293 786 1354 magnos,
821 1274 978 1352 sapientes
1005 1276 1032 1333 ci

121 1363 274 1433 saumas,-
291 1376 368 1436 quos
391 1357 516 1418 omnino
539 1359 569 1417 in
592 1358 719 1418 nihilum
740 1356 881 1437 redigere
903 1362 1032 1431 conatur,

122 1458 190 1499 cum
213 1441 270 1519 ipsi
294 1441 431 1520 persuasi
454 1442 531 1520 siut,
564 1460 598 1500 se
630 1460 685 1499 sua
706 1441 860 1519 sapientia
889 1446 922 1500 et
943 1437 1033 1519 operi·

121 1523 177 1583 bus
201 1525 304 1583 omnia
326 1542 420 1602 posse
452 1522 582 1584 efficere.
627 1522 720 1602 Atqui
743 1524 893 1583 Dominus
915 1522 968 1583 hic
987 1520 1031 1581 do

121 1616 171 1666 cet
191 1606 384 1666 haecomnia
405 1606 479 1665 nihil
502 1626 581 1680 esse,
606 1605 751 1685 quidquid
773 1625 845 1666 caro
866 1613 898 1666 et
916 1603 1031 1686 sanguis

121 1696 169 1750 est
191 1699 222 1750 et
244 1696 363 1769 potest:
386 1689 535 1767 siquidem
559 1689 711 1749 Christum
735 1707 927 1769 cognoscere
948 1704 1032 1749 namo

120 1779 233 1853 potest,
256 1773 352 1833 multo
367 1774 465 1832 minus
478 1774 575 1851 sequi,
598 1775 698 1832 carnis
720 1779 752 1832 et
763 1773 921 1851 sanguinis
936 1772 1031 1847 ductu,

120 1856 175 1917 sed
198 1864 231 1917 ut
253 1857 352 1933 Pater,
375 1856 477 1934 quiin
499 1856 595 1916 coelis
618 1863 681 1930 est,
704 1855 829 1931 revelet,
852 1848 1030 1935 oportetid

120 1939 203 2017 quod
226 1940 275 1998 hic
297 1938 369 1998 divo
392 1939 483 1999 Petro
506 1939 626 1998 accidit.
667 1938 737 1998 Hoc
758 1940 858 2018 ipsum
882 1939 976 1999 etiam
995 1936 1031 1997 iu·

3 2064 7 2071 ι
121 2024 194 2101 nuit,
218 2021 300 2101 quod
323 2012 455 2100 quaerit:
479 2021 559 2095 Quid
582 2021 725 2082 homines
747 2021 786 2081 de
808 2041 842 2081 se
865 2021 1031 2100 loquantur,

120 2125 178 2165 nec
211 2104 328 2183 aliquid
356 2112 458 2164 certae
493 2112 523 2164 et
558 2103 664 2164 firmae
699 2104 912 2183 responsionis
942 2103 1030 2179 datur,

120 2208 226 2249 verum
249 2189 353 2248 varias
376 2195 407 2248 et
428 2188 607 2247 vacillantes
621 2188 784 2267 opiniones
806 2187 890 2268 vulgi
913 2204 1031 2266 percen-

121 2278 234 2331 sentur.
280 2270 348 2344 Quo
371 2270 493 2349 quidem
524 2272 591 2350 ipso
615 2271 787 2330 ostenditur
809 2272 887 2330 citra
908 2270 1029 2351 gratiam

119 2355 178 2415 Dei
199 2354 258 2414 hac
280 2362 311 2413 et
332 2354 404 2414 illac
426 2353 582 2429 declinari,
606 2360 638 2412 et
659 2355 791 2413 incertas
814 2355 979 2433 opiniones
998 2349 1030 2411 dt

120 2437 241 2497 Christo
264 2436 350 2517 fingi,
373 2437 473 2497 donec
486 2436 577 2496 Pater
598 2437 724 2515 revelet,
748 2443 810 2496 tum
828 2436 954 2497 demum
967 2454 1027 2514 cog·

119 2521 223 2581 noscit
245 2519 349 2598 homo,
372 2520 444 2599 quid
468 2519 605 2579 Christus
628 2520 675 2579 sit.

202 2603 251 2662 Ex
281 2603 341 2669 hoc
372 2604 525 2681 sequitur,
560 2602 687 2661 liberum
717 2601 873 2662 arbitrium
896 2599 1029 2673 hominis,

120 2685 287 2763 quamlibet
311 2685 450 2747 laudibus
473 2685 616 2760 vehatur,
650 2706 688 2745 ex
711 2684 835 2763 seipso
858 2685 934 2745 nihil
956 2700 1029 2764 pror·

120 2789 171 2829 sus
193 2788 302 2849 posse,
325 2789 383 2829 nee
403 2770 434 2828 in
457 2787 512 2828 sua
536 2787 604 2828 esse
627 2774 782 2847 potestate
811 2768 895 2828 bona
927 2787 964 2829 co
1005 2783 1030 2827 a·

120 2871 206 2912 scere
228 2861 281 2912 aut
302 2852 421 2930 facere,
456 2851 510 2910 sed
533 2851 561 2911 id
587 2870 655 2911 esse
685 2858 801 2911 tantum
832 2852 953 2934 gratiae
966 2787 1031 2923 bHui,

121 2936 199 3014 (puae
220 2937 318 3014 ipsum
343 2934 470 2995 liberum
492 2934 607 3012 reddit,
631 2953 691 3013 qua
713 2934 892 2994 destitutum
915 2936 946 2994 in
970 2948 1031 3014 pec·

121 3020 196 3078 catis
219 3026 250 3079 et
272 3017 424 3079 erroribus
443 3019 597 3097 captivum
619 3019 709 3094 iacet,
732 3024 763 3077 et
784 3036 840 3097 per
861 3037 896 3077 se
918 3011 1032 3078 liberari

120 3103 234 3181 nequit.
278 3101 363 3162 Sicut
390 3109 422 3161 et
443 3100 581 3160 Christus
608 3100 715 3161 lohan.
738 3103 776 3163 8:
812 3101 936 3160 Veritas
968 3099 1036 3161 libe·

120 3185 199 3246 rabit
232 3203 306 3262 v0s3
345 3190 375 3245 et
412 3184 505 3263 paulo
542 3191 630 3262 post:
664 3183 722 3258 Qui
759 3184 832 3243 facit
867 3190 1033 3263 peccatum,

121 3288 226 3328 servus
256 3274 303 3327 est
324 3268 454 3347 peceati.
498 3266 610 3327 Servus
644 3273 746 3327 autem
777 3286 840 3326 non
872 3274 979 3328 manet
1007 3266 1032 3325 in

121 3351 214 3411 domo
237 3352 266 3410 in
291 3358 470 3428 aeternum,
505 3349 584 3408 lilius
608 3358 711 3409 manet
741 3350 772 3408 in
795 3356 966 3412 aeteruum.
1007 3342 1034 3411 Si

121 3454 195 3514 ergo
218 3452 274 3495 vos
298 3434 390 3493 Filius
412 3433 525 3493 liberos
549 3432 728 3507 reddiderit,
751 3452 823 3493 vere
845 3431 935 3493 liberi
958 3432 1033 3494 estis

44 3524 50 3535 '
121 3521 165 3578 lta
187 3527 218 3577 et
240 3517 327 3577 divus
350 3516 461 3576 Paulus
474 3517 564 3578 Rom.
578 3519 606 3578 3.
629 3518 689 3576 ait:
711 3515 781 3574 Non
804 3523 852 3575 est
873 3515 1034 3583 distinctio,

121 3620 229 3661 omnes
264 3602 345 3661 enim
382 3605 609 3679 peccaverunt,
646 3617 683 3658 ac
706 3599 912 3659 destituuntur
943 3596 1035 3680 glori·

119 3685 187 3746 Dei.
211 3683 252 3742 Et
275 3684 367 3762 paulo
391 3701 484 3761 supra
506 3702 544 3741 ex
566 3681 646 3744 Psal.
675 3683 709 3743 14
731 3689 762 3740 et
778 3685 828 3746 53.
851 3681 943 3742 dicit:
970 3680 1034 3741 Nou

120 3774 168 3828 est
188 3768 302 3843 iustus,
325 3786 365 3827 ne
387 3785 465 3826 unus
488 3764 626 3845 quidem,
647 3785 711 3826 non
735 3765 855 3845 estqui
879 3764 1034 3847 intelligat
