2346 4208
122 221 184 289 182
328 224 485 292 Disputatio
504 224 613 353 Lipsiae
632 225 727 278 habita
748 233 773 280 a'.
792 225 855 279 xlx

164 348 169 381 ι
194 348 197 357 .

125 420 269 492 atomum,
290 412 511 493 Hieronymum
536 420 566 473 et
587 413 677 509 alitis,
701 413 755 473 sed
777 433 847 474 eum
870 415 913 476 ita
934 433 1043 497 propo·

126 499 171 557 nit
159 495 289 558 tnobis
318 496 472 559 Christus
516 497 634 592 quod
626 517 657 556 ιι
696 517 729 557 se
759 515 927 558 conversus
956 499 1044 560 dixit·

126 581 280 661 Quantum
304 581 485 641 mercenarii
521 581 552 639 in
575 580 669 641 domo
691 587 746 660 pat
745 582 786 640 ris
808 583 868 642 mei
890 581 1072 644 abundant'·

125 663 265 745 panibus,
288 682 348 744 ego
371 671 473 723 autem
496 663 546 722 hic
561 664 642 724 farne
659 684 765 744 pereo,
787 682 920 745 surgam,
944 672 988 726 et·
994 665 1072 728 ιιιί“ι··1

60 814 66 831 ἱ
125 749 164 808 ad
188 755 306 827 patrem
328 766 448 820 mcum,
472 754 503 807 et
525 746 626 806 dicam
648 748 708 807 illi:
737 749 837 822 Pater,
867 751 1000 830 peccavi
1015 751 1047 810 in
1073 802 1079 813 .

126 832 248 892 coelum
271 838 302 893 et
324 849 428 891 coram
451 838 481 890 te
503 836 563 893 etc.
584 831 643 890 Hic
654 832 804 893 Dominus
821 831 961 894 Christus
983 838 1073 901 mo·¹¹·,¹

125 923 187 975 tum
209 914 397 993 poenitentis
422 911 617 990 describens,
658 916 787 995 exponit
808 915 906 994 primo
929 906 1075 978 mutual·

124 999 335 1077 poenitentem
352 997 558 1076 praemiorum
573 998 791 1077 magnitudine,
807 997 933 1061 scilicet
954 999 1076 1061 abun-¹·

124 1082 201 1142 dant
222 1079 362 1160 panibus,
385 1087 416 1140 et
438 1082 548 1141 timore
570 1099 708 1160 poenae,
738 1082 872 1156 scilieet,
893 1082 946 1143 hic
965 1082 1069 1145 lame-¹

123 1183 230 1244 pereo,
253 1163 520 1243 quibuegradibus
538 1171 672 1240 evectus,
695 1167 917 1246 poenitentiam
940 1184 1046 1227 verum
1074 1188 1077 1195 ·

122 1249 227 1326 coepit
250 1246 411 1324 meditari,
433 1246 560 1325 scilicet,
584 1254 615 1307 et
637 1247 754 1308 dicam:
784 1249 885 1327 Pater,
907 1250 1047 1329 peccavi.

121 1331 162 1391 Et
183 1330 244 1390 hoc
264 1330 396 1390 Basilius
419 1331 580 1410 explanat:
613 1331 689 1391 Tres
723 1339 794 1391 sunt
821 1332 863 1393 ibi
886 1334 1081 1412 poeniten-'¹¹'

120 1415 184 1476 tiae
205 1412 338 1508 gradus
363 1414 513 1474 mercedis
536 1433 626 1493 spes
649 1415 866 1512 suppliciorum
884 1417 993 1495 timor,
1016 1422 1048 1477 et
1066 1430 1082 1443 ··

122 1497 267 1557 bonitatis
290 1503 343 1576 pat
345 1517 438 1557 arnae
454 1497 723 1559 sinceradilectio
746 1497 786 1558 Et
773 1501 855 1572 ιιιο
878 1505 1046 1579 antequam
1072 1512 1085 1533 ·'

122 1580 176 1639 fiat
196 1580 312 1639 amicus
334 1581 402 1658 Dei,
425 1581 475 1659 qui
497 1581 643 1641 exstitit
636 1582 787 1657 mimicus,
812 1545 942 1670 eflicitur
962 1583 1067 1663 prius¹
1081 1616 1086 1661 ¹

13 1716 16 1724 .
123 1682 239 1725 servus.
1036 1678 1086 1703 ·¹·¹

205 1745 257 1807 Sic
278 1745 438 1807 lohannes
461 1746 577 1826 incepit
598 1767 618 1806 a
639 1746 764 1807 timore.
799 1747 968 1828 Progenies
995 1746 1087 1809 vel·

121 1830 279 1908 genimina
314 1830 510 1908 viperarum,
554 1830 621 1909 quis
662 1830 846 1890 monstravit
882 1829 972 1891 vobis
993 1830 1063 1891 ·ιί·Ε
1066 1832 1087 1885 ·Ἰ

120 1911 302 1991 gereletc.

204 1994 308 2055 Sici
277 1995 370 2054 eliam
391 1995 479 2054 ino
447 1999 495 2054 tot
483 1959 629 2054 inactum
652 1958 809 2055 estveteri
830 1996 1074 2075 instrumento„

123 2085 200 2138 ιιι
189 2081 298 2138 timore
319 2097 489 2156 poenarum
519 2076 559 2136 ad
590 2077 807 2137 mandatorum
837 2077 1047 2140 obedientiam

121 2162 262 2221 homines
291 2161 520 2237 traherentur,-
543 2166 576 2220 ut
608 2161 639 2220 in
675 2159 859 2240 Lagalibus,
891 2159 1089 2242 Historiispuzl

121 2240 283 2323 Prophetis
311 2243 373 2303 hoc
394 2241 506 2322 ubique
528 2243 686 2322 reperitur.
730 2242 869 2304 Sufficiat
889 2243 1047 2306 adducere

121 2348 213 2386 unum
235 2327 355 2402 locum,
377 2326 456 2388 Psal.
481 2327 537 2389 89:
571 2325 603 2386 si
625 2332 727 2386 autern
751 2325 971 2405 dereliquerint
993 2326 1046 2389 filii

122 2412 185 2470 eius
209 2410 309 2490 legem
332 2429 452 2488 meam,
482 2416 512 2485 et
533 2411 563 2469 in
585 2408 706 2483 iudiciis
727 2410 805 2470 meis
821 2428 884 2469 non
909 2410 1047 2472 ambula·

121 2495 235 2571 verint,
264 2495 289 2552 si
310 2494 441 2553 iustitias
464 2512 548 2553 meas
570 2493 817 2571 profanaverint,
848 2498 879 2553 et
901 2493 1047 2555 mandata

120 2597 190 2637 mea
212 2596 274 2635 non
299 2575 520 2653 custodierint,
559 2575 690 2636 visitabo
712 2577 744 2635 in
766 2576 853 2656 virga
866 2576 1045 2656 iniquitates

121 2679 247 2737 eorum,
270 2666 301 2720 et
323 2661 354 2719 in
376 2658 554 2719 verberibus
576 2664 706 2738 peccata
728 2678 855 2737 eorum3
878 2677 949 2719 cum
971 2678 1046 2723 con·

121 2742 251 2803 cordant
252 2741 329 2803 ibus,
374 2741 476 2816 Quare
516 2740 746 2821 praedicatores
783 2760 902 2801 sacram
935 2742 1044 2803 imitati

121 2826 306 2905 Scripturam
335 2826 484 2885 hactenus
513 2823 629 2885 bonum
662 2823 835 2885 habuerunt
857 2824 984 2886 modum
1007 2824 1046 2887 da

120 2911 312 2989 poenitentia
334 2907 483 2989 paranda
506 2907 709 2987 recogitando
731 2909 915 3009 gravitatem
936 2920 1059 2991 pecca·'
1073 2912 1089 2973 ι.

120 2999 230 3069 torum,
252 2994 370 3053 aeterni
395 2991 535 3071 supplicii
560 2998 617 3053 etc

204 3076 333 3136 Accedit
355 3077 434 3135 ratio
460 3074 664 3168 Dionysiaca:
703 3071 783 3148 Quia
817 3074 861 3134 sic
883 3073 1044 3137 Deusres

122 3158 267 3219 administ
255 3166 332 3237 trat,
362 3169 395 3218 ut
416 3159 478 3217 ima
501 3156 539 3215 ad
562 3157 721 3236 superiora
743 3176 798 3254 per
820 3156 922 3218 media
943 3156 1043 3221 ducat

121 3242 223 3317 Quare
246 3263 315 3302 cum
337 3248 485 3384 peccator
506 3241 575 3299 sit
567 3260 599 3298 ιιι
613 3240 688 3317 imo,
711 3241 840 3317 quinon
864 3247 912 3302 est
933 3240 1043 3338 dignus
1087 3314 1089 3319 .

120 3346 220 3406 pane
242 3345 303 3405 quo
326 3327 477 3400 vescitur,
500 3322 609 3383 volens
631 3323 801 3384 ascendere
823 3322 863 3383 ad
885 3323 1044 3405 superiora

120 3411 248 3490 gratiae,
271 3410 333 3470 hoc
354 3408 447 3468 faciat
435 3413 519 3487 tper
541 3404 675 3466 medium
697 3407 824 3467 timoris.

202 3493 287 3553 Bene
309 3499 392 3552 esset
411 3490 621 3571 perfectionis,
643 3489 726 3567 quod
749 3489 889 3569 aliquis
880 3506 1042 3552 immersus

37 3592 46 3611 ¹
120 3576 184 3635 luto
153 3576 327 3671 tpeccati
348 3581 457 3718 posset
478 3593 512 3633 ae
542 3591 628 3632 mero
660 3571 767 3633 obtutu
790 3572 965 3633 dilectionis
986 3570 1040 3633 Dei

120 3667 151 3718 et
172 3678 278 3720 amore
299 3659 368 3718 iusti
360 3659 432 3718 rtiae
455 3657 573 3735 erigere
595 3654 634 3714 ad
650 3656 779 3734 gratiam
803 3655 1039 3737 capessendam

120 3742 176 3803 sed
197 3743 264 3822 quis
288 3747 336 3803 est
356 3741 407 3802 hic
428 3746 460 3802 et
481 3737 674 3800 laudabimus
696 3738 788 3800 eum?
