2346 4208
117 255 181 323 432
431 254 589 327 Disputatio
608 257 636 311 D.
656 258 692 312 n.
710 257 743 314 1..

119 443 262 506 fidelibus
285 446 347 506 suis
370 437 482 505 tradita
502 444 711 524 poenitentiae
744 462 818 525 pars
846 451 896 504 eat
925 452 959 505 et
978 443 1041 507 doe

120 530 199 589 trina
220 528 299 608 legis
323 528 423 608 plena.

186 614 230 675 18.
259 611 403 690 Quisquis
426 612 508 671 enim
530 611 610 670 hano
632 629 704 670 vere
731 611 885 688 oraverit,
922 612 950 671 is
981 630 1042 692 pro

120 695 188 775 pria
210 711 290 765 vpoe
313 693 492 771 eonfitetur,
515 711 585 754 sese
606 701 714 753 eontra
736 693 839 774 legem
863 713 996 774 peecare
1016 702 1044 755 et

143 777 291 838 conitere.

122 795 140 856 p
187 861 234 923 19.
264 858 323 932 Qui
346 859 425 918 enim
449 860 541 937 petit,
572 857 764 918 sanctificare
786 877 905 920 nomen
928 860 1002 932 Dei,
1021 862 1044 920 ia

119 942 231 1002 fatetur
252 960 368 1002 nomen
392 942 447 1001 Dei
477 940 613 1003 nondum
637 960 707 1002 esse
729 941 960 1003 sanetifieatum
982 963 1043 1024 per·

122 1024 213 1086 teate.

186 1109 235 1171 20.
265 1105 305 1165 Et
327 1108 377 1184 qui
400 1107 476 1186 petit
497 1127 625 1186 regnum
649 1107 706 1167 Dei
729 1108 851 1185 venire,
883 1109 997 1170 fatetur
1016 1128 1046 1169 se

122 1188 224 1250 adhue
244 1188 372 1250 haerere
394 1206 433 1249 ex
455 1196 542 1269 parte
564 1191 594 1250 in
616 1209 713 1270 regno
731 1197 871 1265 satanae,
896 1195 1046 1254 eontrario

126 1272 183 1332 Dei
205 1291 239 1331 re
261 1291 313 1332 no.

185 1291 324 1429 2thui
358 1353 548 1414 voluntatem
571 1355 628 1415 Dei
657 1353 721 1415 fieri
749 1357 843 1434 petit,
875 1356 991 1417 fatetur
1018 1376 1048 1416 ae

123 1456 236 1518 magna
260 1456 299 1496 ex
327 1444 414 1517 parte
443 1437 672 1498 inobedientem
706 1456 774 1498 esse
805 1439 962 1500 voluntati
986 1440 1048 1516 Dei,

124 1527 155 1580 et
177 1521 215 1581 de
237 1520 297 1581 hoo
319 1521 491 1600 poenitere.
527 1581 532 1589 ,

207 1606 255 1666 22.
284 1604 326 1664 At
350 1603 400 1663 tex
423 1604 480 1663 Dei
510 1610 573 1680 est,
607 1621 688 1681 quae
716 1603 825 1680 donet,
855 1623 975 1665 nomen
999 1605 1048 1665 Dei

124 1685 377 1748 sanctificandum
400 1703 484 1764 esse,
509 1705 599 1766 quam
623 1686 723 1767 legem
748 1706 841 1747 orans
866 1694 1000 1748 testatur
1020 1706 1050 1747 ae

124 1789 187 1830 non
210 1769 364 1850 implesse.

185 1856 234 1917 23.
262 1852 303 1914 Et
334 1853 384 1931 qui
415 1871 545 1932 regnum
573 1860 700 1912 satanae
733 1851 908 1912 detestatur
929 1855 961 1912 in
986 1872 1048 1913 sese

123 1936 283 2015 reliquum,
306 1939 434 1996 testatur
455 1935 544 1994 simul
567 1955 611 2013 se,
631 1936 797 2016 praecipue
815 1935 921 2016 legem
937 1938 1048 2016 primae

125 2018 249 2079 tabulae
271 2038 334 2078 non
357 2017 513 2098 implesse.

188 2103 237 2165 24.
266 2101 305 2160 Et
328 2102 379 2180 qui
401 2100 592 2161 voluntatem
616 2101 672 2160 Dei
695 2107 763 2161 orat
783 2102 813 2160 in
837 2119 875 2161 se
897 2099 984 2180 fieri,
1014 2112 1047 2162 te

125 2191 222 2245 statur
244 2204 277 2244 se
300 2184 449 2244 voluntati
473 2184 529 2244 Dei
554 2203 615 2244 non
640 2203 708 2244 esse
731 2182 945 2244 obedientem.

188 2271 237 2332 25.
266 2266 353 2326 Hane
374 2275 476 2327 autem
500 2268 671 2328 orationem
696 2274 819 2346 oportet
851 2267 892 2326 ab
923 2269 1046 2328 ecelesia

26 2354 31 2365 ¹
125 2358 191 2412 tota
225 2352 304 2410 orari
337 2370 434 2429 usque
462 2351 491 2409 in
524 2348 615 2409 finem
647 2349 765 2428 mundi,
800 2357 831 2409 et
862 2369 882 2410 a
915 2351 1045 2429 quolibet

126 2441 233 2495 saneto
257 2451 353 2511 usque
375 2433 414 2492 ad
438 2440 579 2494 mortem.

189 2521 237 2583 26.
267 2516 346 2597 Quia
369 2524 434 2577 tota
456 2516 588 2578 eeclesia
616 2522 724 2575 saneta
754 2521 816 2592 est,
852 2522 884 2575 et
911 2517 1044 2596 agnoseit

126 2621 196 2663 sese
222 2606 384 2682 pennatum
417 2599 547 2677 habere,
582 2601 613 2659 et
644 2604 793 2678 perpetuo
825 2601 1042 2677 poenitentiam

125 2686 277 2766 agendam
301 2702 378 2743 esse.

188 2770 237 2828 27.
261 2766 362 2841 Quare
385 2774 416 2825 et
437 2766 503 2845 ipsa
528 2766 625 2825 oratio
639 2764 800 2824 Dominioa
822 2762 930 2841 docet,
956 2766 1042 2846 legen

127 2867 196 2909 esse
219 2856 305 2927 ante,
335 2849 390 2910 sub
414 2854 538 2928 etpost
560 2847 773 2926 evangelium,
806 2854 837 2905 et
858 2846 898 2907 ab
923 2850 993 2928 ipsa
1011 2850 1042 2906 in·

126 2931 297 2992 ohoandam
321 2952 390 2993 esse
412 2932 642 3011 poenitentiam.

188 3017 237 3080 28.
268 3015 326 3090 Qui
350 3017 430 3076 enim
454 3016 530 3095 petit
552 3014 683 3092 aliquid,
718 3012 801 3091 priua
837 3011 957 3072 fatetur
988 3030 1042 3072 sese

126 3116 188 3157 non
211 3097 325 3158 habere
345 3097 428 3178 quod
452 3099 536 3178 petit,
561 3104 592 3157 et
614 3101 774 3176 exspectat
795 3094 990 3158 donandum.

187 3182 235 3245 29.
264 3181 327 3241 Lex
350 3188 451 3241 autem
476 3188 537 3258 est,
573 3198 653 3259 quae
683 3176 771 3238 nobis
802 3179 890 3257 prius
919 3177 1044 3240 ostendit

126 3265 198 3343 quid
220 3283 282 3326 non
305 3263 488 3340 habeamus,
524 3269 556 3323 et
578 3262 661 3341 quod
685 3268 787 3321 tamen
809 3262 850 3321 sit
872 3263 1042 3324 necessario

124 3347 308 3408 habendum.
802 3358 804 3365 ’

184 3434 233 3496 30.
265 3431 407 3509 Sequitur
439 3449 478 3489 ex
507 3428 571 3505 his,
604 3426 686 3507 quod
718 3426 824 3486 hostes
857 3427 941 3488 istos
970 3427 1039 3508 legis

124 3520 247 3594 oportet
267 3516 366 3594 ipsam
390 3513 561 3574 orationem
586 3511 770 3572 dominicam
788 3527 918 3588 quoque
935 3511 1044 3584 tollere,

123 3596 195 3657 dum
220 3596 332 3658 tollunt
353 3596 464 3675 legem.

187 3682 237 3743 31.
260 3680 339 3754 Quin
365 3686 396 3739 et
418 3679 583 3739 maximam
606 3683 725 3757 partem
749 3675 942 3737 concionum
962 3679 1046 3758 ipsius

121 3764 238 3832 Christi
260 3763 373 3830 toliere
396 3770 544 3844 eoguntur
566 3780 608 3820 ex
628 3760 756 3820 historia
778 3761 980 3840 evangeliea.
1081 3762 1083 3767 '
