2346 4208
175 268 239 337 462
489 270 640 342 Disputatio
653 266 694 345 D.
713 260 748 327 11.
765 266 798 327 E.

156 535 161 546 ,
258 463 286 524 9.
316 461 349 520 In
378 458 488 521 divinis
518 458 702 541 praedicatis
731 478 786 520 seu
814 452 1016 522 idiomatibus
1039 467 1096 520 non

175 550 222 604 ost
244 542 417 604 differentia
439 543 507 603 talis
530 545 609 604 inter
630 549 777 604 oonoreta
798 548 830 604 ot
851 543 1018 606 abstracta.

240 628 288 689 10.
319 625 467 701 Quamvis
496 632 525 687 ot
554 625 711 707 Scriptura
741 624 772 686 oi
794 624 902 688 Patres
929 624 1048 706 aliquot
1067 625 1095 685 in

176 709 279 770 multis
300 708 485 790 praedicatis
506 708 660 770 humanae
681 715 809 770 naturae
822 709 898 771 nihil
911 704 1098 791 distinguant

175 794 254 853 inter
276 799 424 853 roboreto
445 797 476 853 et
498 791 662 853 abstraota.
959 858 966 869 ‚

239 878 288 938 11.
309 873 489 956 Symbolum
512 874 610 935 canit:
632 872 678 936 Tu
701 874 739 936 ad
761 872 955 939 liberandum
979 892 1097 955 susoap·

176 964 259 1018 turns
280 957 454 1037 hominem3
475 955 558 1018 idern
581 976 676 1040 saepo
696 958 771 1020 iacit
792 958 997 1040 Augustinus.

238 1042 286 1106 12.
315 1039 390 1101 (lum
420 1040 527 1121 regula
566 1048 616 1115 [ut
636 1036 774 1124 videtur)
798 1040 964 1102 dicendum
988 1039 1096 1100 dictat:

174 1122 220 1183 Tu
253 1122 293 1183 ad
320 1122 512 1184 liberandum
547 1132 743 1206 suscepturus
774 1124 1015 1205 humanitatem,
1048 1142 1099 1184 seu

174 1206 339 1266 humanam
361 1205 510 1268 naturam.
578 1216 581 1223 ⁴

235 1290 284 1352 13.
308 1289 353 1349 lta
373 1309 435 1349 non
460 1296 604 1350 vorentur
625 1290 718 1370 aliqui
735 1288 854 1351 dioere:
890 1288 1033 1350 christus
1056 1295 1098 1349 est

173 1377 331 1450 ereatura,
375 1390 444 1432 oum
484 1371 646 1435 dicendum
682 1372 834 1450 videatur,
875 1372 1017 1434 Christus
1056 1381 1100 1434 ast

175 1460 305 1517 oreatus.

238 1538 285 1600 14.
307 1537 348 1598 Et
368 1537 474 1601 Iohan.
499 1537 528 1600 1:
546 1537 638 1598 dicit:
664 1536 797 1599 Verbum
821 1557 893 1597 oaro
915 1534 1033 1598 faotu‘m
1047 1543 1100 1617 est,

175 1638 243 1681 oum
267 1619 419 1681 diceretur
440 1622 539 1702 aptius
566 1627 689 1693 (nostro
712 1620 865 1699 iudicio),
894 1619 1034 1681 Verbum
1057 1628 1100 1681 est

174 1704 376 1784 innormatum,
400 1723 454 1764 sen
477 1722 621 1765 carneum
640 1705 783 1768 fastum:

241 1791 290 1851 15.
317 1787 415 1848 Recte
449 1786 590 1864 donetur,
619 1789 652 1848 in
684 1787 744 1847 hao
766 1805 859 1846 oausa
882 1786 989 1847 valere
1013 1806 1097 1846 nsum

173 1869 321 1950 loquendi
349 1872 380 1933 in
403 1869 565 1951 Soripturis
598 1877 630 1932 et
658 1870 795 1931 Patribus
830 1867 1016 1942 orthodoxis
1043 1889 1099 1931 ser·

173 1958 288 2016 vatum.

237 2039 284 2100 16.
311 2035 392 2111 Quin
415 2043 446 2097 et
467 2035 607 2098 Patribus
641 2037 737 2116 (qnos
761 2041 882 2095 constat
905 2034 1099 2096 orthodoxos

174 2121 260 2197 essa)
287 2117 509 2196 conceduntur,
533 2138 612 2199 quae
634 2118 723 2180 nobis
746 2137 807 2178 non
831 2118 925 2178 licoat
947 2119 1070 2201 imitari.

234 2205 282 2266 17.
311 2201 414 2276 Quare
441 2202 612 2262 oavendurn
641 2209 689 2263 est
716 2203 747 2261 in
769 2201 828 2261 hao
858 2219 892 2261 re
914 2200 954 2263 ab
979 2210 1096 2282 etymo-

176 2285 268 2366 logia,
292 2284 446 2365 analogia,
471 2287 695 2365 consequentia
715 2292 747 2345 at
769 2284 929 2363 exemplis.

235 2369 282 2431 18.
312 2367 398 2428 Siout
425 2369 454 2427 in
483 2371 685 2449 grammatica
714 2367 864 2447 quaedam
894 2368 1027 2428 nomina
1048 2368 1096 2427 he·

171 2452 311 2514 teroolita
340 2457 371 2512 et
393 2452 486 2512 verba
508 2453 652 2513 anomala
674 2471 737 2512 non
760 2453 915 2531 patiuntur
944 2451 1099 2531 etymolo-

149 2611 150 2614 Ἴ
172 2537 265 2616 giam,
288 2535 476 2615 analogiam,
500 2554 555 2595 seu
578 2535 762 2616 exemplum.
816 2589 820 2596 .

234 2621 282 2682 19.
311 2617 352 2678 nt
381 2618 594 2679 universaliter
627 2620 655 2677 in
689 2619 772 2678 omni
803 2633 1045 2697 generatorum
1069 2622 1097 2674 et

169 2704 278 2764 artium
303 2721 375 2762 usus
398 2721 496 2781 saepe·
514 2701 697 2779 praeseribit
720 2707 827 2761 eontra
848 2699 1001 2779 regulam.

229 2787 279 2849 20.
303 2783 426 2846 Certum
449 2791 621 2862 esttamen,
645 2785 749 2844 omnia
760 2782 914 2844 vocabula
925 2784 957 2841 in
973 2781 1095 2842 Christo

168 2884 282 3007 govam
305 2867 563 2947 significationem
584 2869 723 2948 aooipere
745 2868 775 2927 in
798 2865 907 2926 eadem
942 2884 977 2924 re
1008 2865 1098 2944 signi-

191 2954 270 3009 oata.

230 3033 280 3094 21.
303 3032 381 3092 Nam
405 3039 545 3094 creatura
567 3034 680 3094 veteris
702 3033 824 3113 linguae
848 3050 905 3093 usu
929 3036 961 3090 st
978 3031 1011 3090 in
1027 3029 1099 3089 aliis

165 3110 258 3256 reb‘rirs
281 3114 435 3195 significat
456 3135 519 3178 ram
542 3116 737 3176 adivinitata
760 3119 945 3196 separatam,
970 3111 1098 3173 infinitis

166 3215 216 3257 mo
240 3215 276 3258 rs.
908 3229 911 3237 ·

228 3282 277 3344 22.
307 3281 417 3342 Novae
447 3282 571 3364 linguae
598 3302 654 3342 usu
682 3279 837 3362 signifieat
867 3299 934 3340 rom
958 3297 1030 3340 oum
1056 3278 1098 3339 di·

165 3362 292 3424 vinitate
333 3365 580 3444 inseparabiliter
616 3366 648 3424 in
683 3364 814 3425 eandam
850 3381 1022 3442 personam
1056 3365 1100 3423 in-

164 3443 338 3508 effabilibus
361 3447 462 3509 modis
485 3449 692 3509 coniunctam.
939 3500 942 3505 .

226 3531 274 3593 23.
298 3530 344 3595 Ita
365 3550 493 3592 necesse
516 3539 564 3591 ost
586 3529 749 3608 voeabula,
770 3528 884 3606 homo,
907 3528 1101 3609 hnmanitas,

161 3630 270 3690 passus
294 3620 351 3676 eto.
384 3621 415 3673 et
445 3615 550 3674 omnia
571 3613 610 3674 de
633 3613 757 3676 Christo
780 3611 879 3693 diota,
917 3630 1006 3672 nova
1030 3632 1101 3674 esso

161 3694 326 3762 voeabula.
413 3701 414 3704 ’

224 3785 275 3858 24.
299 3784 374 3850 Non
397 3781 620 3865 quobnouam
637 3796 696 3840 sau
712 3777 806 3869 aliam
822 3786 910 3853 ram„
930 3778 993 3841 sed
1015 3798 1102 3842 nove
