2346 4208
124 290 188 371 310
356 304 448 362 Resol.
467 307 496 362 L.
516 322 601 376 super
618 276 815 376 Propositiolre

210 495 272 559 sed
295 515 354 577 age
373 496 482 575 latius,
504 496 530 557 si
553 496 679 557 omnino
703 494 742 557 ad
763 495 899 578 rigorem
916 490 1027 569 istum¹l

125 581 359 663 grammaticum
382 599 416 640 se
438 579 603 659 recipiunt,
631 577 712 659 quod
736 576 794 641 soli
816 576 910 641 Petro
932 576 1030 639 dioton

125 670 189 725 est?
211 663 256 724 Tu
281 683 313 723 es
335 663 451 740 Petrus,
473 662 541 724 Tibi
564 662 644 725 dabo
662 662 765 725 claves
788 669 866 741 etc,
888 648 1030 743 quomodo

126 748 303 807 resistemus
324 746 503 824 haereticis,
527 747 552 806 si
574 747 626 827 qui
646 746 707 807 hoc
728 752 836 809 nostw
857 746 960 827 rigore
979 762 1030 805 rso

126 830 233 892 borum
257 830 321 889 nixi
343 849 401 890 nos
419 837 550 912 urgeant
571 834 602 890 et
624 826 741 890 dicant:
768 828 863 907 Esto,
886 826 926 889 ad
946 824 1030 889 solod

128 913 251 973 Petrum
274 912 353 973 haec
374 912 457 974 dicta
479 920 559 985 sunt,
581 932 655 993 ergo
677 932 740 974 non
763 910 801 973 cd
824 924 1030 983 suscessorem,

126 1014 201 1077 ergo
225 996 376 1057 ccclesiae
405 996 509 1056 claves
537 1015 604 1056 cum
628 996 718 1057 Petro
739 1002 894 1057 venerunt
914 1000 945 1056 et
964 986 1030 1055 clos

126 1084 205 1140 runt.
228 1079 287 1141 Ubi
310 1098 384 1159 ergo
407 1098 489 1139 nune
512 1079 663 1140 ecclesia?
684 1078 754 1140 Non
779 1081 860 1140 enim
883 1076 923 1139 ad
963 1076 1030 1139 turs

126 1163 279 1241 pertinere
293 1167 407 1242 potest,
430 1161 511 1240 quod
526 1161 564 1222 ad
579 1182 671 1223 uuum
686 1162 805 1241 dicitur,
827 1163 908 1223 deut
919 1098 1029 1231 olido:

125 1245 201 1305 Cum
224 1246 325 1306 iunior
347 1264 442 1320 esses,
466 1245 611 1327 cingebas
633 1253 664 1306 te
687 1250 756 1322 etc,
778 1244 864 1325 qood
885 1244 925 1305 a'd
946 1238 1061 1307 roim*

126 1329 248 1388 Petrum
269 1329 313 1389 ita
342 1328 456 1388 dictum
480 1335 544 1410 est,
573 1335 604 1389 ut
627 1348 695 1389 cum
717 1330 810 1390 Petro
830 1324 1029 1409 impletuln'sl

126 1411 244 1471 linitum
266 1413 315 1488 sit,
337 1411 376 1471 ad
398 1411 515 1471 nullum
538 1426 747 1474 successorem
771 1413 838 1472 cios
858 1412 1015 1493 pertinctis

210 1494 240 1554 Si
263 1502 365 1555 autem
388 1494 428 1554 ad
450 1514 645 1557 successores
673 1501 704 1557 et
724 1494 859 1574 aliquam
883 1492 1027 1555 ecclesio'o

127 1576 240 1637 dictum
264 1581 321 1652 est,
343 1578 404 1637 iam
420 1579 506 1639 nulla
527 1580 647 1640 ratione
658 1577 814 1659 prohiberi
836 1584 951 1659 potest,
971 1574 1026 1665 quil

127 1660 166 1720 ad
181 1680 289 1721 omnes
303 1660 416 1720 dictum
440 1663 488 1740 sit,
510 1663 572 1722 imo
588 1662 764 1722 neccssaria
776 1661 899 1722 ratione
912 1658 951 1722 s'd
970 1658 1026 1741 olio

126 1744 224 1805 stolas
247 1764 366 1819 omnes,
389 1745 440 1822 qui
456 1752 635 1825 praesentes
653 1751 749 1822 erant,
773 1744 884 1825 magis,
905 1738 1025 1823 qmmsd

127 1828 215 1887 unius
237 1828 319 1888 Petri
343 1842 548 1904 successores,
571 1829 622 1907 qui
644 1827 781 1890 nondum
805 1835 911 1905 erant,
932 1824 1025 1889 dictos

130 1911 306 1989 accipietur.
330 1909 422 1984 Quod
443 1913 468 1970 si
490 1911 529 1971 ad
552 1931 660 1972 omnes
675 1911 849 1991 apostolos,
871 1911 934 1971 isos
953 1910 1024 1971 eiu

128 1992 169 2053 ed
192 1994 327 2053 omnium
351 1994 573 2074 apost-clarum,
595 2000 627 2055 et
647 2013 710 2056 non
724 1992 959 2074 nniusapostoli
977 2006 1025 2053 so*

44 2130 48 2136 .
135 2094 275 2137 cessores
297 2076 411 2138 dictum
433 2078 621 2158 intelligitur.

230 2158 291 2219 Sed
311 2160 499 2239 respondeat
521 2166 623 2221 tamen
647 2160 719 2221 mihi
743 2162 794 2239 qui
817 2166 937 2240 potest,
963 2154 1022 2237 qni*

126 2261 197 2300 nam
218 2242 389 2304 credendus
411 2245 451 2304 sit
462 2243 577 2305 habere
598 2244 712 2319 claves,
734 2244 828 2305 etiam
850 2245 882 2303 in
903 2242 1023 2303 Romu

125 2324 276 2385 ecclesia?
298 2326 347 2386 An
370 2328 438 2404 ipsa
461 2327 608 2404 ecclesia,
639 2326 718 2400 an²l
742 2326 846 2406 papa?
869 2332 902 2389 et
920 2318 1022 2386 otono
1048 2372 1053 2387 .

124 2408 207 2485 quod
230 2408 309 2470 dics.
345 2407 476 2482 Quando
499 2410 584 2487 Papa
606 2409 745 2490 eligitur,
768 2429 808 2470 an
830 2428 936 2471 secum
957 2402 1024 2467 rost

124 2489 228 2551 claves
250 2491 327 2571 an²)
353 2493 439 2552 non?
461 2492 492 2553 si
515 2492 619 2567 affert,
652 2512 726 2573 ergo
754 2499 822 2553 erat
842 2510 942 2573 papa,
961 2490 1022 2551 ult·

125 2593 214 2653 quam
239 2575 412 2655 eligeretur,
435 2576 459 2635 si
482 2595 544 2636 non
566 2575 665 2652 affert,
687 2595 706 2635 a
728 2594 789 2656 quo
805 2574 941 2660 accipit?
961 2578 1038 2633 Μ’

124 2657 195 2735 quid
219 2657 257 2718 ab
279 2659 392 2738 angelo
415 2657 455 2718 de
477 2659 588 2719 coelo?
610 2678 715 2719 nonne
736 2659 775 2719 ab
793 2658 947 2721 ecclesia?
965 2654 1023 2719 Ilo·

124 2740 247 2817 quando
272 2760 354 2820 papa
376 2743 518 2817 moritur,
551 2743 598 2801 cui
625 2741 771 2821 relinquit
799 2742 918 2803 caves?
948 2734 1024 2823 1111111

125 2842 177 2882 eas
201 2823 328 2883 secum?
356 2823 386 2884 Si
410 2844 472 2884 non
496 2825 610 2900 aufert,
633 2826 681 2885 cui
703 2824 849 2904 relinquit
870 2824 930 2885 nisi
950 2816 1023 2885 sollo

125 2906 204 2979 siae,
227 2927 247 2967 a
268 2906 368 2985 qua³l
393 2908 533 2987 accepit?
558 2907 637 2983 Quid
654 2909 747 2988 igitur
768 2914 876 2988 potest
890 2907 952 2969 dici
971 2914 1023 2967 ool*

125 2998 170 3048 tra
197 2989 277 3049 hanc
314 2989 575 3051 evidentissimam
616 2991 862 3071 experientiam,-
898 2990 1023 3071 opons-

124 3072 276 3152 evangelii
299 3073 512 3154 interpretem,
543 3074 646 3134 claves
677 3093 735 3134 nec
757 3075 868 3153 Petro,
890 3092 950 3135 neo
976 3082 1023 3131 m

124 3157 255 3233 cessari,
300 3155 353 3216 sed
378 3157 437 3217 soli
460 3156 612 3217 ecclesiae
634 3155 740 3232 dotas,
775 3176 795 3217 a
816 3175 879 3235 qua
901 3160 1022 3235 tanqum

125 3239 263 3298 minister
284 3240 405 3318 accipit,
428 3260 536 3300 usurus
555 3241 598 3299 ei's
621 3238 778 3303 sacerdos.
822 3234 884 3309 Ubi
898 3232 1022 3319 nuncu&

126 3320 208 3399 quod
232 3322 290 3381 soli
313 3320 404 3383 Petro
435 3323 548 3383 dictum
584 3342 653 3383 esse
687 3328 827 3403 putatur:
860 3320 931 3384 Tibi
961 3310 1026 3381 dall·

124 3404 238 3481 claves,
260 3406 338 3482 imo,
363 3404 414 3465 ubi
436 3425 518 3465 nnnc
540 3413 602 3482 est,
626 3405 707 3483 quod
731 3404 789 3466 soli
812 3396 1018 3489 ecclesiaste

125 3506 234 3548 manac
256 3486 359 3549 claves
383 3488 473 3549 datae
495 3488 588 3550 sunt?
618 3489 755 3550 Necesse
777 3494 842 3567 est,
866 3494 901 3549 ut·
921 3488 952 3549 in
968 3486 1015 3567 l*

125 3569 199 3631 libet
220 3568 352 3631 ecclesia
374 3570 478 3633 claves
502 3573 571 3646 sint,
593 3576 626 3633 ut
648 3570 711 3631 dixi
733 3591 836 3653 supra.

161 3710 241 3820 aa
256 3709 392 3812 'assiam
407 3713 523 3813 'ralla
561 3759 594 3824 2)
616 3761 645 3813 a
658 3758 821 3829 erasae:
843 3758 896 3821 vu.
914 3726 1011 3823 stol*
1044 3742 1061 3757 “

119 3847 136 3883 a
155 3847 222 3901 quo.
264 3831 293 3900 ⁴)
313 3829 417 3887 Johan.
437 3831 482 3887 21.
