2346 4208
51 210 64 224 κ
147 242 188 313 28
318 271 321 277 ·
394 244 554 316 Disputatio
572 247 681 316 Lipsiae
697 246 838 321 hahitaa
858 245 919 300 xlx

148 443 247 512 muta,
274 437 352 498 siout
373 443 406 497 et
427 435 649 517 triumphante:
673 437 703 496 in
730 453 792 516 quo
815 454 886 497 oum
909 433 1066 516 oollaudo,

149 518 243 599 quod'
254 525 286 580 et
305 520 335 579 in
348 518 467 581 honi).
479 519 612 580 Johanui
631 519 662 579 in
676 519 866 600 Apocalypsi
877 517 914 593 ¹⁸¹)
939 536 1067 579 oonsen·

150 603 202 662 tit:
246 601 316 662 Vidi
338 603 493 664 eivitatam
516 608 655 663 sanatam
685 621 798 664 novam
827 601 1065 663 dosoeudentem

148 692 206 747 oto.
228 684 271 747 At
288 687 414 767 propius
438 684 477 745 ad
489 705 553 746 ram
571 685 771 747 aooodentes':
795 685 827 747 Si
847 685 979 746 eootesia
991 683 1067 745 miii·

148 775 217 830 tana
228 788 290 829 non
303 768 358 829 fuit
369 769 747 845 sinemonaroha,veilem
759 766 873 847 audire,
895 769 963 847 quis
985 776 1068 830 esset

44 916 56 941 ,
148 851 206 912 iste
228 851 396 912 monarcha
418 850 512 928 aliua,
534 859 587 912 aut
608 871 740 930 unquam
761 851 869 912 finisset
898 850 956 910 nisi
976 850 1067 914 Rom.

148 934 307 1011 Pontifex,
329 940 382 995 aut
404 953 482 1014 quae
504 934 565 997 alia
586 937 685 1015 prima
706 934 796 996 aedes
816 935 875 995 nisi
897 933 986 994 sodes
1009 933 1068 994 Pe·

148 1017 186 1078 tri
209 1023 241 1079 et
261 1018 329 1079 eius
357 1017 590 1079 auooesaorum?
633 1018 726 1099 Juxta
752 1017 828 1078 illud
856 1017 891 1083 B.
913 1015 1070 1098 cypriani,

149 1100 199 1180 qui
222 1101 253 1161 in
264 1100 405 1181 Epistola
425 1103 453 1165 2.
474 1101 512 1161 ad
526 1084 651 1162 hamel.
680 1102 769 1165 Rom.
797 1098 978 1168 Pontifioom
997 1099 1068 1160 sori·

149 1182 243 1261 bens,
266 1192 373 1244 oontra
393 1184 586 1245 Novatianos
616 1183 745 1245 subdola
766 1184 896 1245 Romam
919 1181 1068 1244 aaoedan-
1109 1176 1115 1195 ⁸

150 1274 206 1344 tes,
228 1257 341 1345 inqu'it:
377 1266 452 1328 Post
472 1269 531 1328 ista
551 1267 652 1327 adhue
672 1268 797 1347 insuper
813 1266 892 1327 aedo
909 1267 1069 1347 episeopo,

150 1349 208 1410 sihi
231 1350 269 1410 ab
291 1350 454 1411 haereticis
477 1351 654 1425 constituto,
677 1351 824 1430 navigare
837 1349 961 1427 audent,
984 1348 1070 1410 etad

43 1497 45 1503 ,
149 1432 234 1494 Petri
255 1433 432 1495 cathedram
453 1438 550 1513 atque-
568 1433 731 1494 eooleaiam
753 1433 965 1513 prinoipalem,
988 1430 1070 1492 unde

150 1515 350 1578 saosrdotalis
374 1518 473 1577 unitas
496 1522 605 1577 exorta
627 1522 683 1592 ast,
705 1535 725 1576 a
744 1513 1068 1595 sohiomatioia'atpro-

148 1598 226 1660 fania
244 1599 348 1660 literas
361 1598 451 1678 ferre,
469 1596 584 1681 neo**)
599 1600 736 1680 oogitore
748 1618 803 1660 eos
816 1618 885 1659 ease
899 1599 1069 1674 Romanoa,

148 1699 276 1762 quorum
299 1681 376 1742 tides
398 1681 437 1741 ah
459 1682 604 1762 apostolo
626 1681 751 1743 laudata
771 1690 827 1759 est,
851 1680 891 1745 ad
909 1699 987 1761 quos
1002 1700 1068 1762 per·

148 1762 357 1825 fidiahabsre
379 1783 442 1826 non
470 1766 569 1845 possit
590 1783 759 1826 aooassum.
802 1765 843 1826 hit
862 1764 1068 1845 Hieronymus

148 1847 228 1908 idom
252 1854 381 1909 testatur
402 1855 510 1909 eontra
530 1847 757 1910 Luciferianos:
802 1847 962 1908 Eoolesiae
985 1847 1068 1908 saluo

148 1931 225 2006 (ait)
250 1932 280 1990 in
304 1931 414 1991 summi
436 1929 606 1991 saoardotis
629 1929 778 2011 dignitate
805 1931 937 2011 pendet,
971 1930 1020 1990 oui
1043 1931 1068 1990 si

148 2032 211 2074 non
240 2033 347 2073 exsors
375 2012 526 2091 quaedam
558 2020 590 2072 et
618 2012 665 2086 ab,
679 2012 821 2075 omnihus
850 2015 987 2074 eminens
1017 2011 1068 2074 de·

148 2103 196 2156 tur
217 2101 372 2175 potestas,
407 2101 453 2155 tot
479 2097 510 2154 in
532 2095 672 2157 ooalesiis
701 2095 871 2158 afficientur
893 2096 1068 2172 sohismata,

148 2184 225 2258 quot
248 2176 435 2240 sacerdotes.
884 2216 890 2223 -

232 2260 273 2320 Et
301 2260 381 2341 quod
410 2260 463 2320 iiie
491 2280 626 2322 summus
653 2261 799 2323 saoordos
834 2263 875 2324 sit
900 2261 1068 2338 Romnum

148 2343 246 2424 liquet
266 2344 346 2424 apud
370 2343 503 2404 eundem
522 2344 554 2408 B.
573 2345 794 2425 Hieronymum
818 2345 848 2404 in
871 2343 989 2405 duabus
1007 2345 1068 2424 epi·

149 2427 236 2488 stolis
269 2427 308 2487 ad
337 2426 505 2487 Damasum
536 2426 669 2508 Papam,
702 2429 788 2488 ouius
821 2427 916 2488 ferme
949 2427 1069 2508 singula

149 2509 243 2572 verba
264 2509 304 2570 ad
325 2510 494 2570 institutum
517 2511 641 2588 faoiunt,
664 2529 769 2571 verum
791 2509 949 2572 brevitatis
966 2509 1067 2571 studio

147 2591 202 2654 illa
224 2593 394 2674 signemus:
429 2592 504 2653 Oum
534 2612 714 2675 auooessore
735 2594 897 2674 piscatoria
929 2599 961 2654 et
980 2592 1069 2654 disai-

66 2682 82 2697 “
148 2675 213 2756 puli
235 2675 347 2737 Christi
374 2676 494 2754 loquor.
529 2677 597 2756 Ego
620 2676 735 2737 nulium
751 2677 919 2759 praemium
936 2693 1069 2755 sequens

78 2787 80 2790 >
149 2758 207 2818 nisi
223 2758 374 2819 Christum
397 2758 578 2821 beatitudini
601 2768 682 2838 tuae,
704 2759 734 2820 id
758 2766 814 2837 est,
837 2757 1003 2822 cathedrae
1014 2758 1068 2819 Pe·

148 2841 186 2902 tri
216 2843 396 2914 oonsooior,
423 2861 516 2922 super
536 2843 620 2903 iliam
644 2843 763 2904 Patr-arn
785 2841 942 2903 fundatam
972 2841 1069 2903 eoois·

149 2925 226 2984 siam
249 2926 325 2985 atio.
367 2924 511 2986 Etiufra:
536 2925 717 3005 Quiounquo
739 2933 840 2985 taoum
854 2944 916 2986 non
940 2924 1069 3005 oolligit,

150 3006 203 3066 iiie
225 3007 381 3087 dispergit.
426 3007 474 3067 Ex
497 3008 607 3088 quibus
620 3009 749 3088 quisque
762 3007 863 3068 bonus
880 3007 1069 3068 Christianus

148 3089 397 3168 faoilaooniioit,
419 3092 567 3152 unitatem
584 3090 809 3152 saoordotalem
830 3109 850 3150 a
862 3090 952 3153 Rom.
974 3089 1070 3151 fluere

149 3171 315 3253 Pontifioe,
339 3179 370 3233 et
390 3173 473 3234 iliam
497 3174 591 3243 fuisse
613 3192 737 3255 semper
759 3173 935 3234 cathedram
958 3175 1068 3254 prinoi-

118 3304 120 3308 .
149 3254 269 3336 palem}
287 3263 317 3316 et
339 3256 482 3318 omnibus
504 3257 572 3316 aliis
589 3256 776 3336 praelatam,
799 3267 830 3316 et
851 3255 934 3335 quod
955 3256 1009 3318 illa
1032 3257 1072 3317 sit

149 3337 250 3414 Petra,
273 3340 352 3399 siout
364 3338 571 3420 Hieronymus
594 3337 678 3418 dioit,
701 3358 735 3400 se
750 3340 839 3418 seire,
862 3358 1069 3419 superquam

149 3421 276 3482 fundata
306 3423 346 3481 sit
368 3422 507 3482 eeclesia.
531 3420 590 3481 Vel
612 3422 799 3483 reverendus
821 3422 913 3483 Pater
933 3423 1071 3503 assignet

150 3504 241 3564 adium
267 3504 464 3574 monaroham
487 3504 640 3566 ecelesiae
662 3507 770 3586 prisoia
793 3504 992 3585 temporibus.

203 3768 233 3831 ‘t
256 3769 342 3835 Apoe-
363 3765 409 3822 22.
449 3768 497 3832 ”)
519 3768 547 3821 iu
570 3767 612 3824 od.
631 3768 709 3822 deu-2
728 3784 773 3822 ua
