2346 4208
128 240 191 331 138
333 251 491 319 Disputatio
510 252 619 321 Lipsiae
637 253 733 306 habita
754 270 777 306 a.
797 253 858 307 Xlll

210 438 312 515 Quare
333 440 493 503 videamus
516 441 704 504 autoritates.
739 441 841 503 Primo
862 438 948 502 illam
971 440 1050 505 Paul

126 526 181 588 65:
204 522 413 585 Tranaivimus
435 526 615 606 perignem
638 530 669 584 et
697 541 819 603 aquam.
845 524 1052 607 Respondent

125 605 196 666 Non
216 607 300 667 velet
321 607 359 667 ad
382 610 609 688 purgatorium,
641 609 776 686 loquitur
804 608 844 670 de
864 610 1051 689 perseeutio-

125 688 214 750 nibus
238 688 442 768 Senatorum,
469 693 548 752 siout
569 693 599 751 in
623 691 725 751 multis
750 691 818 751 aliis
840 692 935 753 loeis:
969 690 1050 755 Psal.

127 775 182 836 17:
204 773 280 854 Igne
302 792 352 834 me
374 775 569 853 examinasti,
592 776 666 835 item
685 776 745 838 26:
769 773 832 835 Ure
849 794 941 836 renes
963 792 1051 837 meos

126 862 158 916 et
179 873 234 917 eor
256 875 369 936 meum,
393 865 425 918 et
447 858 550 920 1.Pet.
564 861 597 921 l:
620 857 785 932 Modioum,
808 859 834 918 si
856 877 939 921 nune
961 876 1051 940 opor·

125 944 169 1000 tet
197 941 371 1000 oontristari
398 942 428 1000 in
458 943 548 1002 variis
576 939 818 1019 tentationibus,
845 947 879 1002 ut
906 940 1051 1022 probatio

124 1021 196 1082 iidei
230 1029 352 1083 vestrae
386 1024 481 1084 multo
506 1026 545 1084 sit
565 1024 731 1104 pretiosior
757 1042 854 1103 auro,
883 1022 968 1104 quod
996 1040 1051 1106 par

5 1132 9 1147 =
123 1106 227 1185 ignem
248 1106 405 1186 probatur.
436 1108 475 1168 lit
495 1108 644 1184 breviter,
666 1113 773 1186 tropus
797 1115 844 1167 est
864 1109 923 1168 iste
944 1106 1050 1190 vulga·

123 1189 257 1248 tissimus
281 1187 464 1269 Scripturas,
487 1194 665 1271 perignem
690 1196 722 1250 et
743 1207 853 1270 aquam
875 1188 1050 1272 intelligi¹)

123 1272 346 1335 tribulationes.
389 1272 464 1334 Ideo
488 1276 578 1334 nimis
601 1273 709 1334 haeret
729 1275 761 1333 in
789 1274 884 1334 literis
905 1279 938 1334 et
959 1272 1050 1355 sylla·

122 1355 180 1431 bis,
203 1354 286 1434 quod
305 1355 379 1416 mihi
400 1359 532 1437 imponit
556 1358 594 1420 D.
604 1355 651 1435 D,
674 1358 725 1435 qui
745 1358 851 1438 iguem
871 1375 928 1438 pro
938 1374 1050 1439 purge·

123 1439 203 1498 torio
225 1439 291 1498 soei
314 1439 347 1499 it.

127 1584 131 1593 ¹
204 1520 281 1581 ltem
292 1459 335 1582 Ilsi
354 1522 430 1583 illud
443 1522 574 1584 Elealesi.
590 1521 651 1598 *jz
675 1521 766 1596 Quod
789 1522 900 1601 aliquis
921 1521 963 1584 de
982 1540 1048 1585 ear·

122 1622 193 1664 nere
214 1610 247 1664 et
267 1606 385 1665 cetenis
407 1605 563 1687 egreditur
583 1604 623 1666 ad
653 1622 791 1685 regnum.
816 1604 896 1667 Satis
919 1610 970 1669 est
990 1604 1050 1667 ola·

121 1706 173 1747 rus
194 1693 297 1748 textus
320 1688 359 1750 de
368 1691 504 1750 vanitate
526 1689 615 1749 huius
631 1687 735 1748 muudi
749 1686 944 1769 disputantis,
967 1686 1049 1771 quod

122 1786 195 1831 oasu
216 1777 358 1832 vertente
384 1774 429 1849 is,
457 1774 509 1853 qui
537 1791 619 1832 nuno
647 1790 754 1832 servus
777 1778 837 1850 est,
865 1770 901 1832 iit
920 1788 998 1853 rex,
1017 1776 1049 1833 st

121 1855 173 1933 qui
195 1872 250 1914 rex
273 1861 334 1932 est,
363 1855 398 1915 iit
420 1874 534 1917 servus.
579 1854 635 1915 His
657 1861 689 1915 et
710 1854 858 1916 similibus
878 1856 1049 1917 autoritati·

121 1935 193 2014 bus,
223 1938 249 1997 si
271 1944 380 1998 oontra
402 1943 552 2017 negantes
574 1957 798 2018 pugnaremus,
828 1937 904 1997 nihil
926 1938 986 2000 nisi
1006 1938 1049 1999 ln-

121 2018 254 2081 dibrium
277 2020 315 2081 de
337 2020 427 2082 nobis
450 2024 482 2081 et
504 2021 656 2081 eeclesiae
665 2021 849 2083 adversariis
865 2020 1048 2083 sanaremus.

120 2102 303 2181 Quanquam
326 2123 386 2183 ego
408 2103 609 2164 libentissime
632 2105 736 2164 omnia
755 2104 834 2164 haee
855 2103 997 2184 admitto,
1018 2110 1050 2167 st

121 2186 146 2245 si
169 2204 230 2264 qua
251 2192 321 2246 sunt
338 2186 458 2246 similla.
1035 2186 1038 2191 '
1061 2190 1065 2195 '

203 2268 280 2329 'l'als
301 2274 332 2329 et
360 2267 436 2328 illud
460 2275 507 2329 eat
527 2269 634 2330 Mattb.
656 2275 697 2334 5:
734 2268 811 2330 Ilsto
848 2272 1048 2333 eonsentieus

120 2349 297 2412 adversario
328 2358 397 2430 tuo,
425 2371 465 2411 ne
495 2350 597 2425 tradat
617 2360 649 2413 te
677 2354 786 2414 tortori
808 2360 883 2430 ete,
918 2353 973 2415 ubi
994 2370 1049 2435 psr

121 2452 276 2495 aaroerem
299 2434 372 2494 dioit
398 2433 529 2515 intelligi
557 2453 612 2515 per
633 2435 829 2496 Ambrosium
851 2432 1047 2519 looun'pur'·

121 2517 241 2598 gatorii,
265 2517 396 2578 libenter
417 2516 557 2578 admitto.
581 2518 642 2578 Sed
664 2520 736 2599 quia
759 2519 810 2580 alii
823 2520 930 2580 Patres
951 2521 985 2582 in
1006 2518 1048 2581 di·

120 2618 241 2661 versum
266 2608 493 2680 exposuerunt,
522 2603 701 2682 praesertim
726 2603 915 2683 Augustinus
944 2602 986 2665 de
1003 2603 1048 2663 in-

119 2682 209 2744 lerno
239 2691 270 2744 et
297 2702 453 2763 nunquam
476 2702 637 2765 egressuro
665 2686 808 2765 exponit,
836 2685 871 2746 iit
899 2686 1048 2777 autoritps

121 2765 223 2845 dubia,
244 2765 385 2827 fidelibus
407 2767 550 2846 suadens,
571 2770 759 2833 resistentes.
772 2767 804 2847 ²)
836 2787 900 2830 non
922 2770 1048 2832 sorsin

121 2867 205 2910 oens.
247 2850 289 2912 Ut
309 2849 341 2910 id
363 2857 503 2930 taceam,
536 2851 619 2930 quod
640 2857 742 2913 textus
763 2854 989 2931 eonsequentia
1009 2868 1049 2913 ne

120 2933 254 3013 patiatur
279 2933 401 3014 quidem
430 2933 468 2994 de
488 2937 665 3015 purgatorio
687 2933 837 3016 intelligi,
866 2934 941 2996 dieit
966 2934 1047 2997 anim

122 3015 161 3076 de
183 3018 397 3077 consentiente
419 3016 614 3096 adversario,
637 3024 668 3079 et
688 3017 906 3096 dissentiente,
937 3018 1049 3082 voleus

123 3098 353 3160 dissentientem
378 3099 610 3179 damnabiliter,
640 3107 672 3162 et
699 3106 806 3161 oontra
829 3101 942 3162 Obristi
962 3118 1048 3183 prae

122 3188 244 3261 ceptum
266 3200 414 3263 peooare,
444 3202 523 3262 quae
544 3185 699 3264 pertinent
720 3182 759 3244 ad
781 3184 952 3263 infernum,
985 3201 1046 3246 non

121 3264 160 3324 ad
181 3266 399 3346 purgatorium.
620 3264 627 3271 ’

205 3349 369 3410 Rationem
390 3336 534 3430 Gregorii
557 3351 771 3412 consentiente
794 3348 953 3411 Bernardo
976 3349 1047 3411 dioit

122 3450 191 3492 esse
213 3431 362 3510 validam,
385 3432 469 3511 quod
491 3432 574 3493 Dens
595 3435 722 3494 remittit
742 3433 847 3512 aliqua
866 3439 999 3512 peooata
1016 3435 1046 3494 in

153 3569 290 3576 .-.----.—.-
309 3570 381 3576 ..—....
396 3571 406 3576 -
415 3571 428 3577 .-
439 3571 491 3577 -..ω
501 3572 522 3578 .-

178 3637 206 3700 1)
226 3636 256 3688 ln
277 3635 318 3688 ed.
339 3600 399 3691 Je'n.
418 3644 445 3691 et
464 3639 547 3708 apud.
568 3639 695 3694 l,oeseh.:
713 3639 853 3709 intelligit.
899 3642 931 3709 2)
954 3644 985 3697 ln
1006 3642 1046 3699 ed.

122 3708 192 3777 orig.
212 3714 238 3761 et
255 3705 333 3763 Jen.:
353 3712 493 3765 resistens.
912 3714 916 3725 “

177 3774 210 3846 *)
232 3777 306 3835 Eeel.
325 3782 350 3837 5.
