2346 4208
204 219 268 285 292
441 290 446 301 ,
543 218 622 271 Bulla
636 219 735 272 Leonis
755 216 787 272 X.

248 413 286 483 n)
311 406 439 483 Quoties
453 404 668 467 inculcandum
691 414 748 483 est,
770 407 801 466 in
818 406 953 468 eooiesia
973 413 1025 468 tua
1044 405 1119 467 nolis

247 492 362 552 versari
385 509 459 569 nos,
493 509 593 569 neque
631 508 699 551 oum
722 489 869 570 Copiistis
892 492 952 551 tuis
974 490 1055 550 veile
1073 489 1119 550 tibi

248 573 424 635 adsentari?
457 571 536 647 Quin
566 580 598 634 ιιι
634 572 736 653 potius
768 571 806 633 ad
839 575 1007 634 sanitatem
1038 571 1120 652 retiis,

249 657 412 738 proiioions
445 657 604 716 avaritiam
633 674 672 715 ex
694 655 864 733 calumnia,
907 661 940 717 et
973 656 1121 717 excutiens

216 780 219 787 -
250 759 359 799 manus
381 746 448 799 tuas
470 738 509 799 ab
531 739 616 801 omni
637 757 772 799 munere.
898 806 902 811 ,
1167 798 1169 805 .

289 821 390 902 lpsum
425 823 517 902 igitur
543 821 705 882 Martinam
722 821 769 899 ¹),
808 827 840 882 et
869 839 1075 901 quosounqne
1099 821 1122 880 ei
1167 830 1169 911 j

207 904 423 982 adhaerentes,
456 905 583 983 eiusque
610 911 818 984 receptatores
851 909 885 965 et
908 904 1050 966 fautores
1076 921 1123 984 per
1167 926 1169 945 ¹

207 989 326 1048 visoera
346 986 623 1062 misericordiaea)
654 987 711 1048 Dei
740 989 851 1066 nostri,
887 993 920 1048 et
951 1006 1009 1068 per
1031 1004 1122 1068 asper·

206 1071 325 1131 sionem
338 1070 373 1150 b)
400 1071 558 1151 sanguinis
573 1071 696 1131 Domini
719 1070 813 1130 nostri
835 1070 904 1130 lesu
924 1069 1051 1147 Christi,
1072 1087 1123 1150 quo

207 1161 239 1213 et
259 1173 314 1232 per
336 1171 426 1232 quem
450 1153 573 1214 humani
595 1155 718 1234 generis
741 1151 929 1233 redemptio,
953 1161 984 1214 et
1007 1159 1124 1214 sanotm

209 1237 313 1296 matris
337 1235 488 1299 eeclesiae
502 1234 676 1296 aedificatio
697 1236 778 1297 faeta
800 1242 857 1312 est,
882 1255 923 1296 ex
946 1242 1017 1297 toto
1041 1233 1124 1297 eorde

207 1318 365 1379 hortamur
386 1327 417 1380 et
440 1319 649 1396 obsecramus,
671 1325 704 1380 ut
725 1320 821 1399 ipsius
843 1319 1000 1380 ecelesiae
1014 1336 1124 1399 paoem,

208 1403 354 1463 unitatem
378 1409 410 1462 et
430 1404 609 1480 veritatem,
644 1420 700 1481 pro
723 1421 784 1481 qua
804 1403 872 1482 ipsa
900 1400 1053 1464 Salvator
1072 1408 1124 1463 tan

207 1486 357 1546 instanter
378 1486 478 1545 oravit
498 1484 537 1545 ad
560 1485 698 1562 Patrem,
720 1484 841 1546 turbare
857 1489 888 1560 ο)
914 1484 1126 1565 desistentst

208 1587 226 1626 a
253 1567 417 1647 praedietis
456 1575 516 1628 tam
550 1569 732 1648 pernioiosis
763 1566 918 1629 erroribus
932 1564 968 1637 d)
1009 1584 1126 1649 prorsus

207 1649 396 1729 abstineant,
428 1651 627 1725 inventuris)
659 1653 738 1732 apud
767 1669 841 1729 nos,
874 1651 900 1710 si
930 1648 1126 1712 effeetuaiitsr

206 1735 377 1812 paruerint,
406 1739 437 1793 et
457 1735 596 1814 paruisse
624 1752 681 1814 per
703 1733 839 1814 legitima
860 1732 1057 1796 donumenta
1077 1751 1125 1795 nos

208 1814 457 1894 eertifioavennt,
494 1823 643 1897 paternae
663 1815 691 1899 f)
726 1818 859 1877 cantatis
898 1815 1068 1895 affeetum,
1099 1822 1125 1877 st

205 1905 343 1979 apertum
366 1898 608 1960 mansuetudinis
631 1905 662 1959 et
684 1899 868 1960 elementiae
888 1899 1013 1960 iontem
1026 1902 1074 1977 a).

247 1986 283 2060 a)
308 1981 394 2043 Haeo
420 1989 451 2042 te
479 1980 709 2043 misericordiae
739 1983 859 2042 viscera
878 1981 1014 2044 induere
1052 1981 1127 2044 iubet

247 2065 375 2143 Paulus,
398 2066 489 2125 simut
516 2065 755 2146 benignitatem,
777 2064 1003 2146 humilitatem,
1033 2064 1126 2129 motis

249 2150 337 2209 stiam
368 2156 399 2208 et
421 2149 617 2228 patientiam,
652 2168 742 2229 quem
771 2166 828 2210 nos
852 2147 999 2209 videmus
1023 2165 1126 2231 magno

251 2232 342 2291 etiam
377 2229 578 2292 cumdolore
608 2239 714 2291 nostro
757 2239 864 2293 eontra
885 2230 1051 2311 indutum,
1079 2249 1126 2312 pro

250 2311 458 2374 misericordia
466 2313 687 2393 crudelitatem,
700 2334 755 2395 pro
770 2315 919 2395 patientia
932 2315 1127 2388 iracundiam,

250 2416 304 2479 pro
328 2398 441 2457 iustitia
463 2399 666 2476 iniquitatem,
691 2404 737 2476 et,
760 2406 792 2458 ut
814 2397 911 2458 semel
936 2398 1061 2477 dinam,
1081 2415 1127 2480 pro

248 2479 410 2626 <viirtptpbus
421 2482 504 2561 vitia,
516 2480 548 2541 id
560 2487 616 2558 est,
629 2499 685 2560 pro
698 2480 819 2542 Christo
834 2480 900 2541 Deo
910 2480 1127 2544 Autiohristrn

270 2583 301 2624 ra
323 2581 415 2624 oum.

250 2645 288 2729 b)
312 2647 414 2726 Miror,
438 2646 506 2706 talis
530 2664 598 2705 oum
621 2648 680 2722 sis,
713 2646 790 2708 haee
812 2646 1022 2728 possefloqui
1045 2656 1075 2711 te
1092 2646 1127 2708 in·

251 2732 349 2806 terim,
372 2731 416 2789 sio
437 2728 563 2809 tingere,
586 2729 630 2789 sio
652 2730 796 2791 simulare
818 2737 848 2792 et
870 2731 1083 2794 dissimulare.

250 2812 286 2895 o)
311 2813 424 2873 Seoure
446 2812 511 2872 vult
532 2831 661 2892 regnare
684 2813 845 2892 Decimus,
868 2812 925 2873 sed
951 2833 1084 2895 vereor,
1101 2818 1126 2874 ut

249 2898 357 2975 possit,
380 2897 425 2956 sio
444 2903 601 2956 commota
622 2895 794 2957 Germania.

250 2978 287 3053 d)
313 2977 434 3059 Quippe
469 2977 550 3038 unde
577 2979 674 3039 fames
707 2987 753 3040 tot
781 2979 1125 3055 Reverendiesimorum,

251 3069 282 3122 et
302 3063 429 3142 penuria
449 3062 507 3141 ipsi
530 3061 663 3122 Domino
686 3061 844 3122 imminet?

251 3150 286 3220 e)
311 3145 412 3204 Facile
435 3144 586 3204 oredimus
609 3152 757 3205 emturum
781 3145 885 3225 magni
908 3151 951 3224 te,
975 3153 1012 3207 ut
1033 3161 1123 3207 vernn

250 3234 422 3302 taceamus,
455 3227 570 3306 tibique
593 3230 803 3308 permittentes
825 3247 957 3308 regnum
992 3230 1052 3309 ipsi
1073 3246 1123 3290 our

250 3330 305 3370 nes
328 3318 391 3371 tam
412 3309 518 3389 iniquo
542 3310 675 3372 Domino
699 3313 867 3372 serviamus
891 3309 957 3372 tibi.

249 3394 277 3471 f)
303 3394 412 3474 Apage
432 3394 474 3452 sis
496 3395 653 3455 oaritatem
679 3401 777 3474 tuam,
810 3394 900 3454 Pater
922 3393 1008 3475 Leo,
1046 3409 1121 3474 quan

249 3478 362 3536 seimus
385 3475 483 3555 qualis
506 3477 554 3536 sit.

249 3558 289 3639 g)
312 3557 501 3619 Clementiae
539 3566 570 3619 et
603 3560 844 3620 mansuetudinis
877 3557 1000 3620 fontem
1040 3557 1121 3621 audes

249 3641 351 3702 disere
375 3642 423 3703 te?
446 3640 473 3701 0
494 3643 694 3721 iniquitatem.
739 3643 780 3703 At
801 3649 883 3702 certe
905 3643 954 3702 isti
980 3650 1053 3704 suut
1069 3641 1120 3702 fon·

212 3744 615 3758 nuno-nu——n--n—-r--u—-u-u-

281 3770 311 3834 1)
330 3767 361 3819 ln
380 3767 444 3821 edit.
463 3766 540 3822 Jem:
561 3767 717 3821 Lutherurn.
