2346 4208
126 278 190 347 tol
340 283 620 353 ussermannus
636 286 730 341 sans
748 302 773 339 a.
791 284 849 341 x1x

130 469 214 549 quod
245 470 298 568 ⁸ll.
312 472 449 533 exiturus
482 478 556 552 post
572 472 785 565 solutionem,
819 473 874 534 sed
896 474 1050 537 salvetat

128 573 193 615 m
211 553 428 712 apppfflm
451 639 637 717 confutavit,
651 656 662 673 ‘
674 638 758 717 quod
787 658 850 700 nou
875 618 1051 720 psooamit

127 721 318 798 mortaliter,
346 721 529 782 dissentiens
557 721 750 801 adversario,
780 729 873 801 atque
906 722 1001 803 quod.
1019 728 1051 785 et

127 806 271 866 mortalia
299 825 362 866 uon
385 805 447 865 sint
473 806 622 884 eontrita,
662 812 693 865 et
724 806 859 868 venialia
882 812 1050 889 purgentur

125 888 157 949 in
178 890 380 969 purgatorio3
412 887 502 965 dieo,
529 888 613 967 quod
633 888 684 949 hio
705 894 807 950 textus
829 908 894 951 uon
914 889 1049 971 loquitar

127 970 167 1033 de
191 973 329 1033 contritis
352 971 542 1048 mortalibus,
564 991 637 1033 uam
658 972 970 1035 contritum-mortale
988 974 1049 1035 iu

127 1074 191 1115 uon
213 1061 261 1115 est
281 1053 422 1131 mortale,
445 1061 476 1115 et
497 1057 661 1135 poenitens
683 1058 745 1117 iam
767 1075 830 1117 non
860 1061 909 1117 est
932 1055 1048 1119 dinen·

125 1138 205 1199 tiens
228 1138 406 1199 adversario
428 1157 511 1216 suo,
546 1158 622 1218 ergo
650 1138 688 1199 de
718 1139 920 1200 dissentiente
938 1145 981 1201 et
1007 1140 1050 1203 aio

127 1228 329 1302 permanente
350 1221 485 1300 loquitur
508 1220 653 1282 Christus.

208 1305 346 1366 Transeo
369 1303 445 1365 illud
466 1304 505 1365 de
515 1323 589 1366 easu
601 1305 676 1385 ligni
689 1303 772 1385 apud
783 1302 1050 1389 restauratam),

125 1386 177 1448 ubi
198 1388 405 1469 Hieronymus
426 1387 517 1466 diuit,
544 1388 717 1469 intelligere
744 1407 799 1468 per
826 1394 964 1449 anstrum
986 1394 1047 1451 etv

125 1476 191 1531 tum
211 1471 336 1550 bonnm,
359 1476 390 1532 et
411 1491 467 1552 per
486 1471 662 1551 aquilonem
686 1477 799 1532 statum
820 1470 953 1551 malum,
975 1490 1047 1535 oon·

127 1553 205 1616 eodo
227 1559 400 1635 utrumque,
422 1561 454 1615 et
476 1554 551 1614 nihil
573 1553 612 1615 ad
634 1555 855 1635 purgatorium.

208 1639 256 1699 De
286 1640 448 1699 mansione
475 1636 558 1718 apud
585 1637 756 1698 Iohannem
780 1635 838 1716 ”l
862 1642 967 1717 oerta,
997 1636 1046 1699 ulti

125 1728 283 1801 angulatur
306 1723 337 1781 in
358 1721 441 1781 huno
462 1720 606 1784 modum:
630 1718 796 1795 Quomodo
817 1718 872 1781 flet
893 1728 1002 1799 oerta,
1017 1721 1045 1783 si

121 1802 177 1865 liat
197 1806 336 1867 aooessio
358 1806 495 1884 gratiae,
525 1805 574 1864 eui
603 1803 751 1865 debeatur
784 1803 876 1865 altior
901 1802 1044 1865 mansio?

120 1887 228 1950 Potest
247 1888 330 1948 idem
344 1889 431 1967 argui
446 1886 485 1947 de
501 1886 640 1966 quolibet
659 1885 745 1948 fideli
765 1895 836 1967 post
847 1887 1042 1968 baptismum,

123 1972 172 2030 eui
193 1979 240 2033 est
261 1977 347 2031 oerta
367 1970 487 2030 mansio
513 1969 551 2030 ab
574 1977 701 2030 aeterno
722 1969 965 2051 praedestinata.

208 2053 328 2115 Deinde
357 2054 387 2112 in
418 2054 596 2133 purgatorio
631 2055 815 2114 exsistentes
842 2054 888 2114 sie
913 2053 1045 2117 ordindli

125 2144 210 2217 sunt,
238 2137 355 2197 uther
376 2136 469 2197 modo
492 2135 532 2196 ad
554 2143 671 2197 certam
695 2138 887 2198 mansionem
909 2138 1044 2199 veniant

123 2219 201 2281 llled
230 2221 322 2280 etiam
344 2219 511 2280 humanum
532 2226 746 2300 argumentum
775 2220 851 2280 nibil
878 2216 1043 2298 oonoludit,

123 2303 208 2383 quod
230 2308 408 2383 sequeretur
430 2302 672 2364 descendentem
695 2322 764 2363 oum
786 2303 924 2384 pluribus
938 2320 1043 2385 paona·

123 2388 163 2449 tis
185 2388 294 2448 melius
306 2385 479 2447 habiturum
503 2405 583 2461 sese,
605 2405 697 2466 quarn
720 2406 790 2447 eum
811 2387 863 2465 qni
886 2404 1042 2468 rumpan-

123 2470 176 2532 uis.
205 2470 236 2532 Si
259 2470 337 2530 haee
357 2471 436 2531 ratio
458 2470 542 2530 bona
564 2477 620 2545 est,
644 2470 810 2530 timendum
834 2476 896 2548 est,
921 2489 963 2531 ne
984 2488 1043 2531 ma·

123 2555 219 2615 retrix
240 2554 350 2614 melior
370 2552 439 2632 fiat,
469 2573 561 2632 quam
591 2553 624 2612 B.
648 2553 759 2634 Virgo:
789 2554 877 2632 quasi
900 2572 967 2615 non
987 2554 1045 2615 sint

124 2636 301 2698 differentes
333 2637 447 2716 gradus
477 2638 647 2696 animarum
682 2636 712 2696 in
749 2637 948 2717 purgatorio,
977 2652 1043 2698 oum

123 2719 305 2801 ipse-hodie
327 2719 476 2795 Sanetus,
505 2719 590 2780 velut
611 2739 683 2799 prae
712 2721 821 2780 ceteris
843 2720 1044 2800 praestantio-

123 2824 183 2883 res,
205 2805 237 2863 in
259 2805 437 2884 purgatorio
461 2804 634 2865 asseruerit.

207 2886 328 2948 Deinde
340 2886 553 2947 Silvestrinum
572 2893 785 2968 argumentum
811 2884 938 2964 iuduoit,
961 2884 1044 2966 qnod

124 2970 289 3051 prodesset
311 2971 365 3047 eis,
387 2970 413 3030 si
435 2970 636 3050 perdurarent
656 2971 690 3029 in
710 2970 831 3049 poeuis,
853 2987 925 3029 nam
948 2969 995 3031 sio
1015 2976 1046 3033 et

125 3053 308 3135 martyribus
329 3052 491 3132 expediret
511 3071 609 3131 usqua
630 3054 661 3112 in
683 3051 766 3113 diem
788 3051 891 3112 iudioii
915 3054 995 3115 mori
1016 3060 1046 3115 et

123 3139 196 3217 pati,
219 3137 305 3217 quasi
328 3138 450 3216 ignoret
469 3137 506 3196 D.
515 3136 552 3196 D.
574 3136 612 3196 ad
637 3142 751 3197 sermm
775 3155 951 3196 mensuram
972 3154 1044 3217 poe-

123 3238 181 3282 nas
209 3240 279 3281 esse
305 3218 465 3280 animabus
500 3220 690 3293 constitutas.
722 3218 792 3279 Non
823 3238 897 3299 ergo
919 3218 1045 3281 damua-

123 3303 185 3364 bile
213 3311 274 3380 est,
304 3322 394 3364 orare
421 3322 476 3382 pro
508 3303 652 3380 mortuis,
684 3303 763 3362 siout
790 3321 849 3363 nee
870 3301 1045 3363 damnabile

122 3387 196 3460 fuit,
225 3386 308 3467 quod
330 3386 501 3467 Apostolus
524 3383 600 3468 ***)
626 3404 682 3467 pro
706 3404 739 3446 se
762 3387 881 3461 oravit,
913 3392 944 3446 et
964 3386 1044 3447 orari

123 3471 234 3550 petiit,
261 3489 329 3530 oum
352 3478 454 3530 tamen
477 3477 630 3531 oreseeret
651 3471 745 3530 virtus
772 3471 838 3529 eius
869 3470 900 3529 in
922 3467 1044 3530 infirmi·

123 3558 195 3616 tate.
220 3554 266 3614 Ita
287 3552 416 3633 quilibet
437 3552 537 3613 lldelis
559 3572 615 3632 pro
638 3552 776 3633 qualibet
788 3552 980 3613 necessitate
996 3566 1041 3613 on

160 3810 296 3876 'l-Eoole.
319 3812 360 3866 ll.
397 3810 635 3877 “bdohanlll
674 3809 740 3877 ’Ἢ
763 3814 790 3866 2.
809 3812 873 3869 Gor.
895 3815 946 3870 12,
991 3884 994 3889 Ι
