2332 4206
176 248 240 316 480
416 253 543 321 Epistola
560 253 629 305 Phil.
648 252 867 306 llelanehthonis

176 455 251 517 pare
263 435 430 513 desideras,
452 436 585 496 studium
608 456 646 497 ao
659 437 848 498 voluntatem
864 436 957 495 animi
979 453 1054 515 erga
1066 443 1098 495 te

178 521 237 579 mei
261 520 396 599 pluribus
435 521 536 580 verbis
565 520 722 580 declarari.
766 521 845 581 Nam
872 518 1023 578 eiusmodi
1046 538 1104 578 aut

177 604 282 682 apiciis
303 604 424 662 animos
449 613 572 663 nostros
596 605 729 683 optimus
752 604 805 663 ille
828 606 966 663 sincerae
989 602 1101 662 carita·

177 687 217 745 tis
250 687 373 765 spiritus
395 685 592 763 conciliavit,
630 698 662 746 ut
693 688 858 747 amicitiam
886 693 1023 746 nostram
1046 704 1100 744 ue-

177 786 237 849 que
270 769 447 828 labefactari
472 770 534 829 ullo
558 789 647 846 casn,
679 773 710 829 iu
746 777 806 829 tam
842 770 926 828 varia
960 769 1097 829 omnium

176 871 277 912 rernm
316 852 517 912 humanarum
563 853 786 926 vicissitudine,
831 870 925 932 posse
964 870 1098 929 sperem,

177 953 278 1013 neque
299 936 475 1014 vulgaribus
497 936 576 1013 illis,
611 944 642 995 et
663 937 802 1015 profecto
826 936 973 1015 pedaneis
996 932 1097 993 fuffra-

176 1019 236 1099 giis
257 1017 289 1077 id
312 1036 409 1098 genus
432 1018 604 1097 literarum,
627 1020 767 1098 qualibus
791 1019 854 1079 fere
877 1018 1001 1078 aluntur
1022 1018 1097 1076 ami-

178 1102 287 1177 citiae,
315 1101 406 1160 altius
440 1110 574 1161 acturam
599 1104 727 1161 radices.
771 1102 803 1160 lu
828 1109 989 1179 utrumque
1011 1102 1098 1180 spiri·

177 1191 226 1244 tus
247 1183 396 1244 incumbit
416 1186 543 1262 pariter,
566 1195 598 1243 ut
619 1186 734 1245 inedita
757 1187 797 1243 sit
817 1186 952 1244 amicitia
973 1190 1037 1243 tum
1059 1186 1098 1242 si·

178 1267 316 1344 mulctis,
347 1277 407 1326 tum
431 1269 599 1349 nugacibus
620 1270 687 1327 istis
709 1267 874 1327 blanditiis.
918 1270 1019 1347 Atque
1041 1269 1096 1326 uti·

177 1369 249 1411 nam
271 1350 351 1409 illius
374 1368 483 1428 queam
517 1360 606 1432 grato
630 1358 756 1430 pectore
786 1350 966 1410 beneficium
1001 1369 1099 1430 agno-

177 1451 280 1509 scere,
313 1433 479 1512 quitatem
503 1453 564 1493 non
595 1433 664 1493 dico
687 1434 822 1510 Thesea,
845 1433 900 1493 sed
924 1431 1099 1492 Christiana

175 1515 238 1577 fide
271 1519 402 1579 amioum
441 1517 530 1577 nobis
563 1519 704 1576 iunxerit.
759 1518 857 1577 Nemo
887 1518 967 1576 enim
1006 1517 1099 1595 plane

177 1600 350 1661 mortalium
375 1608 437 1677 est,
473 1602 558 1659 cuins
589 1603 780 1680 praesentior
807 1602 836 1659 in
869 1620 917 1659 me
939 1601 998 1659 iam
1026 1598 1100 1658 in'de

177 1703 197 1744 a
216 1702 313 1763 puero
336 1702 432 1761 nsque
451 1683 541 1743 fuerit
563 1682 774 1762 beneficentia,
799 1702 889 1762 quam
916 1693 977 1759 tua,
1000 1701 1098 1760 eaque

176 1785 250 1826 vere
286 1767 420 1826 liberalis
449 1785 487 1825 ec
510 1785 635 1846 prorsus
656 1766 694 1829 τὸ
717 1767 843 1848 γυμνὸν
865 1771 932 1828 τῶν
953 1769 1099 1849 χαρίτων

176 1851 321 1910 reserens.
371 1849 479 1928 Neque
508 1851 588 1909 enim
623 1852 758 1909 rationes
794 1858 918 1909 nostrae
954 1848 1100 1908 sinebant

177 1952 310 2012 aequare
341 1933 521 1992 beneficium
555 1931 716 1993 beneficio.
760 1931 829 2006 Qua
849 1942 936 2012 parte
959 1931 1099 2011 quando·

177 2016 301 2095 quidem
323 2022 355 2074 tn
377 2023 531 2094 praestas,
560 2033 693 2093 quaeso,
723 2018 864 2095 permitte
894 2018 1017 2075 vincere
1040 2033 1098 2074 nos

178 2098 322 2160 amando.

172 2244 177 2259 ι
260 2178 445 2241 Aristoteles
468 2199 555 2258 eum,
578 2183 629 2260 qui
651 2181 802 2242 beneficio
826 2182 1001 2262 quempiam
1024 2179 1097 2240 affe-

177 2265 267 2340 cerit,
290 2254 327 2322 ab
350 2263 404 2322 illo
430 2270 545 2323 tantum
570 2265 634 2323 vult
654 2267 766 2341 amari,
797 2273 943 2343 quantum
968 2282 1097 2323 merere-

177 2355 226 2407 tur
246 2344 443 2423 beneficium,
477 2354 530 2406 aut
559 2356 641 2408 certe
665 2347 805 2407 beneficii
828 2351 935 2428 gratia.
980 2350 1097 2427 Arguta

176 2430 229 2490 ille
251 2429 392 2508 quidem,
417 2428 471 2489 sed
496 2449 556 2489 nou
580 2432 708 2491 omnino
730 2432 840 2510 probe,
884 2432 991 2510 Neque
1016 2432 1097 2489 euim

178 2512 267 2573 nobis
300 2530 412 2592 scopus
445 2521 492 2573 est
519 2516 632 2574 amoris
661 2516 757 2574 nostri
793 2513 974 2574 beneficium
1004 2513 1096 2572 ullum

177 2603 273 2674 tuum,
295 2595 348 2655 sed
370 2597 423 2656 ille
445 2605 534 2656 autor
555 2599 708 2657 amicitiae
731 2605 855 2656 nostrae
877 2598 989 2658 Christi
1013 2597 1098 2676 spiri·

176 2686 235 2739 tus.
284 2679 330 2738 Tu
368 2680 488 2739 interim
522 2681 668 2760 quidquid
709 2680 802 2740 officii
843 2683 942 2740 amico
978 2679 1099 2754 dedisti,

177 2765 331 2824 communi
355 2764 489 2822 caritatis
510 2765 575 2823 iure
597 2763 742 2840 debebas,
766 2765 897 2823 vicissim
920 2766 950 2823 in
969 2764 1097 2824 nomini-

177 2846 234 2908 bus
256 2849 315 2904 tuis
338 2865 395 2905 nos
419 2861 541 2926 quoque
563 2867 681 2923 snmus,
722 2867 783 2906 non
817 2846 947 2906 defuturi
983 2845 1097 2921 officio,

178 2928 350 3008 siquando
375 2947 463 2988 casus
487 2930 597 3008 aliquis
621 2931 706 2990 feret.

261 3013 324 3071 lam
349 3032 422 3072 vero
447 3013 529 3092 quod
553 3015 677 3090 attinet,
708 3013 808 3093 nolui,
848 3011 1095 3092 quandoquidem

176 3096 294 3175 reliqua
315 3095 378 3155 fere
399 3097 429 3154 in
453 3096 560 3155 studiis
575 3097 729 3157 literarum
747 3098 922 3157 communia
939 3095 1097 3164 habemus,

177 3180 312 3240 frustrari
335 3188 365 3238 te
387 3180 441 3254 iis,
475 3199 553 3258 quae
583 3182 816 3259 exspectatione
839 3182 972 3254 maiore,
1005 3197 1095 3256 quam

177 3282 233 3343 pro
256 3281 289 3321 re
299 3262 422 3341 Lipsiae
444 3263 483 3322 de
497 3263 648 3343 ambiguis
662 3262 842 3343 quibusdam
856 3263 1097 3341 Theologorum,

177 3351 212 3405 ut
222 3345 353 3422 videtur,
377 3346 453 3405 locis
470 3353 540 3405 acta
562 3353 641 3406 sunt.
675 3347 741 3406 Nec
759 3348 870 3426 opinor
892 3346 966 3406 nihil
985 3344 1098 3404 referre

177 3437 245 3506 tua,
269 3430 319 3508 qui
343 3435 374 3488 et
394 3448 450 3508 pro
474 3429 642 3510 theologici
666 3432 797 3490 nominis
821 3431 969 3512 dignitate
990 3430 1020 3487 in
1044 3427 1097 3487 illo

177 3512 308 3572 Sueviae
331 3512 450 3572 theatro
473 3511 548 3572 urhe
571 3516 711 3594 Augusta
732 3533 851 3573 sacrum
875 3512 1097 3592 Panegyristen

176 3598 262 3676 agis,
285 3603 331 3673 et,
354 3603 387 3655 ut
410 3595 606 3676 theologicae
627 3598 735 3659 literae
762 3617 838 3676 pure
860 3617 898 3660 ac
919 3595 1099 3674 simpliciter

177 3677 355 3758 doceantur,
381 3678 537 3742 adniteris.

260 3763 346 3824 Haec
381 3784 454 3825 vero
486 3763 679 3846 disceptandi
699 3766 860 3845 provincia
882 3766 1013 3846 primum
1036 3783 1098 3824 uon
