2346 4208
365 277 401 332 ad
420 277 586 332 Schsdulsm
604 277 785 332 inhibitionis.
831 278 834 282 '
983 270 1046 338 149

121 468 198 528 time
220 467 327 528 lector.
371 467 478 545 ltaque
513 471 612 543 ostes,
648 484 781 544 quaeso,
818 484 931 546 magno
961 465 1044 526 hiatu

122 557 266 632 paratus,
287 568 337 610 res
358 569 421 611 non
445 557 492 609 est
514 569 609 629 parva
629 549 779 629 profecto,
802 548 952 609 Christum
977 567 1045 610 essa

123 633 181 694 suh
204 639 332 712 utraque
362 635 532 712 specierum
559 634 721 712 integrum.
765 631 823 691 Hui
851 651 940 710 quam
962 631 1045 692 fideli

123 735 198 777 cura
219 716 341 796 populi,
374 722 551 795 quautoque
579 714 741 777 verborum
770 715 862 775 ductu
894 716 1045 775 sollicitis·

123 801 193 861 simi
219 800 274 858 viri
297 799 419 860 docent.
463 799 590 877 Miraris,
627 817 688 879 qua
709 802 823 859 causa?
855 799 947 858 Miror
964 805 1046 859 certe

124 889 158 943 et
179 901 248 963 ego.
291 882 415 943 Certum
437 888 484 942 est
505 883 607 961 enim,
633 901 692 942 nec
713 881 884 959 Bohemos‚
912 900 969 943 nec
990 881 1046 942 Lu-

124 968 263 1041 rherum,
293 985 351 1026 nec
385 965 465 1025 ullos
497 984 630 1044 unquam
661 965 833 1025 haereticos
861 967 1044 1025 contrarium

128 1049 278 1129 sapuisse.
322 1048 389 1108 Etsi
412 1049 491 1108 enim
515 1047 658 1129 Pighardi
683 1049 835 1109 Christum
858 1055 973 1129 negent
990 1047 1045 1109 sub

123 1133 188 1193 ulla
209 1133 313 1211 specie
335 1133 495 1208 contineri,
518 1150 580 1191 non
605 1137 708 1192 tamen
731 1138 871 1192 asserunt
893 1152 960 1192 eum
983 1149 1045 1191 non

123 1217 184 1276 nisi
207 1214 263 1275 suh
286 1221 413 1294 utraque
435 1215 526 1274 simul
546 1216 714 1296 integrum,
749 1223 801 1275 sut
833 1216 863 1275 in
887 1222 1046 1294 utramque

123 1299 256 1359 divisum
280 1317 359 1375 esse,
383 1304 415 1357 ut
435 1297 466 1356 hi
488 1300 652 1358 somniant.

212 1380 289 1441 Cum
311 1388 412 1440 autem
436 1380 468 1441 hi
491 1380 718 1460 prudentissimi
740 1380 971 1458 doctissimique
992 1379 1047 1438 viri

126 1483 191 1527 non
216 1465 320 1542 utique
342 1464 373 1524 in
397 1470 520 1523 ventum
550 1463 712 1524 videantur
733 1465 834 1543 loqui,
855 1481 956 1541 neque
979 1480 1047 1521 cum

124 1549 217 1608 larvis
231 1565 379 1627 pugnare,
403 1553 527 1626 oportet
541 1548 591 1607 vel
604 1547 722 1607 articuli
736 1545 806 1606 fldei
824 1546 900 1605 vice
911 1545 1046 1618 credere,

125 1650 182 1692 eos
204 1631 301 1690 scisse
331 1636 362 1690 et
394 1631 490 1706 scire,
524 1637 631 1690 contra
662 1649 739 1709 quos
767 1629 932 1708 loquantur
959 1634 1046 1688 tanto

126 1714 309 1795 praesertim
336 1715 386 1790 (ut
420 1712 501 1790 dixi]
533 1714 669 1792 strepitu.
713 1712 779 1772 Nec
807 1710 972 1771 verisimile
1000 1717 1048 1770 est

126 1817 183 1859 eos
206 1803 314 1856 contra
335 1797 466 1856 lemures
489 1798 652 1857 etsomnia
676 1815 730 1855 sus
743 1812 889 1875 pugnare,
910 1793 941 1853 id
964 1792 1046 1872 quod

126 1881 203 1940 miro
227 1878 320 1939 modo
344 1898 449 1939 eorum
472 1878 637 1959 derogaret
653 1887 716 1938 tum
739 1878 895 1938 autoritati
915 1883 978 1936 tum
1001 1896 1048 1935 sa·

124 1964 270 2044 pientiae,
320 1961 394 2036 Quis
437 1981 511 2042 ergo
545 1969 665 2022 enarret
697 1962 775 2022 haec
806 1958 956 2026 mirabilia
992 1958 1046 2020 ho·

126 2045 263 2106 minum?

209 2128 371 2205 Reliquum
395 2133 456 2205 est,
492 2135 525 2187 ut
547 2129 661 2208 ingenii
690 2136 719 2188 et
738 2127 813 2186 ‘artis
842 2145 916 2185 suae
939 2144 1046 2185 monu-

127 2219 231 2273 menta
253 2211 405 2270 voluerint
426 2211 485 2270 hac
505 2210 625 2272 ratione
639 2212 837 2271 testatissima
858 2209 969 2286 facere,
992 2206 1046 2267 sed

127 2315 208 2374 quae
230 2293 329 2354 rideat
358 2294 407 2353 vel
428 2293 580 2354 subulcus.
625 2295 757 2354 Primum
780 2294 836 2352 fuit
857 2292 917 2351 illis
939 2293 1047 2351 unicus

128 2380 227 2455 furor,
250 2377 415 2436 Luthcrum
438 2377 498 2436 hoc
523 2379 650 2437 nomine
672 2375 820 2438 reddendi
843 2375 938 2455 vulgo
962 2375 1047 2434 odio·

128 2462 294 2540 sissimum,
317 2459 401 2538 quod
423 2479 505 2520 nove
518 2461 638 2521 haeresi
651 2461 785 2538 doceret,
809 2458 961 2518 Christum
985 2476 1046 2517 non

128 2563 199 2604 esse
222 2545 373 2622 integrum
396 2541 450 2602 sub
473 2549 600 2622 utraque
627 2545 806 2623 specierum.
849 2541 946 2616 Quem
970 2541 1048 2600 furo-

128 2647 192 2689 rem
217 2633 251 2685 ut
272 2625 422 2703 celarent,
456 2646 535 2686 neve
566 2633 627 2685 tam
652 2627 804 2686 malitiose
826 2643 919 2704 agere
942 2623 1048 2703 depre-

129 2709 346 2784 henderentur,
369 2711 534 2769 commenti
559 2709 718 2768 suuthano
739 2707 896 2788 pulchram
921 2706 1049 2787 figuram

128 2793 349 2872 strophamque
372 2811 462 2867 sane,
498 2794 547 2853 vel
579 2795 609 2851 in
642 2791 876 2872 quadragesima
897 2791 1049 2866 testivam,

130 2883 164 2935 ut
185 2895 235 2935 ms
257 2894 320 2935 uon
341 2876 518 2935 incusarent
541 2875 662 2954 quidem
687 2876 774 2935 huius
795 2873 932 2932 haeresis
956 2873 1049 2931 mani·

129 2960 243 3036 festae,
273 2957 330 3019 sed
351 2960 431 3017 inter
454 2959 675 3018 criminandum
699 2959 847 3018 docerent
867 2956 1048 3015 catholicam

130 3042 315 3102 contrariam
337 3042 539 3114 sententiam,
569 3061 630 3120 quo
653 3041 763 3121 vulgus
785 3040 873 3099 simul
896 3041 976 3098 inter
997 3040 1050 3097 cri-

130 3127 315 3184 minationes
358 3123 446 3182 huius
497 3144 620 3203 quoque
665 3124 849 3203 suspicionis
898 3140 1049 3182 venenum

129 3207 272 3267 hauriret.

214 3290 254 3349 Et
275 3297 340 3349 erat
363 3307 436 3347 sane
458 3289 576 3349 vafrum
598 3290 659 3351 hoc
682 3297 907 3364 commentum,
946 3293 977 3346 et
997 3306 1051 3366 po-

131 3382 198 3433 tens
222 3373 259 3431 ad
293 3371 530 3432 subvertendum
566 3374 696 3453 simplex
731 3374 887 3452 ingenium
916 3369 1052 3449 stropha,

131 3457 190 3516 nisi
215 3462 266 3529 (ut
284 3455 416 3513 Hilarius
439 3459 501 3533 ait)
523 3456 589 3515 Deo
601 3464 750 3536 regnante
771 3475 832 3515 non
857 3461 972 3514 tantum
995 3453 1053 3512 suf-

131 3540 302 3619 fragaretur
324 3538 496 3616 prudentia,
519 3546 664 3617 quantum
688 3539 780 3598 audet
801 3539 952 3617 impietas.
973 3535 1051 3596 Nam

132 3642 200 3682 cum
216 3622 332 3681 vellent
352 3620 426 3679 illud
439 3623 577 3701 implere,
602 3622 683 3700 quod
697 3621 841 3682 Proverh.
854 3619 904 3684 26.
927 3619 1052 3678 dicitur:

133 3706 218 3766 Sicut
240 3706 352 3764 noxius
375 3714 437 3782 est,
472 3707 522 3783 qui
553 3705 645 3765 mittit
673 3707 800 3784 sagittas
823 3710 854 3764 et
874 3703 998 3763 lanceas
1021 3703 1051 3761 in

132 3795 279 3867 mortem,
307 3788 350 3846 ita
371 3787 427 3867 vir,
450 3785 500 3865 qui
522 3788 729 3849 fraudulenter
749 3793 844 3848 nocet
864 3786 963 3848 amico
986 3803 1057 3861 suo„
