2346 4208
195 239 260 307 362
448 243 542 298 Basol.
562 243 589 297 D.
606 256 692 312 super
711 243 904 313 Propoaltionc

197 431 336 510 quamvis
358 430 551 492 sacerdotem
575 449 801 511 recognoscere
823 433 978 511 pastorem
1002 437 1034 492 et
1054 450 1116 492 ma-

197 516 340 594 gistrum,
375 513 478 575 ubiubi
504 514 604 574 fuerit.
648 515 706 574 llic
733 516 813 574 enlm
842 516 940 594 pascit
969 522 1000 575 et
1029 516 1117 596 regit,

197 598 240 658 illi
270 617 344 658 vero
376 605 480 679 pastas
508 597 607 657 solum
637 597 766 658 tondent
795 606 826 657 et
861 605 1005 660 mactant.
1055 598 1116 659 Sed

195 683 270 743 satis
297 682 390 759 haec,
425 701 464 741 ne
494 681 600 742 videar
634 679 735 742 studio
762 681 1008 762 reprehendendi
1038 681 1117 743 haec

195 765 311 842 melin,
340 784 409 825 cum
430 764 513 824 aliud
535 785 598 826 non
621 783 785 844 quaeram,
819 784 909 843 quam
938 774 971 825 ut
995 765 1117 826 illisos

195 847 363 926 obstruam,
385 849 437 927 qui
458 848 548 910 nobis
571 848 793 928 scripturarum
816 848 1005 909 intellectum
1029 848 1116 909 liber·

194 933 302 993 rimum
332 928 497 993 aOhristo
531 931 633 991 datum
669 933 826 1010 captivare
853 932 968 992 audent
995 934 1028 993 tn
1050 951 1118 992 sen-

195 1035 261 1076 surn
290 1022 322 1075 et
347 1015 474 1076 verbum
502 1014 660 1075 hominnm
684 1014 880 1094 pontificum,
915 1015 1056 1076 volentes
1078 1015 1118 1075 de

194 1098 295 1159 verbis
333 1099 389 1159 Dei
421 1096 556 1160 iudicare
588 1098 756 1159 secundum
790 1097 917 1159 verbum
946 1099 1117 1177 hominum,

194 1200 264 1242 oum
291 1189 399 1242 contra
427 1181 521 1242 verba
547 1182 707 1241 hominnm
734 1181 899 1242 iudicanda
927 1183 989 1242 sint
1010 1195 1117 1242 secun·

195 1264 267 1325 dum
288 1263 414 1326 'verbum
438 1265 505 1342 Dei,
527 1265 610 1344 quod
633 1264 748 1325 iudIoat
771 1266 885 1325 omnia.

444 1466 493 1526 Ad
517 1467 649 1545 tertium,
672 1465 711 1526 ad
733 1467 879 1527 rationes.

184 1632 188 1637 ’
276 1632 332 1694 Ubi
363 1632 437 1693 illud
468 1633 598 1713 primum
622 1631 831 1710 tractandum,
868 1629 952 1710 quod
975 1629 1119 1709 Decreta,

192 1716 303 1796 quibus
329 1717 477 1797 primatus
500 1715 652 1776 ecclesiae
674 1716 835 1777 Romanae
859 1713 982 1793 probari
1016 1733 1036 1773 a
1068 1734 1119 1775 me

192 1798 312 1878 dicitur,
335 1799 399 1861 dixi
420 1801 500 1860 intra
512 1799 753 1880 quadringentos
777 1816 876 1859 annos
899 1801 982 1873 nata,
999 1803 1030 1858 et
1044 1816 1117 1859 con-

192 1883 321 1944 tra'hoc
350 1902 420 1942 esse
441 1883 584 1943 historias
607 1883 691 1943 millo
714 1890 745 1943 ct
767 1888 888 1942 centum
911 1899 1073 1943 annorum.

274 1966 376 2027 Primo
410 1966 545 2027 sciebam
580 1966 658 2026 haec
680 1965 850 2042 offensura,
881 1970 912 2023 et
934 1963 1116 2024 manilestis-

192 2049 270 2109 'sime
303 2048 438 2109 omnium
471 2049 549 2109 falsa
582 2049 679 2109 videri
708 2049 858 2111 omnibus.
913 2046 1036 2107 Certum
1070 2053 1118 2107 est

194 2132 292 2210 enim,
328 2151 396 2192 esse
419 2133 557 2193 Decretis
588 2133 796 2194 Romanorum
832 2128 1013 2211 pontificum
1043 2137 1117 2209 anta

194 2214 277 2275 mille
299 2234 398 2276 annos
422 2222 571 2276 certatum
594 2235 649 2296 pro
673 2216 734 2276 hoc
756 2215 897 2295 primatu.

276 2297 344 2378 Ego
368 2304 470 2359 autern
493 2300 553 2361 hoc
575 2301 728 2378 spectavi,
751 2297 834 2378 quod
855 2297 997 2356 Romana
1019 2296 1116 2357 eccle-

193 2381 239 2441 sia
259 2400 415 2461 nunquam
436 2383 508 2460 fuit,
533 2402 590 2442 nec
613 2388 674 2460 est,
709 2401 767 2442 nec
790 2382 846 2441 erit
868 2398 1001 2458 unquam
1025 2399 1118 2460 super

194 2483 302 2526 omnes
326 2465 418 2525 totius
448 2466 529 2526 orbis
552 2465 716 2543 ecclesias,
750 2464 824 2524 licet
850 2481 942 2542 super
970 2462 1117 2542 plurimas

192 2549 241 2613 sit.
271 2548 336 2608 Nec
358 2550 440 2608 enim
462 2549 520 2610 fuit
540 2567 673 2627 unquam
695 2567 786 2627 super
798 2546 957 2624 Graeciae,
981 2544 1115 2622 Africae,

192 2630 287 2692 Asiae
310 2632 473 2711 ecclesias,
512 2651 571 2691 nec
593 2652 700 2692 eorum
723 2632 888 2712 episcopos
912 2627 1117 2707 confirmavit,

194 2714 273 2776 sicut
297 2714 389 2776 modo
413 2720 536 2776 nostros
560 2714 736 2792 confirmat,
771 2719 804 2774 ut
827 2712 900 2772 satis
923 2711 1056 2791 probant
1073 2712 1117 2773 hi-

194 2800 317 2860 storiae.
361 2798 481 2858 Deinde
509 2805 580 2858 sunt
608 2799 674 2859 sine
696 2796 788 2858 dubio
812 2796 974 2856 Christiani
998 2796 1029 2855 iu
1053 2793 1118 2856 Ori-

194 2888 280 2960 ente,
304 2900 371 2941 cum
395 2882 505 2942 Christi
527 2902 656 2962 regnum
679 2883 718 2942 sit
740 2879 822 2941 orbis
845 2885 1009 2958 terrarum,
1031 2879 1119 2939 iuxta

194 2960 273 3027 Psal.
296 2967 331 3044 2,
354 2971 385 3025 et
408 2972 509 3025 tamen
533 2966 672 3045 episcopi
695 2983 801 3026 eorum
823 2981 886 3022 non
909 2963 1117 3041 instituuntur,

194 3068 256 3109 non
279 3046 501 3109 confirmantur
522 3068 540 3109 e
560 3049 670 3126 Roma,
693 3067 750 3108 nec
772 3053 820 3106 est
840 3047 1057 3106 necessarium.

278 3131 396 3192 Deinde
425 3131 462 3192 ab
485 3132 546 3194 hoc
569 3138 707 3211 tempore
731 3136 900 3209 coeperunt
923 3126 1118 3208 multiplicari

194 3213 280 3295 leges
303 3219 334 3274 et
355 3215 429 3275 iura.
468 3215 546 3275 Nam
572 3215 740 3296 Gregorius
761 3213 813 3290 IX,
827 3212 1012 3272 ‘BonitacIus
1037 3211 1117 3292 VIII,

194 3295 338 3357 Clemens
361 3297 396 3360 V.
437 3300 494 3358 nisi
517 3300 801 3372 consarcinassent,
835 3302 866 3355 et
892 3294 968 3355 allas
991 3295 1118 3373 recisas,

195 3379 270 3440 alias
301 3380 420 3440 additas
459 3381 606 3463 epistolas
637 3382 751 3441 scholis
773 3377 922 3460 legendas
946 3397 983 3439 ac
1005 3378 1118 3440 docen-

194 3461 250 3525 das
272 3463 484 3541 tradidissent,
517 3467 583 3525 sine
618 3463 710 3524 dubio
742 3470 788 3524 tot
815 3461 912 3521 maria
933 3460 1118 3540 glossarum,

194 3552 227 3609 et
246 3546 487 3609 infelicissimum
522 3548 595 3608 iuris
624 3547 757 3608 studium
787 3564 849 3606 non
873 3551 987 3607 essent.
1033 3545 1117 3606 Deli-

195 3629 326 3692 tuissent
348 3637 449 3691 autem
474 3638 534 3693 tam
545 3630 687 3708 Decreta,
710 3648 801 3710 quam
811 3627 991 3688 Decretales
1004 3647 1118 3711 rnagno

196 3712 347 3775 aeclesiae
368 3713 466 3790 lucr0,
489 3719 520 3775 et
541 3713 702 3794 Evangelii
725 3710 906 3788 commodo,
929 3711 1010 3772 intra
1030 3732 1118 3774 arcas

190 3795 325 3859 Romani
346 3796 524 3878 pontilicis,
556 3817 639 3859 nunc
665 3801 768 3859 autem
790 3802 870 3875 quae
892 3795 931 3855 sit
952 3794 1047 3858 iacies
1070 3815 1118 3857 ec·
