2346 4208
311 296 315 305 .
348 257 409 313 nie
425 256 536 327 lipsius
553 255 701 329 disputetis
719 272 746 313 n.
763 254 836 311 xlx.
975 248 1045 319 Μ

127 449 395 527 quatumcunque
426 442 591 518 euertit,
622 445 649 507 ei
681 450 803 506 mmote
833 440 1045 511 mmenoordie

123 526 273 589 ‘udinem
306 526 390 605 Quid
410 527 472 607 irie,
492 546 621 608 quaeso,
641 528 794 608 sequitur:
815 526 929 589 Nonne
949 544 1044 589 omne

123 616 278 693 mm
300 630 374 675 esre
393 611 522 675 omnino
543 610 674 673 mortulo
695 630 736 673 ex
750 616 861 673 uutme
880 628 953 687 sue,
974 608 1043 691 sole

123 698 217 759 ulem
240 693 456 757 miemiourdiu
475 693 533 757 Dei
554 693 697 757 renielei
729 693 797 757 Neo
823 692 933 754 mirum
956 711 1044 770 enne,

124 776 191 857 ώ-
211 794 320 839 ronne
351 782 515 859 peooutum
550 785 599 839 eet
626 783 736 840 eoutru
768 777 869 859 legem
892 775 959 839 Dei.
1002 775 1045 835 At

122 866 226 923 dtr·
246 858 353 941 legem
372 860 434 923 Dei
454 878 535 938 eres,
555 860 617 922 iem
629 860 848 942 grumedmum
870 864 928 938 est,
949 876 1043 939 qusu-

122 948 178 1005 leu
199 943 234 1005 in
258 944 330 1025 ipso
357 950 416 1005 eet
459 940 597 1007 lienesse
630 952 679 1005 est
699 942 782 1005 euim
813 946 965 1023 perpetuo
996 958 1071 1015 se„

122 1027 216 1107 peruri
238 1045 261 1086 u
280 1024 368 1105 Deo,
399 1024 547 1107 quidquid
568 1025 851 1107 quomodocunque
871 1032 982 1087 nonus
1003 1024 1044 1085 le·
1135 1102 1138 1109 Ι

121 1108 270 1205 PM
290 1115 358 1189 eut,
392 1126 463 1171 euru
485 1108 561 1171 uilril
581 1109 775 1190 inquientem
803 1109 989 1197 intreturum,
1005 1107 1047 1168 eit

122 1204 163 1253 ni
179 1194 315 1273 muni
348 1192 519 1255 eoelorum.
559 1192 681 1256 Deinde
700 1200 771 1253 euin
805 1208 865 1253 ueo
895 1210 978 1271 upex
1004 1191 1046 1251 eit

124 1274 344 1357 meriturus
364 1295 387 1336 u
407 1274 494 1357 lege,
515 1276 568 1357 qui
589 1294 653 1336 uon
674 1274 744 1355 flet,
764 1292 897 1337 neeesse
916 1279 966 1335 est
985 1291 1045 1334 uee

124 1356 243 1437 lniule
263 1357 392 1437 uiridem
413 1363 577 1439 peeeutum
590 1376 772 1421 remouere·
806 1356 941 1437 llloqniu
959 1357 1043 1418 enirn

124 1438 368 1513 domui-eutr,
388 1447 566 1523 ungentum,
586 1442 661 1523 igne
680 1440 860 1522 pronosim,
881 1445 1045 1523 purgatum

125 1522 1018 1729 rursnumnemmrr

107 1658 179 1753 'm
210 1694 223 1759 )
372 1714 378 1727 Ι
503 1674 507 1683 ·
589 1652 599 1687 i
1105 1650 1151 1739 ..ἐι

167 1802 178 1817 =·
192 1770 364 1849 -Quooireu
382 1772 595 1854 gravis-error
614 1779 664 1835 eet
684 1773 794 1835 iterum
816 1769 1045 1851 theologorum,

127 1862 289 1935 mum
312 1853 436 1919 ewirle
454 1856 578 1936 penitus
596 1855 671 1917 nihil
694 1855 876 1933 ementium,
898 1862 931 1915 et
1024 1852 1045 1899 '-

126 1938 256 2015 uflnm,
276 1936 364 2031 quod
385 1936 508 1999 veninle
659 1958 689 1999 m
711 1937 810 2000 Deum
831 1955 895 1999 non
918 1954 938 1996 o
961 1934 1047 1997 endit

126 2028 174 2083 ul
194 2019 301 2083 solum
315 2019 510 2083 venialitero
551 2021 625 2084 ndit
669 2020 703 2083 si
724 2028 786 2081 tem
804 2019 880 2081 levis
901 2016 1044 2094 offensio,

126 2118 175 2165 eur
193 2104 294 2165 luetur
314 2104 368 2164 vix
382 2102 485 2165 sulvus
506 2104 585 2166 erit?
605 2122 735 2183 ouruon
748 2104 878 2165 sustinet
898 2102 1042 2162 iudieium

119 2184 188 2263 eei,
209 2193 246 2248 et
266 2184 426 2247 iuetifloori
449 2188 546 2248 iustus
568 2206 630 2248 non
646 2186 767 2268 potest?
789 2185 851 2246 Gur
872 2192 934 2246 tem
949 2185 1042 2259 serio,

123 2275 151 2329 et
165 2288 248 2345 -uou
275 2269 439 2330 venialiter
469 2289 528 2330 neo
558 2271 726 2350 improprie
745 2287 854 2366 ⁸orure
887 2269 1042 2348 cogimur:

122 2348 244 2413 Dimitte
267 2350 358 2413 uobis
380 2350 484 2413 debite
505 2360 627 2428 nostre,
651 2361 696 2415 et:
719 2352 786 2413 Fiet
815 2350 958 2413 voluntas
981 2357 1043 2427 tun,

122 2432 265 2496 edreniut
286 2452 415 2514 reguum
438 2444 538 2513 tuum,
570 2435 779 2496 senetilieetur
800 2453 913 2496 nomen
937 2433 1042 2493 tuum?

121 2514 229 2579 llonue
250 2523 381 2596 uppuret
402 2517 461 2579 hos
479 2518 687 2599 theologistns
699 2520 829 2599 primum
845 2517 1043 2596 exstinguere

121 2600 259 2687 timorem
272 2599 334 2659 Del
351 2601 383 2659 in
397 2600 583 2678 homiuibus,
604 2601 718 2663 deinde
729 2600 873 2681 pulvilius
896 2606 928 2659 et
947 2600 1040 2659 nervi·

120 2682 194 2745 ouliu
217 2681 277 2743 sub
308 2682 450 2743 munibus
484 2692 516 2744 et
537 2685 688 2765 nepitibus
712 2703 818 2745 eorum
836 2700 972 2762 ponere,
1010 2688 1043 2741 ut

119 2764 267 2829 lixeehiel
289 2764 395 2840 uiuit,
427 2785 466 2826 eo
493 2767 652 2828 erutiones
675 2787 782 2829 eorum
804 2765 976 2842 remittere,
1011 2771 1044 2824 et

158 2848 261 2911 '‘tum
285 2848 502 2928 exstinguere?
538 2848 609 2911 Non
638 2859 687 2911 eet
708 2869 757 2911 res
778 2849 857 2909 levis
891 2847 1043 2906 momenti

118 2932 236 3003 l'euut
257 2929 334 3009 quid
355 2930 465 2999 velint)
487 2931 548 2992 le'
584 2940 616 2993 et
636 2932 789 2994 voluntati
823 2930 949 2989 divinae
991 2929 1041 2987 vel

118 3032 175 3077 uno
198 3012 266 3095 pilo
290 3013 461 3075 dieeeutire.
505 2951 573 3074 ride
594 3036 642 3076 ree
665 3024 713 3076 est
734 3017 809 3076 levis
825 3010 1042 3073 misericordie

118 3094 230 3174 dirius,
252 3114 335 3175 quae
355 3097 476 3157 veuiele
497 3098 639 3178 ignosoit.
682 3099 729 3158 lto
749 3098 792 3158 illi
815 3097 914 3176 legem
938 3102 970 3154 et
990 3114 1047 3176 ro-¹

119 3176 266 3243 luntutem
288 3197 326 3238 ee
350 3179 590 3241 misericordium
613 3181 750 3242 divinem
780 3198 879 3260 paene
909 3197 966 3258 pro
994 3178 1040 3257 ig-

121 3264 207 3323 uurie
228 3261 355 3337 hebent,
378 3280 420 3323 ne
442 3262 561 3323 ferveat
582 3266 697 3341 oratio,
720 3283 799 3324 neve
822 3261 929 3322 ardent
950 3261 1047 3340 greti.

121 3344 186 3504 tpbdo
216 3346 379 3408 iustorum.
424 3344 627 3406 Attendamus
657 3367 731 3428 ergo
761 3366 781 3406 n
807 3345 958 3405 fermento
979 3344 1039 3404 isto

158 3446 301 3489 emsereo.
384 3454 388 3459 ·

195 3511 251 3571 llis
272 3511 393 3571 interim
427 3511 616 3572 eetisfuelum
649 3518 714 3589 eet,
744 3509 910 3571 melanem
933 3527 1040 3569 seeun-

132 3630 282 3643 ¹*-

155 3681 182 3735 lt
202 3681 233 3735 ln
252 3682 316 3738 edd.
328 3684 414 3752 orig.:
428 3683 561 3752 alioquin.
580 3682 610 3743 2>
625 3681 710 3735 lbid.:
730 3683 796 3752 quie
814 3697 887 3753 upex
897 3695 968 3733 unus
983 3694 1041 3732 non

130 3755 279 3814 prseteribit
