2346 4208
292 302 295 307 ,
381 250 388 267 ··
426 244 588 303 summe
601 252 726 317 erman.
1005 240 1045 309 31

100 482 104 493 .
126 430 206 492 enim
227 414 391 513 quisquam
412 438 550 492 nostrum
575 434 754 513 episcopam
781 450 815 492 se
838 442 910 491 osso
928 431 1047 510 spisco-

126 530 232 595 pcrum
267 516 443 594 constitnit,
478 522 531 575 cut
563 517 725 596 tyrannico
743 532 858 576 ,errore
890 513 928 574 ad
958 513 1047 576 obse-

126 597 238 677 quendi
260 599 476 659 necessitatem
499 599 637 679 collegas
669 616 742 659 suos
775 597 890 678 adigit,
922 594 1046 676 quando

125 679 218 742 habet
238 682 341 741 omnis
363 682 528 762 episcopus
549 700 606 762 prc
628 682 753 742 lieentia
774 680 924 741 libertatis
946 687 977 741 et
992 698 1045 760 po

125 765 243 825 metatis
267 780 342 825 suae
363 764 518 825 arbitrium
536 765 710 845 proprium,
742 771 889 844 banquam
922 764 960 824 ab
984 764 1046 824 aiio

124 846 253 908 iudicari
274 864 337 908 non
357 849 467 928 possit,
491 864 552 926 quo
576 847 670 909 modo
694 865 752 908 nec
772 849 957 929 ipaeqctest
973 847 1047 908 ulte·

124 949 186 990 mm
222 929 377 1008 iudicare,
410 931 464 990 sed
492 938 708 1010 exspectemus
738 931 872 992 universi
903 930 1046 991 iudicium

124 1014 249 1075 Domini
270 1014 367 1075 nostri
387 1012 464 1073 Jesu
485 1014 606 1076 Christi.

207 1095 302 1171 Quod
323 1102 426 1157 autem
448 1096 531 1174 dicit,
554 1098 726 1157 eRomena
746 1104 778 1157 e't
798 1097 879 1157 Petri
901 1096 1047 1159 cathedra

124 1186 222 1240 ortam
246 1195 318 1240 esse
338 1179 565 1240 sacerdotalem
584 1181 747 1256 unitatem,
773 1180 974 1241 libentissime
995 1181 1046 1241 ad·
1067 1234 1070 1238 ,

124 1264 221 1341 niue,
243 1270 392 1342 qnantum
414 1263 549 1342 pertinet
567 1263 609 1323 ad
632 1263 795 1323 ecclesicm
815 1263 1046 1324 occidentalem.

123 1344 200 1406 Nam
222 1364 334 1406 revera
365 1346 459 1406 etiam
481 1345 575 1408 Rom.
597 1345 729 1407 ecclesia
752 1341 819 1408 crt'a
848 1354 895 1407 est
917 1367 957 1407 ex
977 1342 1047 1406 Hic

123 1428 365 1508 rcsonmitana,
393 1429 471 1489 haec
493 1436 540 1490 est
560 1430 671 1490 matrix
692 1430 816 1509 proprie
841 1432 977 1490 omnium
1000 1448 1046 1489 ec

123 1511 296 1572 etesiarum,
334 1511 397 1572 Sed
429 1531 488 1572 nec
514 1512 598 1573 valet
618 1513 857 1591 consequentia,
890 1532 936 1585 ex,
958 1513 1047 1574 Rom.

74 1648 77 1655 ,
123 1595 260 1654 ecclesia
281 1601 350 1655 crta
378 1601 426 1654 est
453 1595 654 1656 sacerdotalis
675 1597 792 1674 unitas,
815 1615 889 1676 ergo
911 1598 980 1676 ipsa
1000 1604 1049 1656 eet

117 1683 216 1758 ceput
235 1685 269 1738 et
289 1676 416 1738 domina
439 1679 574 1738 omnium
595 1680 709 1759 prima,
732 1679 867 1757 alioquin
891 1680 1046 1760 insupera-

124 1761 226 1821 biliter
247 1760 456 1840 concluderet,
476 1761 789 1842 Hierosolymitanam
813 1780 881 1823 esse
904 1770 997 1842 ceput
1018 1769 1050 1823 et

122 1843 279 1905 dominam
301 1845 448 1908 omnium.
935 1848 940 1863 “

97 1984 101 1990 .
204 1924 321 1988 Ultima
343 1929 490 1988 autoritas
523 1927 583 1988 divi
605 1928 787 2007 Hieronymi
815 1946 877 1987 non
899 1936 983 1987 recte
1005 1930 1047 1988 in·

123 2010 242 2071 ducimr
264 2010 303 2071 ab
326 2011 452 2091 egregio
476 2011 512 2072 D.
535 2010 588 2088 D.,
620 2011 739 2070 etiamsi
762 2030 818 2090 per
840 2011 943 2070 omnia
965 2020 1047 2071 esset

123 2113 197 2154 vera
217 2096 366 2154 autoritas
387 2094 588 2173 Hieronymi,
611 2095 683 2172 quia
704 2094 740 2158 D.
765 2095 803 2156 D.
826 2093 957 2154 intendit
977 2112 1044 2174 pro

123 2178 194 2237 bare
223 2177 376 2238 ecclesiae
397 2178 485 2238 Rom.
519 2183 705 2256 potestatem
730 2178 957 2236 monarchicam
980 2180 1044 2237 iure

123 2260 226 2321 divino
250 2280 269 2320 a
290 2260 412 2320 Christo
434 2262 612 2320 institutam.
659 2260 728 2319 Hoc
750 2261 842 2320 verba
865 2260 1043 2340 Hieronymi

98 2342 182 2403 ‘non
206 2343 330 2422 habent,
346 2344 425 2423 'quia
448 2343 535 2404 dicit:
560 2344 616 2403 Cui
638 2345 664 2402 si
686 2362 749 2403 uon
773 2346 1043 2422 exsorsquaedcm

122 2427 158 2487 ab
181 2427 325 2491 omnibus
348 2429 486 2487 eminens
511 2425 597 2486 detur
620 2432 767 2506 potestas,
791 2433 837 2487 tot
858 2428 889 2485 iu
906 2428 1044 2487 ecclesiis

122 2509 296 2571 efficientur
317 2511 499 2586 schismata,
538 2519 614 2589 quot
637 2509 823 2571 sacerdotes.
868 2511 979 2587 Detur,
1002 2513 1044 2571 in-

122 2596 201 2673 quit,
228 2594 293 2654 hcc
316 2600 372 2673 est,
395 2596 459 2653 iure
480 2593 614 2653 humano
637 2601 744 2673 posset
765 2592 829 2654 fieri
852 2596 1044 2654 consentien-

122 2678 200 2738 tibus
224 2679 334 2738 ceteris
364 2676 504 2737 omnibus
526 2675 676 2736 fidelibus.
721 2677 799 2736 Nam
822 2695 880 2737 nee
903 2696 962 2757 ego
984 2678 1045 2737 huc

121 2780 220 2840 nego,
255 2763 280 2820 si
309 2761 524 2820 consenserint
551 2762 644 2820 totius
668 2760 749 2820 orbis
771 2759 878 2819 fideles
902 2762 932 2818 in
956 2761 1045 2820 Rom.

122 2845 170 2903 vel
190 2844 405 2923 Parisiorum,
427 2845 477 2903 vei
491 2843 786 2923 Msgdeburgensem
810 2845 859 2903 vel
881 2862 1045 2922 quemcun-

122 2947 196 3006 que,
233 2935 267 2986 ut
301 2932 383 2987 esset
408 2928 523 3007 primus
552 2927 694 2987 Pontifex
722 2933 752 2986 et
775 2944 925 3004 summus,
965 2927 1045 2985 hunc

122 3015 249 3090 propter
283 3012 485 3070 reverentiam
523 3012 616 3070 totius
647 3010 798 3069 ecciesiae
832 3008 966 3068 fidelium
1001 3012 1046 3067 sic

121 3094 342 3153 consentientis
365 3092 540 3153 habendum
563 3112 633 3153 esse
656 3112 810 3152 summum·
834 3092 1044 3151 monarcham.

124 3176 192 3236 Hoc
213 3184 316 3237 autem
345 3194 447 3256 neque
474 3178 587 3236 iactum
607 3184 664 3235 est
690 3195 837 3254 unquam,
871 3194 972 3252 neque
1002 3174 1045 3246 fit,

122 3278 222 3338 neque
245 3259 313 3338 fiet,
348 3279 416 3320 cum
450 3279 546 3339 usque
582 3259 620 3318 ad
644 3267 750 3319 nostra
772 3268 912 3337 tempora
934 3270 1045 3337 graece

123 3344 344 3404 ecclesianon
367 3345 576 3423 consenserit,
610 3362 710 3421 neque
744 3350 846 3402 tamen
876 3344 915 3401 sit
941 3342 1046 3399 habita

122 3426 285 3488 haeretica.
1043 3452 1045 3457 ’

204 3511 245 3570 ut
267 3511 347 3571 neno
369 3528 438 3570 esse
461 3510 644 3569 sententiam
667 3509 702 3569 D.
726 3508 923 3587 Hieronymi,
947 3506 1045 3587 probo

124 3613 161 3652 ex
184 3594 317 3674 epistola
339 3593 378 3653 ad
398 3593 574 3672 Evagrium,
602 3592 651 3651 nbi
674 3591 760 3651 dicit:
784 3590 965 3668 Ubicunque
984 3591 1044 3669 epi-

125 3692 236 3756 seopus
258 3678 367 3755 fuerit,
390 3679 456 3736 sive
478 3677 597 3736 Romae
620 3676 684 3735 sive
707 3674 854 3755 Hugubii,
878 3675 942 3732 sive
965 3673 1045 3732 Ocn-

125 3761 335 3840 stsntinopcli,
359 3761 424 3819 sive
446 3760 545 3839 Regii,
568 3760 632 3820 sive
649 3757 867 3835 Alexandriae,
890 3758 955 3815 sive
968 3755 1047 3813 Tha
