2346 4208
9 3902 69 3970 h

133 266 196 333 146
408 269 566 339 ιηωιό
593 269 624 323 o.
642 267 679 324 ι
698 268 809 324 tunae

133 459 208 518 ielix
229 458 377 519 onhedula
399 458 608 518 criminaberis
635 457 676 518 ob
697 458 759 518 boo
778 456 967 519 desiderium
987 457 1050 537 piie

136 544 246 602 simum
268 544 481 602 schismaticos
491 561 554 601 nou
568 543 628 601 alia
640 561 744 619 eausa
767 544 825 601 nisi
847 541 933 621 quod
947 540 1052 602 Graeci

134 625 298 686 audientes
320 628 467 686 timentur
491 626 545 687 tibi
566 625 705 686 roborari
734 636 765 686 et
786 623 935 706 gaudere.
977 623 1053 699 Quid

132 710 265 782 insanis,
286 711 479 769 insanissima
501 709 608 769 larva?

220 793 301 853 Vide
322 812 408 873 ergo,
431 812 473 851 mr
495 792 601 855 laetor.
625 812 724 851 meam
746 792 935 852 felicitatem.
978 790 1053 851 llue

136 895 237 955 usque
259 890 392 937 vexatus
419 895 502 948 sum,
535 877 607 954 quia
629 875 668 934 de
690 873 861 951 eredendo‚
891 873 1056 954 sperando,

133 959 289 1025 amando.
317 958 492 1038 opinando.
510 958 646 1017 beieudo
667 958 788 1017 loeutus
808 977 894 1032 aum,
916 976 1003 1016 nuno
1021 956 1056 1016 de

133 1043 272 1122 optando
295 1054 325 1101 et
347 1041 553 1101 desiderando
578 1059 700 1121 arguor.
723 1041 828 1121 Agunt
848 1042 932 1099 enim
950 1041 1055 1120 optimi

130 1126 165 1186 hi
187 1127 252 1193 riri,
279 1144 321 1184 ne
342 1125 416 1183 mihi
439 1125 531 1183 liceat
552 1124 716 1204 quidquam
735 1133 844 1204 optare
862 1130 918 1183 aut
939 1122 1055 1184 deside

133 1228 219 1284 τιτι,
253 1209 333 1268 forte
353 1209 453 1286 parati
473 1207 612 1267 inhibere
635 1208 708 1265 mihi
730 1209 905 1268 orationem
927 1206 1055 1268 domiai

133 1309 201 1350 eam
225 1300 255 1350 et
278 1292 382 1350 omnia
404 1302 494 1352 rota.
523 1310 563 1350 ne
584 1309 640 1370 pro
663 1293 708 1349 eis
728 1293 804 1370 ipsis
825 1309 954 1369 quoque
976 1289 1056 1369 quid

134 1393 227 1452 quam
259 1387 364 1454 optem
401 1375 475 1434 boui
509 1385 562 1433 aut
595 1374 675 1433 mali.
727 1373 788 1433 Sed
820 1373 894 1452 quid
923 1372 1055 1435 faniam?

135 1456 239 1516 Homo
261 1477 340 1533 sum,
361 1459 500 1537 spiritum
522 1458 640 1519 habeo.
662 1459 748 1516 euius
769 1455 974 1535 desiderium,
991 1476 1055 1517 oum

134 1541 174 1598 ait
196 1541 388 1605 immortalia.
410 1541 564 1620 exstingui
581 1559 643 1600 non
661 1553 774 1620 potent.
816 1540 914 1599 Etilli
935 1559 997 1620 pro
1016 1542 1055 1600 in

134 1625 216 1702 sigui
237 1627 366 1684 earitate
387 1644 437 1683 me
456 1624 538 1683 mala
560 1635 668 1702 optare
681 1643 744 1683 uon
762 1626 955 1704 permittunt,
977 1624 1056 1685 bona

136 1725 261 1786 quoque
284 1720 394 1787 optare
418 1707 590 1787 prohibent.
634 1706 714 1780 Quid
736 1707 808 1766 hine
833 1708 971 1766 futurum
994 1727 1055 1788 ape

136 1809 213 1853 rem.
235 1792 294 1849 nisi
316 1804 349 1849 ut
372 1790 497 1850 tandem
517 1790 702 1871 prohibeant
722 1800 755 1850 et
775 1792 924 1871 cogitare,
946 1799 1004 1851 aut
1021 1790 1056 1850 de

135 1873 303 1954 eogitaudo
328 1874 463 1933 seribere
493 1886 524 1932 et
551 1873 658 1952 loqui?
689 1873 828 1933 Tandem
859 1875 991 1934 venient
1010 1892 1055 1951 eo,

135 1964 168 2015 ut
187 1957 295 2016 virere
317 1976 417 2016 meum
444 1958 558 2016 faciant
586 1957 753 2017 haeresim.
786 1970 817 2016 et
847 1968 955 2016 nmen
984 1957 1054 2017 mori

133 2058 198 2098 non
221 2040 323 2098 sinaut
345 2059 415 2099 esse
437 2039 567 2101 bonum.
590 2052 708 2098 tantum
730 2039 790 2099 sibi
810 2050 940 2121 arrogat
962 2043 1054 2101 saian

134 2120 303 2180 tifieisaima
324 2123 383 2181 ista
398 2123 623 2202 theologistria
646 2142 684 2181 ex
705 2125 825 2182 sentina
838 2123 1054 2204 philosophiae

133 2223 207 2263 suae
229 2207 401 2284 progenita.
445 2207 484 2267 Et
507 2206 538 2265 hi
560 2222 663 2265 tamen
686 2219 773 2269 sunt.
796 2209 848 2286 qui
869 2218 988 2287 regunt
1006 2226 1055 2288 po

132 2288 233 2365 pulum
258 2302 421 2348 occurrunt
443 2289 613 2350 scandalis,
644 2289 821 2368 ducuntque
844 2310 921 2350 ores
946 2291 1054 2352 Curiati

131 2370 171 2427 ad
194 2372 287 2429 vitam
310 2382 484 2450 aeternam,
508 2375 585 2431 sieut
617 2375 763 2452 seriptum
792 2373 906 2454 est*):
938 2375 1055 2435 Caenus

131 2454 367 2515 eaeeumdueit.
398 2472 428 2515 et
457 2456 596 2516 amboiu
614 2457 736 2516 loream
750 2457 874 2517 eadunt.
913 2457 944 2517 0
966 2478 1054 2538 quan

133 2538 172 2594 tis
197 2535 271 2595 diris
293 2552 323 2596 et
346 2539 430 2597 thriis
446 2541 476 2597 in
500 2559 550 2598 me
573 2554 701 2618 agerent
722 2542 772 2599 isti
787 2541 985 2620 StolpeuseS,
1005 2561 1055 2601 aea

134 2621 238 2697 potius
260 2620 433 2700 Talpenses
457 2634 507 2697 tut
531 2625 576 2681 sie
596 2622 732 2701 dieaml.
755 2625 780 2681 si
808 2642 868 2703 ego
892 2640 958 2684 tam
981 2625 1054 2684 biae

133 2702 249 2780 phemo
272 2718 302 2763 et
325 2707 420 2783 impio
441 2705 588 2784 dogmate
610 2709 797 2771 statuisaem.
821 2727 885 2766 nou
907 2707 1054 2768 lieerelo

130 2787 184 2864 qui
207 2785 247 2845 de
271 2801 427 2866 potestate
450 2789 667 2850 eoneihorum.
696 2809 753 2848 nee
775 2804 888 2869 optare
909 2802 1054 2853 statutum

132 2869 270 2928 eiusdem
306 2874 478 2949 potestatis.
522 2872 561 2931 Et
598 2875 723 2934 merito.
767 2873 840 2953 quid
873 2875 976 2941 euim,
1010 2874 1054 2935 vel

131 2953 268 3031 ipsorum
289 2953 425 3019 iudieio,
455 2966 557 3035 potest
586 2976 656 3016 esse
677 2976 734 3036 par
759 2957 830 3016 huie
852 2959 1009 3037 impietati
1028 2968 1054 3018 et

132 3035 365 3114 blasphemiae?
388 3037 510 3099 Scilicet
532 3040 579 3099 his
593 3042 686 3099 armis
698 3040 856 3100 tortissimi
880 3042 982 3103 duces
999 3041 1054 3104 bal

132 3119 230 3179 loru·
252 3123 390 3181 instructi
423 3143 484 3183 uon
508 3125 607 3183 solum
631 3123 743 3183 docent
777 3125 972 3206 catholicos,
1005 3125 1053 3186 aed

133 3205 227 3262 etiam
260 3220 441 3284 expugnant
463 3208 620 3268 Bohemos
652 3222 682 3267 et
706 3208 941 3272 schismaticos.
977 3212 1052 3273 duat

132 3289 162 3344 in
186 3288 324 3367 principe
346 3288 578 3350 daemoniorum
603 3293 716 3351 eiicere
737 3291 913 3355 daemonia

262 3372 428 3449 Postquam
450 3391 552 3433 autem
576 3375 723 3434 vidimus.
748 3392 863 3452 quanta
887 3379 1009 3457 pietate
1028 3386 1054 3439 et

131 3454 276 3513 doctriua
319 3475 388 3514 mea
420 3458 622 3517 eonlutarint.
655 3477 737 3516 nune
771 3479 887 3538 operae
930 3466 1053 3541 pretim

130 3550 179 3596 eat
200 3537 322 3600 videre.
349 3552 465 3617 quanto
488 3541 601 3600 robore
622 3561 679 3599 sua
700 3558 809 3604 eontra
831 3563 882 3605 me
907 3552 1049 3609 muniant

202 3805 236 3871 ⁸)
255 3804 350 3856 nana
368 3805 412 3857 tn.
