2346 4208
302 259 387 313 super
405 245 609 315 expurgatione
625 244 753 300 Γιιιιιιιι.
936 243 979 309 49

52 428 122 499 sine
139 427 243 509 matie
264 432 351 489 tauto
372 429 461 489 citius
474 430 660 510 propinquat
678 428 841 510 iniquitati,
862 435 978 508 quanto

53 511 164 581 lortius
184 510 316 577 intendit
334 511 459 576 actioni.

140 594 294 655 Verumne
324 594 376 655 hio
407 593 499 655 dico?
532 593 613 669 Quis
635 602 739 656 autem
761 594 878 656 amicus
902 595 978 656 veri·

54 677 128 759 ιιιιι
161 676 370 739 zelosissimus
406 685 437 738 et
470 684 596 758 opertus
635 679 816 759 impugnare
849 695 979 738 veneras

53 761 115 823 nisi
137 760 277 822 errores?
299 761 344 821 sic
365 759 405 820 de
427 761 544 841 teipso
566 762 674 823 iactas
704 762 811 834 Falsas
825 778 900 841 ergo
922 760 978 821 hen
1059 796 1060 800 =

53 843 286 925 propositiones
320 844 447 904 tenebas
476 850 507 904 et
534 845 632 904 teneri
660 844 799 906 volebas
842 843 874 904 Si
896 843 977 904 enim

55 945 145 989 veros
166 925 308 1009 putabas,
330 945 384 987 cur
405 927 608 1007 impugnabas
624 929 767 988 veritatis
789 925 953 987 defensor?

138 1009 204 1071 At
195 1029 228 1069 ιιι
245 1009 348 1073 media
361 1008 570 1090 disputatione
583 1030 672 1071 veras
696 1030 765 1072 esse
787 1009 978 1088 concessisti,

55 1091 154 1155 libere
185 1093 411 1189 pronuncians,
443 1092 573 1154 liberum
600 1093 764 1154 arbitrium
784 1095 851 1155 sine
880 1093 980 1174 gratia

54 1194 121 1243 non
144 1194 239 1257 posse
267 1177 326 1236 nisi
348 1176 461 1239 malum
484 1175 603 1254 iacere,
637 1176 790 1255 addebas,
812 1195 871 1236 nec
892 1175 980 1237 acho

54 1259 184 1321 Ιιιιιιιοι
205 1259 357 1321 Doctores
380 1277 514 1339 unquam
538 1258 622 1320 aliud
643 1259 802 1336 docuisse,
826 1259 865 1320 ob
887 1258 980 1337 idque

55 1339 194 1422 negabas
228 1348 259 1402 te
281 1341 422 1419 Scotum,
456 1341 641 1421 Capreolum
662 1343 750 1404 tueri.
792 1342 878 1403 Haec
899 1340 980 1418 diem

55 1443 121 1487 non
144 1424 256 1485 timens
278 1431 347 1485 tuoe
369 1424 544 1505 Lipsenses,
567 1443 645 1504 quos
664 1425 756 1486 toties
776 1424 849 1485 mihi
869 1425 981 1486 frustra

54 1508 210 1586 intentas,
230 1507 316 1569 tastis
334 1513 382 1568 est
396 1508 505 1568 horum
521 1508 657 1569 omnium
670 1515 768 1569 totum
784 1507 980 1569 auditorium.

55 1590 126 1671 Ego
159 1609 235 1651 eane
269 1590 348 1651 haec
380 1588 508 1650 audiens
541 1589 731 1671 gaudebam,
765 1595 828 1651 tam
861 1591 922 1651 cito
950 1598 981 1651 ts

56 1672 228 1734 rediisse
221 1693 253 1733 m
274 1673 372 1750 viam,
411 1678 504 1753 atque
539 1675 600 1733 iam
636 1675 729 1735 totius
762 1672 980 1752 disputationis

55 1755 151 1852 finem
174 1775 244 1817 esse
266 1755 426 1835 ducebam,
449 1756 573 1835 quando
589 1776 628 1818 ex
636 1759 699 1818 bac
720 1758 897 1818 reisumma
917 1755 981 1819 fere

56 1839 163 1901 omnia
184 1838 370 1919 pendebant.
951 1866 975 1900 ,-

139 1922 226 1983 Haec
245 1921 375 2002 itaque
377 1924 422 1983 rei
446 1940 567 1982 summa
588 1929 651 2002 est,
688 1942 778 2002 quam
807 1941 891 1983 nuno
892 1892 980 2003 egi-

56 2025 135 2085 mus,
158 2024 254 2086 quare
276 2015 307 2066 et
330 1992 489 2101 epistolae
504 2024 593 2066 meae
613 2007 766 2067 rationem
788 2005 868 2070 audi
911 2003 980 2084 Ego

12 2097 16 2101 '
56 2110 126 2151 eum
150 2088 372 2167 disputatorem
394 2086 480 2149 vinci
469 2087 604 2166 iudico,
625 2090 677 2186 qui
697 2088 728 2150 id
748 2096 876 2167 asserat,
898 2087 981 2168 quod

56 2175 140 2254 priua
163 2170 398 2315 impugnaverit.
441 2170 488 2232 lta
515 2173 718 2251 pronunciavi
748 2181 780 2233 et
800 2171 982 2255 pronundio,

55 2256 183 2317 Eccium
206 2255 335 2330 victum,
370 2254 573 2315 Carletadium
601 2258 765 2334 victorem,
801 2263 833 2316 et
860 2256 921 2315 boc
942 2252 982 2315 ad

56 2339 281 2401 nobilissimum
312 2339 408 2397 virum
431 2337 691 2418 Pyrcheymerum
713 2339 981 2419 Nurnbergenaem

57 2423 177 2502 scripsi,
201 2427 347 2482 staturam
364 2421 523 2481 victoriam
537 2421 719 2500 Carlstadio,
734 2430 765 2483 et
777 2422 852 2482 illud
868 2419 983 2482 scheda

57 2503 198 2586 publiea,
235 2503 438 2565 Garlstadium
469 2522 531 2563 non
566 2504 725 2584 fugitivum
755 2505 881 2566 militem
920 2504 983 2581 [sio

57 2608 128 2650 eum
162 2595 194 2649 tu
228 2586 426 2668 traduxeres)
460 2593 640 2664 venturum,
679 2589 826 2648 victorem
855 2587 982 2647 Ecciani

57 2672 169 2733 erroris
204 2669 401 2748 iamdudum,
437 2671 541 2731 omnia
574 2671 652 2730 haec
682 2690 757 2731 vere
785 2678 857 2732 sunt
888 2669 983 2731 hodie

58 2773 198 2835 quoque,
237 2755 330 2814 etiam
363 2753 389 2812 si
417 2754 535 2814 iudices
563 2753 644 2814 aliud
674 2753 862 2831 indicerent,
898 2751 981 2831 quod

58 2857 123 2900 non
145 2856 246 2916 spero

142 2919 250 2979 Hinc'
242 2918 331 2979 intuli
353 2920 468 2997 omnia,
491 2937 570 2997 quae
593 2918 632 2978 ad
654 2920 814 2980 veritatem
836 2918 917 2980 hanc
937 2937 984 2981 se.-
1073 2964 1082 2984 ι

59 3009 158 3087 quunt
160 3023 208 3081 ur,
236 3003 310 3063 licet
331 3000 385 3062 tibi
408 3001 622 3082 indignissima
643 3004 710 3063 visa
735 2999 836 3084 (quod
860 3003 983 3079 miror),

59 3105 174 3166 nempe
202 3084 285 3164 quod
321 3091 383 3144 tres
406 3093 506 3144 sectas
535 3084 790 3147 scholasticorum
813 3086 983 3148 Doctorum

58 3169 230 3232 nobiliores
252 3169 392 3248 negetis,
422 3168 473 3247 qui
495 3167 623 3228 liberum
646 3170 801 3231 arbitrium
824 3178 896 3231 ante
917 3189 983 3250 gra·

60 3255 134 3315 tiam
157 3253 274 3312 nullum
297 3258 348 3311 act
350 3271 398 3310 um
422 3252 628 3327 meritorium,
665 3260 767 3314 tamen
792 3259 910 3332 actum,
933 3255 984 3333 qui

59 3356 124 3399 non
147 3337 185 3396 ait
206 3340 434 3417 peccatum,et
456 3336 506 3414 qui
528 3336 658 3414 gratiam
681 3335 720 3396 de
743 3355 881 3418 congruo
904 3356 983 3398 emc-

59 3427 172 3498 reetur,
195 3419 341 3480 tribuunt.

144 3502 222 3564 ltem
258 3499 420 3561 articulum
457 3500 603 3561 Iohannis
632 3500 711 3562 Huss
752 3506 853 3582 (cuius
887 3476 983 3566 multo

58 3586 164 3666 plures
186 3603 268 3645 nunc
290 3591 400 3661 teneo,
431 3601 522 3663 quam
544 3583 666 3665 Lipsiae
688 3588 849 3665 tenebam,
873 3597 906 3649 ut
928 3608 983 3650 suo

59 3669 110 3730 die
133 3668 316 3742 ostendam)
349 3629 640 3727 Obliatianisaimum
664 3687 749 3751 esse,
784 3679 814 3732 et
833 3634 931 3745 tuum
953 3674 984 3732 in

60 3772 123 3832 quo
158 3756 326 3812 censentur
359 3756 445 3810 actus
471 3750 596 3811 humani
624 3718 775 3815 divisione
796 3755 985 3832 immediato,

88 3864 674 3951 ιιιιιωιινιιιιιιιιιιριιιι
801 3842 823 3903 n
