2346 4208
371 256 407 310 ad
425 256 591 312 Schedulam
609 259 794 314 inhibitionis.
984 257 1046 324 151

122 441 245 519 verbis,
278 445 330 522 qui
360 445 390 503 in
420 445 483 504 suis
516 444 596 507 adeo
624 446 777 507 stertunt?
821 446 886 507 lmo
909 465 962 507 cur
989 449 1051 508 exi·

122 531 200 606 gunt
243 545 262 586 a
305 547 377 606 me,
420 527 502 606 quod
545 528 604 608 ipsi
648 529 751 590 dedita
783 548 878 608 opera
910 529 1051 610 fugiunt?

122 627 308 688 quamquam
340 610 433 671 verba
456 631 525 672 mea
546 618 607 672 tam
631 611 714 673 clara
736 620 820 688 sunt,
857 619 919 672 tum
952 631 1051 674 sacra·

123 698 261 751 mentum
295 701 326 753 et
354 713 466 773 corpus
502 695 614 755 Christi
651 701 736 755 tauta
774 694 947 756 differentia
988 715 1051 757 om·

123 776 208 834 nium
232 794 324 836 sensu
346 777 575 851 discernuntur,
609 785 703 839 utne
724 780 823 858 possit
856 778 979 857 quidem
1000 779 1051 840 hic

123 859 272 936 suspicari
296 861 488 940 ambiguitas.
531 861 703 922 schedulae
731 870 832 922 autem
856 862 945 921 huius
967 862 1051 922 furor

124 948 191 1000 tam
214 943 402 1022 manifestus,
426 950 487 1003 turn
511 943 604 1005 verba
625 951 687 1004 tam
702 944 818 1005 lubrica
840 952 871 1005 et
893 945 1048 1025 ambigua,

125 1032 158 1084 ut
182 1043 244 1085 uon
268 1028 426 1105 permittat
447 1027 536 1087 ullius
559 1047 667 1087 sensus
689 1028 819 1108 intelligi
842 1027 933 1105 aliud,
957 1048 1048 1107 quarn

122 1113 293 1169 extremam
320 1110 467 1172 invidiam
495 1110 691 1190 nocendique
718 1110 876 1172 libidinem
908 1111 1049 1192 deplora·
1163 1186 1166 1191 Ι

122 1190 283 1252 tissimam.

207 1274 313 1351 Porro,
337 1277 360 1335 si
381 1283 447 1336 tarn
471 1277 565 1336 crassi
587 1276 688 1337 cordis
711 1283 797 1355 sunt,
821 1284 853 1336 ut
875 1294 1048 1336 sacramen-

123 1364 188 1417 turn
211 1358 380 1436 partialiter
412 1358 515 1419 datum
545 1379 716 1440 acorpore
739 1359 850 1420 Christi
881 1358 1051 1439 partialiter

123 1439 198 1500 dato
223 1460 286 1501 non
299 1441 485 1520 discernant,
508 1449 541 1503 ut
563 1444 634 1521 qnid
655 1462 716 1504 non
737 1461 849 1522 porcos
872 1444 975 1522 potius
998 1462 1049 1521 pa-

122 1529 230 1597 scunt,
254 1542 344 1602 qnam
368 1525 531 1586 schedulas
557 1545 614 1605 pro
638 1524 812 1586 erudiendis
834 1523 957 1604 populis
980 1526 1052 1585 scri·

123 1606 221 1667 bunt?
251 1626 320 1668 cum
342 1609 424 1668 enim
447 1607 594 1670 schedula
616 1610 742 1669 nominc
763 1609 903 1687 episcopi
924 1626 1048 1686 progre-

122 1689 212 1749 diens
227 1687 257 1772 ¹)
282 1690 394 1752 debeat
424 1709 498 1771 prae
530 1710 563 1752 se
593 1692 674 1752 ferre
695 1690 868 1751 absolutam
892 1691 1050 1768 utriusque

121 1771 312 1834 Testamenti
347 1776 524 1851 seientiam,
557 1775 643 1835 iuxta
664 1773 793 1855 figuram
817 1773 889 1852 pilei
912 1773 1050 1835 bicornis

121 1857 359 1936 episcoporum,
398 1859 607 1938 turpissimum
634 1858 907 1935 foedissimumque
935 1857 975 1916 sit
997 1874 1051 1935 op·

123 1938 292 2018 probrium,
315 1940 365 2000 vel
388 1961 480 2000 unum
503 1942 634 2001 inveniri
657 1942 852 2020 episcopum,
876 1939 927 2017 qui
951 1957 1049 1998 sacra·

127 2028 265 2082 ruentum
288 2025 406 2083 nesciat
428 2044 447 2084 a
469 2043 599 2103 corpora
615 2024 726 2084 Christi
749 2022 947 2102 distinguere,
971 2040 1051 2099 qnae

122 2105 168 2165 sic
191 2104 344 2184 differunt,
366 2114 400 2167 nt
420 2126 479 2167 nec
500 2107 603 2168 oriens
626 2107 699 2183 et2)
724 2104 869 2168 occidens
898 2111 983 2165 tanto
1007 2103 1050 2164 di-

122 2189 326 2268 stinguautur,

206 2270 319 2345 Habes,
343 2272 455 2347 lector,
490 2271 561 2351 quid
602 2273 723 2333 sithoc
752 2271 857 2331 seculo
887 2271 1048 2330 veritatem
1155 2315 1158 2319 J

123 2353 279 2433 profiteri,
304 2355 351 2415 vel
376 2374 444 2415 meo
468 2356 622 2434 exemplo.
667 2355 756 2415 Nunc
779 2354 969 2433 quidrestat,
991 2355 1050 2412 nisi

123 2445 157 2497 ut
178 2438 233 2497 viri
255 2438 286 2498 hi
314 2437 484 2498 doctissimi
506 2458 591 2498 more
613 2459 669 2498 suo
692 2439 739 2498 his
767 2438 943 2516 responsuri
980 2455 1048 2495 can-

123 2539 189 2580 sam
214 2522 371 2597 omittant,
394 2522 576 2601 penitusque
600 2540 661 2580 uon
685 2528 830 2600 tangant,
854 2520 908 2579 sed
931 2526 1048 2579 tantum

122 2602 293 2664 maledictis
317 2624 365 2663 me
389 2611 503 2682 petant,
528 2604 610 2683 quod
638 2611 796 2682 exspecto,
819 2602 963 2661 docturus
979 2602 1046 2662 Deo

122 2687 266 2759 volente,
289 2686 387 2766 qualis
410 2706 479 2746 esse
501 2687 614 2747 debeat
636 2686 792 2764 schedula,
816 2704 895 2764 quae
920 2685 1047 2744 nomine

123 2769 266 2848 episcopi
287 2769 429 2829 catholici
458 2771 489 2829 in
511 2769 666 2849 publicum
690 2771 733 2829 ire
756 2767 876 2828 debeat.
919 2768 1044 2827 luterim

122 2850 203 2928 vale,
225 2854 275 2931 pie
298 2852 404 2930 lector,
428 2859 459 2912 et
480 2872 556 2912 cave
578 2853 616 2912 ab
635 2851 819 2912 homiuibus.

201 3058 229 3123 l)
250 3057 439 3112 inediam:
462 3059 543 3111 edita.
580 3057 608 3124 2)
629 3055 715 3109 ibide
736 3071 793 3107 neo.
