2346 4208
437 270 455 307 a
473 255 737 324 llotariiscxrapta.
843 250 846 255 ’
1009 253 1051 321 63

132 437 168 498 ad
189 437 383 499 Bonifacium
407 439 503 517 Vlll.,
526 439 578 518 qui
600 439 699 518 qualis
721 438 863 500 Pontifex
884 438 991 519 fuerit,
1019 446 1051 500 at

133 539 189 600 qua
214 520 277 583 lida
305 523 371 583 aius
405 528 495 603 gesta
522 521 721 601 recipienda,
754 523 832 585 satis
853 521 987 601 probant
1007 523 1051 585 bi·

131 606 252 666 storias.

196 687 343 748 Proinde
354 685 508 748 concludo
531 695 562 747 et
571 705 659 768 rogo,
682 688 720 747 D.
737 687 855 748 Doctor
876 688 1048 752 velitRom.

130 769 292 831 Pontifices
315 770 489 832 concedere
510 769 605 830 fnisse
625 770 777 847 homines,
799 777 831 829 et
851 788 914 829 non
936 773 1048 831 cousti-

130 861 211 914 trere
233 853 330 934 Deos,
351 854 535 935 praesertim
560 854 681 933 quoties
705 852 917 912 iudicaverunt
936 855 967 915 in
981 874 1049 914 cau·

129 955 159 996 sa
178 936 323 1016 propria:
352 935 464 996 deinde
486 954 548 996 non
576 954 633 1017 per
653 955 687 995 sc
707 937 808 1016 ipsos,
842 935 896 997 sed
923 956 979 1017 par
1005 939 1049 996 in·

129 1018 324 1079 doctissimos
336 1018 522 1098 adulatores,
537 1017 660 1098 quando
672 1018 759 1080 divus
767 1018 934 1099 Gregorius
946 1018 1047 1081 multis

128 1101 286 1182 llpistolis,
309 1104 367 1163 etsi
381 1096 471 1163 Rom.
483 1100 635 1181 Pontifex,
658 1103 765 1162 reiecit
786 1120 804 1161 a
828 1120 861 1162 se
883 1098 1046 1183 plumatum

127 1187 219 1245 totius
241 1185 336 1265 orbis,
358 1185 498 1266 allegans
520 1184 560 1244 ad
581 1185 642 1245 hcc
661 1185 933 1266 praedecessorem
958 1202 1046 1247 snum
1121 1218 1125 1224 -

127 1267 298 1350 Pelagium,
320 1268 426 1329 dicens
450 1270 529 1333 inter
551 1266 663 1346 cetera,
687 1268 769 1349 quod
788 1267 1048 1349 venerandasyn:

128 1350 201 1412 cdns
227 1350 492 1413 Chalcedonensis
523 1349 634 1412 obtulit
662 1350 744 1411 huuc
772 1351 918 1429 primatus
949 1350 1046 1411 hono·

127 1454 185 1494 rem
209 1432 431 1514 RcPontifici,
454 1441 485 1494 et
506 1433 607 1494 nullus
630 1442 733 1494 tanim
755 1450 846 1493 ausus
869 1440 916 1493 est
938 1444 1047 1514 accep-

127 1524 196 1580 tare.
221 1519 255 1580 Si
280 1537 354 1598 ergo
378 1537 437 1598 ego
461 1535 541 1597 erro,
563 1524 645 1579 errat
665 1537 781 1577 mecum
797 1516 964 1596 Gregorius
986 1519 1046 1596 pri-

129 1621 205 1678 mus,
236 1619 307 1661 curn
336 1602 398 1661 suis
431 1600 739 1680 praedecessoribus,
766 1607 805 1661 et
832 1599 1047 1661 damnabiliter

86 1718 90 1723 ·
129 1690 346 1764 peccaverunt,
375 1683 459 1763 quod
479 1683 615 1746 oblatum
639 1685 801 1764 primatum
823 1702 884 1745 non
909 1701 1045 1764 assump-

128 1770 238 1831 serunt.
983 1805 985 1811 ‚

189 1850 265 1913 Per
295 1849 373 1911 haec
409 1849 482 1911 volo
509 1848 689 1931 probatum,
717 1848 800 1929 quod
833 1867 872 1908 ex
894 1849 1045 1929 Decretis,

126 1933 383 2010 damnationibus,
406 1932 682 2012 approbationibus
702 1930 925 1993 recentioribus
948 1933 1044 2001 eccle·

125 2018 183 2077 siae
196 2017 290 2079 Rom.
304 2015 380 2075 nihil
402 2021 511 2077 contra
532 2034 582 2076 me
600 2017 708 2095 agitur,
726 2034 795 2075 cum
810 2016 872 2075 sint
882 2017 1043 2094 suspectis-

127 2101 198 2159 sima
221 2101 339 2177 omnia,
359 2106 391 2159 st
411 2100 557 2176 antiquae
571 2100 692 2160 veritati
714 2109 746 2159 et
759 2098 973 2160 consuetudini
990 2118 1045 2178 per

127 2185 227 2243 omnia
241 2180 406 2257 contraria,
424 2181 622 2243 nibilominus
636 2185 739 2252 hmen
753 2201 808 2261 pro
828 2183 1000 2242 reverentia
1015 2191 1045 2244 et

127 2266 247 2326 vitando
271 2266 437 2325 schismate
464 2265 665 2324 libentissime
687 2265 807 2342 tolero,
831 2273 863 2325 ct
883 2266 1044 2325 toleranda
1103 2265 1106 2272 ‘

129 2348 309 2428 persuadeo,
332 2347 426 2409 modo
438 2366 500 2409 non
525 2354 641 2409 tantum
653 2350 719 2409 iure
733 2349 836 2409 divino
853 2353 898 2409 tot
912 2349 1042 2409 Sanctos

128 2432 346 2510 praecedentes
370 2430 558 2493 damnemus.
580 2431 667 2493 Haec
681 2432 783 2511 habui,
808 2451 886 2512 quae
909 2432 1043 2492 dicerem

129 2514 164 2576 de
184 2516 335 2578 articulis.

513 2695 663 2757 Eccius.

203 2860 294 2935 Quod
317 2861 503 2922 reverendus
525 2862 630 2938 Pater,
658 2861 807 2921 honorem
836 2880 922 2921 suum
952 2881 1043 2921 excu-

124 2954 257 3022 saturus,
292 2951 386 3025 negat
412 2963 446 3004 se
468 2945 674 3004 Bohemcrum
700 2952 881 3023 patronum,
910 2946 935 3003 si
961 2945 1043 3005 facta

124 3026 221 3087 serbis
244 3027 482 3107 responderent,
516 3026 743 3108 magnificarem
767 3048 855 3105 eum,
883 3035 915 3086 at
936 3027 1042 3088 ultima

124 3111 225 3189 primis
249 3130 312 3170 non
335 3110 534 3190 concordant,
558 3130 627 3170 cnm
649 3111 916 3190 pestilentissimos
939 3111 1042 3170 Hussi-

125 3199 219 3252 tarnm
243 3213 364 3254 errores
386 3213 448 3254 non
471 3194 636 3254 christiane
669 3194 742 3254 dicit
763 3195 1040 3256 christianissimos.

127 3276 165 3337 lit
186 3275 225 3335 de
247 3276 295 3336 his
317 3278 479 3356 posterius.

202 3359 441 3421 Conclusiouem
472 3367 573 3420 tamen
601 3360 686 3420 illam
713 3359 805 3439 odio,
838 3360 919 3437 quod
948 3361 1041 3421 schis-

124 3445 223 3503 matici
246 3443 375 3503 Bohemi
398 3450 430 3503 et
450 3443 568 3503 Picardi
592 3450 736 3524 tanquam
759 3444 857 3504 Deum
880 3451 1040 3524 acceptare

122 3534 258 3604 possent,
281 3527 307 3585 si
328 3545 384 3606 pro
409 3528 453 3587 eis
475 3533 570 3586 staret
590 3527 794 3596 iusdiuinum.
817 3527 955 3587 Graecos
980 3527 1041 3587 lau·

123 3609 299 3669 datisaimcs
320 3618 351 3670 et
373 3617 497 3669 sanctos
521 3613 669 3690 martyras
692 3629 813 3689 semper
836 3610 968 3674 laudavi.
1000 3612 1041 3669 At

120 3692 277 3752 reverend.
300 3693 407 3771 Pater,
431 3695 504 3752 artis
526 3694 723 3772 coquinarios
745 3696 844 3753 minus
866 3695 1041 3769 instructus,

120 3779 300 3836 commiscet
321 3784 445 3837 sanctos
466 3795 596 3856 graccos
612 3796 682 3837 cum
704 3777 907 3845 schismaticis
928 3777 1042 3838 ethaa-
