2346 4208
273 251 344 307 ‚m
363 252 426 309 ssu
443 218 744 324 normanorum.
940 251 982 319 or

58 458 138 517 non,
157 440 249 522 pauni
280 437 481 519 subderem,
516 441 637 501 temetsi
679 439 781 501 nullus
815 440 982 520 petioliteri

58 521 162 618 uellet,
175 524 308 604 primus,
327 529 360 582 ut
381 521 448 585 fieri
470 521 559 584 solet
610 584 614 593 ,
921 582 924 589 .

143 623 202 685 Hie
237 630 271 684 tu
298 630 407 684 eontra
422 625 657 704 antesignanus
685 625 808 684 eristum
831 624 981 705 erigebas,

56 707 150 787 aaa,
172 706 345 768 turbaturus
369 707 500 786 eoelum,
523 716 652 786 terrum,
686 714 719 767 et
745 708 865 786 omnia,
888 708 982 772 modo

58 791 169 852 stirne
200 798 361 852 manerent
390 791 610 870 indulgentiae.
651 791 798 851 Mittimus
825 791 983 872 pleraque.

59 874 269 937 utimum
289 882 338 935 est
358 876 390 934 in
410 893 547 956 amnem,
565 875 656 934 aiunt
674 875 811 955 frigidius
833 875 908 935 nihil
930 894 982 935 un-

58 977 153 1038 quam
174 964 353 1035 traototum,
384 957 624 1038 deploratosque
650 956 744 1038 plane
764 957 981 1040 indulgentias,

55 1044 103 1102 its
122 1049 158 1102 ut
178 1043 204 1102 si
223 1042 412 1102 revivisoere
433 1042 581 1120 debeant,
610 1042 661 1101 vel
682 1060 783 1102 novae
803 1043 982 1123 exoogitan-

55 1123 129 1205 dee,
151 1125 261 1206 quibus
272 1125 344 1185 illae
356 1124 542 1186 reduoantur
564 1142 603 1184 ex
619 1125 734 1200 inferis,
756 1126 981 1187 velsimutaora

58 1215 248 1270 mortuorum
285 1207 456 1270 honoribus
486 1209 704 1288 prosequendo
745 1210 814 1272 sint.
868 1209 981 1270 Nonne

57 1292 101 1352 ob
131 1291 193 1353 hoe
223 1292 409 1353 modestiam
442 1294 535 1352 etiam
565 1299 665 1371 tuam,
697 1292 844 1373 Magister
867 1292 980 1354 Noster

56 1376 182 1455 eximie,
205 1376 331 1436 deomet
350 1377 465 1456 grstias
487 1394 621 1436 summas
642 1394 736 1456 agere
757 1374 907 1455 Martino,
931 1377 982 1457 qni

57 1460 86 1518 si
107 1459 209 1539 nnita,
230 1467 315 1533 uerte
336 1458 396 1519 hae
416 1460 447 1518 in
470 1478 513 1539 re,
537 1459 732 1520 eruditiorem
755 1466 788 1518 te
808 1457 961 1520 reddidit?

71 1574 74 1579 ·
142 1561 185 1620 nt
205 1578 269 1620 non
290 1560 363 1620 ideo
385 1559 526 1621 dabimus
550 1576 668 1619 errores
691 1558 820 1621 anobis
843 1559 980 1620 dissemi-

57 1649 160 1724 natos,
182 1645 243 1703 nisi
256 1645 337 1703 enirn
352 1645 413 1702 iam
433 1643 632 1702 disseminato
645 1642 777 1703 fuissent
787 1642 981 1726 Lutheriane,

57 1727 218 1807 quomodo
239 1726 284 1787 od·
300 1742 375 1804 nos,
398 1727 512 1807 quiex
532 1725 659 1786 indooto
681 1726 777 1807 vulgo
799 1736 920 1805 sumus,
951 1734 982 1787 et

57 1811 156 1872 altero
172 1828 273 1891 paone
286 1816 403 1870 mundo
425 1811 645 1891 intercipimut,
666 1809 900 1891 pervenissent?
930 1811 980 1870 An

56 1902 123 1954 non
144 1893 205 1954 hot
225 1893 525 1974 ohaloographorum
548 1894 706 1974 negotium
731 1901 793 1973 est,
817 1894 869 1974 qui
890 1893 981 1954 simui

56 1983 152 2056 atque
189 1979 363 2038 reoentiora
400 1979 565 2057 quaepiam
598 1976 825 2056 submoverint,
859 1977 981 2036 veritati

56 2066 286 2133 consentanee,
316 2068 346 2120 et
372 2060 625 2140 plausibilia,·'ut
646 2060 763 2120 luorum
784 2058 916 2140 isoient,
943 2074 981 2120 ea

56 2145 158 2225 magis
180 2150 380 2224 extorquent,
402 2162 494 2223 quarn
516 2145 663 2222 ambiunt,
685 2145 748 2204 imo
773 2145 870 2224 magis
893 2144 981 2203 surri-

56 2231 161 2309 piunt,
184 2246 275 2307 quam
298 2235 493 2307 extorquent.

144 2332 257 2395 Verum
280 2340 333 2394 tuo
353 2333 436 2395 bella
456 2353 496 2393 ne
523 2332 721 2411 delitescant,
751 2334 817 2413 quis
848 2324 981 2414 satagit?

56 2416 171 2480 Nonne
193 2419 245 2477 vix
267 2436 378 2477 exuras
401 2419 492 2477 oertis
520 2416 762 2495 conditionibus,
790 2436 849 2495 neo
877 2417 981 2497 tradis,

57 2500 115 2563 sed
143 2500 299 2563 obtrudis'?
342 2500 444 2560 Pauoa
471 2506 574 2560 tamen
597 2500 654 2560 sub
676 2500 818 2560 inoudem
841 2501 980 2580 redeunt,

57 2586 118 2646 nisi
136 2584 274 2663 forsitan,
297 2591 330 2644 ut
352 2585 450 2665 magis
472 2584 642 2645 traduoare.
671 2583 737 2644 Suis
760 2591 792 2643 tu
813 2603 895 2644 nune
916 2603 980 2644 sse-

49 2684 52 2689 ·
80 2662 314 2730 iusLutherana
335 2675 366 2729 et
387 2669 479 2728 variis
500 2667 593 2748 prelis
616 2686 740 2746 exeusa,
764 2672 794 2725 et
815 2667 914 2728 credis
936 2669 980 2728 iu-

56 2690 169 2815 doctos
183 2752 357 2827 canonieus
372 2760 488 2812 tentum
502 2751 711 2811 molestiarum
721 2750 857 2811 voluisse
869 2750 980 2830 subire,

59 2855 129 2897 oum
143 2843 313 2897 tuatomen
328 2838 448 2896 interim
466 2835 553 2916 'apud
576 2854 633 2895 nos
654 2853 771 2915 paucos
794 2836 886 2896 etiam
909 2834 980 2896 doo-
1041 2904 1050 2923 Ι

57 2926 107 2981 tos
147 2920 354 3002 fastidiantur,
394 2923 484 2980 etiam
521 2919 559 2980 ab
597 2916 729 2979 indootis
762 2918 980 2998 improbentur.

58 2996 269 3065 Veritatemne
292 3013 381 3086 putas
410 3002 466 3064 sub
496 3002 599 3063 modio
622 3022 716 3082 posse
739 3002 850 3062 condi?
893 3002 981 3082 Rem,

58 3107 139 3169 quoe
163 3109 203 3150 ex
224 3086 292 3150 Deo
316 3095 371 3167 est,
394 3088 510 3149 aboleri
531 3107 626 3168 posse
649 3086 769 3148 eredis?

143 3204 185 3264 At
204 3203 277 3263 hino
297 3202 358 3261 litis
382 3200 487 3278 origo,
516 3204 548 3256 tu
570 3215 690 3256 errores
713 3213 821 3277 vocas,
851 3216 909 3257 nos
932 3215 981 3257 so·

58 3291 198 3373 phistiois
212 3288 360 3348 haetenus
379 3285 505 3364 argutiis
529 3282 708 3361 persuaderi
729 3300 792 3341 non
815 3284 980 3362 potuimus.

58 3375 141 3437 Solis
164 3374 245 3434 enim
268 3370 386 3433 indocti
407 3388 465 3431 nos
487 3369 524 3428 iis
546 3368 630 3428 libris
653 3365 766 3426 addioti
789 3387 904 3445 sumus,
928 3369 979 3446 qui

59 3458 203 3520 oenonioi
218 3465 249 3518 et
265 3457 401 3518 omnium
424 3471 579 3514 consensu
600 3451 725 3530 recepti,
747 3468 861 3530 susque
882 3450 981 3529 deque

58 3543 204 3618 faoimus,
234 3539 354 3619 siquid
377 3536 460 3598 aliud
484 3535 641 3610 efferatur,
664 3533 746 3613 quod
769 3534 816 3594 his
839 3535 980 3595 adverse

59 3634 118 3688 tur.
150 3623 393 3704 Magnifioamus,
415 3639 616 3700 quaeeunque
637 3619 807 3698 proximius
831 3617 982 3680 aooedunt

59 3711 165 3771 saeris.
194 3709 328 3768 Omnino
348 3724 405 3765 neo
420 3704 574 3787 angelum,
596 3723 654 3763 neo
677 3701 852 3781 apostolum
877 3721 981 3783 quem-

59 3796 123 3873 vis,
152 3792 202 3853 vel
230 3812 248 3857 e
277 3791 366 3852 uoelo
394 3791 586 3868 venientem,
616 3789 641 3848 si
670 3785 861 3848 oontradioet
891 3805 982 3846 even-

769 3869 819 3940 58
