2346 4208
425 250 522 303 contra
538 244 573 301 Μ.
594 214 750 301 Lutherum.
989 243 1059 323 311Ι

131 433 263 511 riosam,
298 439 329 493 et
356 432 387 492 in
420 432 579 493 Erasmum
616 440 812 514 praesentem
840 432 929 513 plura
965 431 1051 512 dixit,

80 555 83 564 ·
131 534 224 596 quarn
247 517 278 576 in
299 516 400 595 ipsum
416 514 590 587 Lutherum,
613 515 878 596 impudentissime
890 516 1051 578 mentiens.

132 598 245 660 Aiebat
264 599 428 659 Lutherum
450 600 480 659 in
494 599 664 660 horrendos
683 599 754 660 illos
766 617 884 660 errores
897 598 1051 677 incidisse,

131 682 216 763 quod
239 688 321 742 esset
342 681 469 762 cupidus
491 701 660 760 novorum,
684 701 753 742 cum
775 681 925 742 Lutherus
949 685 1053 743 omnia

134 785 187 826 sua
208 766 345 827 hauserit
357 784 396 825 ex
412 766 595 844 Augustino,
617 764 785 843 Bernerdo,
808 764 958 843 Gereone,
982 765 1052 826 Car·

134 848 234 909 dinale
265 848 398 909 Cusano.
440 847 570 910 Dicebat
590 847 751 910 Erasmum
786 848 1053 909 vehementissime

134 931 246 993 favisse
266 930 417 1008 Luthero,
440 951 507 991 cum
531 950 685 1010 nunquam
709 933 863 992 miscuerit
884 951 917 991 se
941 951 1053 993 causae

131 1014 228 1093 illius,
262 1014 317 1074 sed
339 1020 456 1075 tantum
484 1014 672 1094 improbaret
699 1014 840 1093 modum,
875 1034 936 1094 quo
966 1015 1050 1075 illum

131 1097 398 1178 aggrediebantur,
419 1097 623 1158 vociferantes
643 1095 725 1177 apud
743 1097 887 1159 indoctos
904 1099 933 1158 in
955 1098 1051 1177 illum,

131 1199 220 1260 quem
243 1181 364 1242 nollent
391 1187 529 1241 autnon
552 1188 680 1260 possent
701 1180 858 1259 refellere,
891 1181 1049 1262 multaque

128 1263 177 1323 his
209 1263 337 1340 similia,
365 1265 573 1344 perstringens
597 1263 719 1343 oblique
740 1263 916 1344 linguosae
937 1284 1051 1326 novum

128 1347 370 1425 Testamentum,
393 1347 485 1426 idque
507 1346 674 1408 ridentibus
697 1366 777 1426 pene
801 1347 951 1408 omnibus.

212 1431 269 1490 Die
290 1429 451 1490 Dominico
474 1431 616 1510 proximo
644 1430 767 1509 repetiit
788 1429 907 1508 eadem,
930 1439 961 1490 et
981 1431 1049 1491 Bul·

129 1513 192 1573 lam
216 1513 351 1574 ostendit
367 1513 493 1593 popule.
537 1513 657 1591 Videte,
679 1514 786 1591 inquit,
810 1513 954 1592 sigillum,
977 1534 1049 1593 qua-

127 1597 155 1656 si
177 1596 238 1657 hoc
259 1597 299 1656 sit
322 1595 496 1676 approbare
513 1596 632 1656 Bullam
654 1595 761 1676 procul
784 1595 948 1656 ostendere
970 1597 1050 1678 sigil-

126 1678 202 1740 lum.
246 1678 369 1739 Adiecit
390 1681 468 1740 inter
483 1686 586 1739 cetera
609 1678 717 1739 odiose
740 1685 851 1739 notans
868 1678 1045 1744 Erasmum:

126 1762 263 1822 Venient
285 1767 316 1822 et
336 1763 395 1842 ipsi
412 1762 577 1841 aliquando
601 1761 639 1822 ed
663 1761 782 1840 palum,
804 1762 862 1821 nisi
885 1760 1051 1842 desistant,

126 1846 216 1924 quasi
238 1845 327 1905 Bulla
360 1866 422 1906 nun
453 1843 616 1906 sufficeret.
659 1845 784 1904 Exierat
814 1851 845 1904 et
872 1845 1049 1905 mandatum

124 1929 267 1988 Rectoris
289 1928 385 1987 multa
408 1928 572 2009 adiiciens,
606 1947 684 2006 quae
706 1929 737 1987 in
759 1927 849 1987 Bulla
870 1947 933 1988 non
956 1928 1047 1990 habe·

126 2011 255 2090 bantur,
288 2031 328 2071 ne
350 2011 555 2072 venderentur
582 2011 677 2071 libelli
699 2012 805 2092 scripti
834 2011 865 2069 in
892 2012 1048 2071 infamiam

127 2094 366 2154 Universitatum
395 2102 426 2154 et
447 2094 597 2162 bonorum
621 2095 764 2155 virorum.
807 2093 874 2155 Hoc
897 2113 1048 2174 opposue-

123 2183 198 2238 runt
219 2178 349 2238 orationi
371 2177 548 2256 Dorpianae
570 2185 601 2238 et
621 2177 792 2237 Mosellani.

210 2259 475 2320 Obmurmuratum
498 2268 545 2321 est
566 2261 823 2336 alureconsultis,
846 2260 1048 2338 quibusuunc-

122 2344 236 2424 ingens
253 2342 411 2402 dissidium
426 2351 472 2403 est
494 2362 562 2402 curn
585 2343 762 2424 Theologis.
805 2344 839 2402 ln
856 2350 926 2403 aetu
951 2344 1047 2403 euius·

123 2427 197 2487 dam
218 2425 420 2486 Iureconsulti
436 2427 611 2505 paucissimi
624 2425 777 2505 Theologi
800 2432 1046 2506 comparuerunt,

122 2511 156 2569 in
181 2510 322 2587 proxima
344 2508 480 2569 eiusdem
495 2509 631 2568 Licentia
651 2508 751 2568 nullus
768 2509 939 2588 comparuit
960 2529 1046 2587 prae·

124 2599 172 2652 ter
194 2591 343 2672 Dorpium
377 2599 408 2652 et
429 2592 600 2651 Erasmum.
644 2592 720 2652 Nam
749 2590 858 2651 eodem
894 2590 943 2650 die
970 2590 1046 2650 iuhi-

123 2676 256 2737 buerant
276 2675 427 2754 Theologi
450 2675 606 2734 Licentiae
627 2681 739 2750 aetum,
761 2673 815 2733 sed
837 2674 920 2733 illico
942 2674 1047 2754 appel-

123 2759 222 2818 latum
244 2764 300 2835 est,
323 2764 353 2818 et
368 2767 525 2819 ostensum
548 2765 605 2833 est,
625 2756 770 2817 illosnon
784 2776 878 2837 posse
899 2757 1046 2817 inhibere.

122 2841 192 2901 Nec
215 2847 318 2900 tamen
341 2842 505 2902 voluerunt
526 2847 691 2900 retractare
713 2859 798 2899 suam
823 2839 1045 2903 inhibitionem.

124 2922 188 2985 Sed
219 2924 249 2983 in
272 2924 331 2984 hoc
366 2926 593 3003 conspirarunt,
634 2928 667 2982 ut
701 2942 793 2983 nemo
815 2922 1045 3003 Theologorum

125 3015 328 3086 compareret,
351 3007 419 3068 solo
434 3007 551 3087 Dorpio
570 3026 632 3067 non
645 3008 773 3084 monito,
794 3006 955 3065 Erasmum
973 3024 1044 3067 con-

125 3091 289 3151 stituerunt
310 3109 465 3169 nunquam
489 3109 602 3151 vocare
625 3089 664 3149 ad
686 3096 771 3167 aeta,
794 3091 812 3149 o
835 3108 961 3168 gravem
985 3089 1046 3147 vin·

124 3173 248 3233 dictam.

210 3256 284 3330 Quis
307 3255 400 3336 digne
420 3256 543 3316 miretur
560 3255 718 3316 hominnm
742 3253 947 3314 dementiam?
969 3254 1046 3314 Rem

126 3350 190 3400 tam
213 3345 366 3415 atrocem,
402 3357 481 3417 quae
504 3340 603 3419 possit
635 3345 732 3398 toturn
756 3336 939 3398 conturbare
961 3356 1048 3396 muu-

80 3426 85 3434 '
126 3423 215 3498 dnm,
237 3423 374 3502 aggressi
398 3429 468 3481 sunt
490 3432 551 3482 tarn
574 3421 665 3481 stulte
689 3441 726 3481 ac
747 3428 873 3481 temere.
918 3419 1048 3480 Constat

125 3507 246 3566 Romae
265 3525 328 3565 rem
343 3511 441 3564 actam
465 3506 530 3565 sine
550 3504 666 3581 ordine,
689 3503 1046 3565 vehementerobsisten-

125 3597 156 3649 te
168 3588 258 3649 Oard.
282 3589 312 3649 S.
325 3586 429 3647 Crucis
452 3594 484 3648 et
504 3588 572 3647 aliis
586 3588 697 3647 multis.
720 3587 809 3647 Bulla
827 3586 976 3647 Coloniae
991 3586 1046 3646 Lo-

126 3673 270 3751 vaniique
299 3677 371 3730 nata
401 3672 457 3731 fuit
487 3691 601 3730 excusa
632 3678 796 3748 antequam
823 3670 983 3749 evulgata,
1017 3677 1048 3728 et

127 3754 210 3836 quod
233 3774 379 3815 excusum
416 3761 478 3832 est,
507 3754 635 3814 dissidet
655 3774 674 3813 a
695 3754 800 3833 Bulla,
836 3772 925 3833 quarn
949 3752 1048 3814 adfert
