2346 4208
86 271 90 281 ’
178 256 242 322 370
429 257 524 312 Raaol
544 259 572 312 L.
588 273 675 326 super
691 257 886 325 Proporinone

179 451 281 521 neta,
320 461 400 522 quae
421 462 479 504 nos
501 450 617 523 augunt
639 442 773 519 dissere,
801 441 928 522 utquid
952 441 1102 502 damnant

170 530 209 588 in
231 526 331 604 nobis,
353 527 436 605 quod
458 528 517 606 ipsi
539 545 596 586 nos
618 525 741 588 donent.

260 609 349 669 Patet
368 610 472 689 itaque
500 628 534 669 re
563 611 632 688 ipsa
656 609 805 688 aequales
832 610 998 689 episeopus
1020 609 1100 669 inter

178 711 213 754 se
235 700 268 752 et
284 691 492 772 presbyteros,
514 693 583 753 solo
606 711 662 752 usu
686 692 881 753 eteoclesiae
891 709 986 752 nausa
1006 689 1100 751 alium

178 775 230 835 alii
262 775 506 854 praeferendum.
549 775 599 834 Ex
634 794 695 854 qno
724 775 850 836 ulterius
880 775 1035 852 sequitur:
1068 771 1101 834 si

179 859 326 938 primatus
349 858 480 919 Romani
508 857 665 937 pontilicis
692 878 821 939 vergere
848 858 976 936 incipiat
995 858 1029 916 in
1050 875 1100 916 ee

179 941 293 1001 alesine
316 941 552 1018 detrimentum,
586 942 713 1002 omnino
736 941 892 1002 tollendus
920 947 968 1000 est
989 939 1030 1000 de
1051 957 1100 1000 ee

178 1024 290 1101 alesia,
323 1025 394 1103 qnia
415 1025 551 1084 humana
571 1025 640 1084 iura
660 1032 693 1084 et
712 1023 951 1085 eonsuetudines
973 1041 1030 1102 pro
1053 1041 1100 1082 ee

177 1106 277 1167 alesia
293 1109 408 1167 servire
431 1106 554 1185 debent,
564 1125 640 1167 ‹non
663 1115 772 1167 eontra
784 1107 948 1168 ecelesiam
961 1103 1101 1167 militare.

127 1181 131 1219 '¹
179 1188 270 1265 Quod
300 1191 325 1251 si
355 1209 417 1251 non
446 1189 514 1267 fiat,
549 1190 609 1249 iam
633 1209 736 1251 eoram
760 1190 829 1252 Deo
857 1187 1100 1250 neditiobomi-

180 1293 251 1333 num
274 1274 360 1333 irrita
388 1273 461 1333 lauit
481 1272 628 1332 mandata
649 1273 719 1334 Dei.
763 1273 866 1348 Quare
888 1271 975 1349 vide,
1008 1290 1100 1350 quam

180 1357 263 1416 tenui
290 1355 425 1436 pendeat
456 1354 509 1416 filo
538 1355 749 1416 Romanorum
778 1357 971 1417 adulatorum
999 1362 1101 1434 tyran-

179 1440 241 1516 nis,
269 1457 351 1517 quae
379 1459 413 1500 se
441 1440 540 1519 ipsam
562 1441 727 1500 autoritate
749 1438 855 1499 divina
875 1445 990 1500 sonata
1011 1436 1102 1497 stabi-

179 1521 244 1596 lire,
265 1541 302 1583 se
323 1524 421 1602 ipsam
444 1524 565 1602 penitus
587 1541 626 1582 ea
646 1524 766 1582 ratione
788 1522 946 1582 snbvertit.

261 1604 330 1665 Huu
350 1613 382 1665 et
404 1605 589 1686 Cyprianum
612 1623 711 1684 voco,
735 1625 825 1685 quem
849 1612 881 1666 et
901 1606 937 1667 B.
958 1603 1102 1683 Augusti·

178 1707 237 1749 nus
269 1687 384 1768 allegat
412 1689 463 1749 lib.
488 1692 517 1751 2.
545 1707 571 1751 e.
600 1690 628 1751 2.
655 1689 694 1749 de
722 1689 897 1768 Baptismo,
931 1686 1101 1748 dicentem:

179 1772 287 1850 Neq'ne
317 1773 398 1832 enim
428 1774 589 1850 qnisquam
611 1779 749 1831 nostrum
773 1773 953 1852 episcopum
976 1788 1010 1830 se
1032 1788 1102 1830 esse

179 1858 397 1936 episcoporum
426 1856 600 1930 constituit,
634 1862 686 1914 aut
718 1856 879 1935 tyrannico
916 1860 1033 1914 terrore
1063 1850 1102 1916 ad

180 1939 372 2016 obsequendi
416 1937 632 2000 nenessitatem
681 1939 819 2018 collegas
874 1956 948 1998 snos
998 1935 1104 2016 adigit,

180 2021 305 2100 quando
327 2020 421 2082 habet
442 2023 542 2082 omnis
565 2023 730 2100 episeopus
753 2041 809 2101 pro
833 2021 961 2081 liuentia
980 2019 1104 2081 liberta·

178 2106 217 2166 tis
241 2111 274 2164 et
292 2107 457 2184 potestatis
477 2124 552 2165 suae
572 2104 730 2165 arbitrium
753 2106 925 2184 proprium,
956 2111 1104 2180 munnam

181 2188 219 2248 ab
243 2187 305 2247 alio
328 2187 454 2248 iudicari
476 2207 539 2248 non
563 2188 677 2267 possit,
700 2187 857 2266 quomodo
880 2205 938 2246 nee
959 2187 1026 2265 ipss
1048 2203 1102 2265 po-

180 2279 241 2331 test
263 2271 391 2330 alterum
413 2270 565 2348 iudicare,
588 2269 643 2330 sed
665 2278 880 2348 exspectemus
903 2269 1037 2329 universi
1058 2269 1101 2328 iu·

180 2353 292 2413 dioium
320 2354 445 2414 Domini
481 2355 580 2414 nostri
606 2353 675 2414 lesu
706 2353 825 2415 Christi.
869 2353 928 2413 Hie
948 2351 1102 2432 gloriosus

181 2437 295 2516 Martyr
324 2437 425 2515 palam
448 2435 613 2497 confitetur
643 2436 836 2516 tyrannidem
860 2455 944 2509 esse,
977 2434 1016 2497 ab
1038 2453 1102 2498 uno

181 2521 331 2599 episeopo
360 2520 439 2579 alios
468 2522 538 2599 eogi
565 2519 605 2580 ad
629 2519 847 2580 obedientiam.
890 2520 932 2579 At
954 2519 1036 2579 hane
1058 2526 1103 2596 ty-

180 2602 357 2680 rannidem,
388 2604 471 2663 velut
491 2604 662 2679 iustitiam,
692 2623 793 2683 paene
822 2622 931 2664 omnes
959 2601 1102 2662 Decretu-

180 2687 254 2747 lium
276 2685 416 2766 syllabae
438 2693 469 2746 et
491 2692 628 2746 statuunt
649 2693 681 2746 et
702 2694 836 2762 servant,
859 2695 1005 2765 tanquam
1028 2683 1102 2745 divi-

180 2789 251 2849 nam
273 2771 478 2830 autoritatem.
521 2769 642 2829 Deinde
664 2771 773 2829 mirum
795 2777 857 2845 est,
880 2768 963 2848 quod
985 2767 1020 2830 B.
1042 2768 1103 2826 Au·

181 2855 320 2932 gustinus
349 2872 411 2913 non
441 2851 596 2931 redarguit
621 2853 807 2932 Cyprianum
830 2873 850 2915 a
871 2873 904 2913 se
926 2851 1104 2930 allegatum,

180 2937 206 2995 si
229 2938 325 2996 sensit
347 2955 415 2995 eum
438 2937 613 2996 contraius
635 2937 770 2996 divinum
794 2936 894 3015 loqui,
924 2934 979 2995 sed
1000 2935 1104 3013 potius

179 3038 249 3079 eum
286 3038 324 3079 eo
355 3017 498 3100 sentitl),
533 3038 641 3079 omnes
675 3020 792 3080 seilicet
830 3037 900 3079 esse
937 3017 1103 3097 episcopos

179 3103 336 3182 aequales.

407 3266 480 3330 sed
503 3266 709 3328 videamus
733 3277 770 3329 et
792 3267 879 3329 alia.

264 3435 348 3496 Idem
372 3434 543 3514 Cyprianus
572 3432 649 3493 libro
672 3433 880 3513 Epistularum
904 3432 1019 3511 primo,
1041 3431 1104 3510 epi·

182 3519 263 3579 stola
290 3525 397 3597 quarta
427 3516 477 3586 ad,
493 3516 626 3576 Felicem
655 3516 889 3596 presbyterum,
921 3513 1104 3594 probaturus

182 3600 291 3662 divinis
314 3601 513 3678 testimoniis,
548 3600 632 3679 quod
660 3602 690 3659 in
714 3606 870 3681 potestate
898 3618 961 3658 non
985 3598 1103 3679 episeo-

400 3739 609 3747 ——...-—--—-

252 3790 284 3859 1)
303 3789 335 3842 In
354 3789 419 3845 edit.
438 3791 542 3858 priore:
564 3789 712 3843 consentit.
799 3840 803 3847 ,
