2346 4208
120 266 185 333 340
374 270 469 326 Resol.
488 271 516 324 L.
536 286 621 341 snper
638 271 834 342 Propositiona

123 454 224 598 sogum
245 454 340 516 fnisse
362 474 418 537 per
439 474 591 516 summum
613 462 645 517 et
665 474 759 516 unum
781 453 963 537 pontificem
981 454 1026 537 rip

121 539 152 599 ni
177 544 289 600 catum.
998 552 1004 563 ¹

204 622 245 683 Ut
265 621 327 682 hoc
343 622 493 696 omittam,
516 620 598 702 quod
617 620 678 681 illis
691 622 797 682 omnia
811 622 845 683 in
862 619 1026 703 figuram

121 706 229 786 tigisse
251 706 380 785 scimus,
404 712 435 766 et
455 706 486 765 in
508 723 592 766 novo
614 705 814 766 Testamento
837 703 969 785 iignum
985 700 1026 765 ἢ

121 788 224 850 denuo
245 795 392 867 revocat,
425 793 457 848 nt
485 788 592 849 similis
625 786 727 870 figura
758 788 921 868 utriusque
938 786 1026 849 uua
1053 810 1058 827 ¹

121 872 231 950 menti,
265 871 339 932 nihil
371 873 431 932 iam
465 878 626 955 utrumque
658 871 698 933 ab
733 877 867 952 utroque
887 868 1026 933 utcu

121 954 201 1016 Uror
222 973 299 1035 ego,
329 955 448 1015 divinas
471 955 575 1015 literas
597 954 636 1014 ab
658 954 707 1014 his
734 955 840 1037 porcis
861 960 931 1015 tarn'
947 955 1025 1035 inps·

122 1037 230 1098 denter
252 1038 446 1117 conculcari,
479 1039 660 1119 praesertim
683 1036 739 1099 sub
761 1038 891 1099 nomine
913 1036 1025 1100 anmi

120 1120 276 1202 pontificis
300 1128 331 1182 et
351 1122 513 1183 Romanae
535 1122 696 1185 ecclesiae.
970 1128 975 1133 '

204 1202 284 1279 Quid
307 1211 409 1265 autem
432 1204 571 1284 honest,
595 1203 678 1285 quod
700 1202 779 1265 duos
801 1205 922 1285 primos
942 1220 1022 1265 aare
1055 1238 1058 1283 ἑ

121 1286 210 1349 dotes
232 1289 263 1346 in
285 1289 381 1348 veteri
403 1288 602 1349 Testamenta
625 1288 744 1366 statuit,
777 1304 894 1369 magno
916 1284 1022 1367 sui-pri

121 1378 220 1431 mutus
243 1370 452 1432 detrimento?
472 1371 595 1432 Imitare
607 1370 689 1451 quod
712 1370 789 1431 dicia
802 1372 892 1453 (etsi
912 1370 1020 1447 mm)

122 1460 182 1515 atet
194 1452 380 1533 similitudo,
405 1461 436 1515 et
457 1454 498 1516 da
512 1458 603 1517 etiam
615 1473 697 1515 nunc
718 1454 796 1514 duos
809 1454 939 1535 primos.
956 1450 1021 1533 W

121 1535 215 1598 modo
246 1558 339 1598 unum
373 1539 504 1618 primum
536 1538 681 1619 probabis
715 1558 771 1618 per
803 1538 885 1599 duos
906 1533 1020 1621 primati

122 1619 218 1681 Vides
241 1639 316 1702 ergo
340 1620 551 1682 hoshomines
575 1640 630 1683 eos
652 1621 757 1700 fuisse,
779 1620 1020 1703 quisimpiidfltr

121 1702 194 1764 fidei
216 1712 342 1766 nostrae
364 1703 451 1764 abusi
473 1706 538 1765 ausi
560 1712 632 1766 sunt
653 1710 798 1786 statuere,
822 1702 968 1786 quidquid
982 1698 1019 1763 νά

120 1789 275 1848 somniare
297 1794 473 1868 potuerunt.
986 1810 999 1825 ··

202 1871 234 1932 ln
258 1870 319 1931 fine
348 1870 506 1932 concludit
533 1877 565 1932 et
586 1871 696 1933 eadem
717 1870 906 1933 dexteritate
926 1870 1019 1933 Bon·

120 1974 192 2016 nam
215 1954 378 2015 eeclesiam
400 1955 556 2015 cardinem
580 1962 687 2035 vocat,
716 1956 748 2016 in
780 1973 843 2034 quo
863 1972 968 2017 omnes
984 1968 1019 2015 ut

121 2038 234 2099 clasiae
255 2045 412 2118 reguntur,
435 2037 561 2099 domino
574 2038 776 2120 disponente:
799 2043 832 2099 et
853 2034 1018 2109 tandem&

119 2119 190 2181 finis
211 2121 270 2181 hic.
313 2120 392 2180 Nam
415 2123 508 2182 ceteri
531 2121 685 2201 Oenones,
707 2123 758 2202 qui
781 2120 894 2183 eadam
915 2122 1019 2203 spirat

120 2205 227 2263 horum
251 2205 391 2263 nimirum
413 2203 531 2264 influxu
554 2206 659 2266 infecti
680 2206 725 2266 siu
746 2206 878 2285 spirant.

202 2286 273 2347 Non
298 2305 422 2367 possum
454 2293 556 2348 autem
579 2290 739 2368 omittere,
774 2287 848 2368 quin
877 2290 911 2351 at
928 2286 1019 2349 nese

122 2370 214 2431 talam
238 2369 287 2430 vel
309 2390 401 2431 unam
423 2370 585 2449 adducam,
608 2379 641 2433 ut
661 2378 826 2453 appareat,
849 2368 923 2452 qrrid
942 2368 1019 2469 prud'

122 2453 270 2514 ecclesias
282 2473 401 2533 regere,
423 2461 455 2514 et
466 2454 638 2534 Scripturas
652 2472 756 2516 sacras
771 2474 837 2537 non
856 2454 1020 2601 inteiirss

121 2537 198 2599 Sunt
220 2537 301 2597 enim
324 2544 355 2598 et
376 2537 554 2599 Decretales
589 2557 681 2618 quam
708 2537 860 2619 piurimae
915 2536 980 2611 ‘'',
1006 2535 1012 2551 '

120 2641 200 2701 mae,
222 2618 321 2696 hael)
347 2621 514 2699 maximae,
544 2616 630 2701 quae'
657 2624 791 2681 maxime
822 2626 897 2683 aunt
921 2622 953 2683 in
970 2638 1020 2684 Ιιι

120 2704 258 2765 Transeo
280 2701 364 2763 illam
386 2702 426 2764 de
447 2706 676 2784 constitutione,
694 2722 725 2769 c.
747 2703 929 2785 Translata,
948 2720 1020 2785 qu

120 2795 195 2869 puto
224 2788 269 2846 sic
290 2807 309 2846 a
331 2806 380 2846 me
403 2787 590 2849 vindicatam
618 2795 725 2866 antea,
758 2795 792 2847 ut
821 2806 952 2851 neceam
973 2804 1020 2851 u

121 2874 161 2932 ait
182 2876 333 2951 repetere.
378 2870 510 2931 Assumo
535 2891 613 2931 onus
640 2870 715 2931 illud
737 2890 762 2932 c.
786 2868 1020 2951 significatis

121 2955 228 3033 elect,
251 2952 302 3014 ubi
325 2953 576 3034 archiepiscopus
597 2953 848 3016 Panormitamua
871 2973 941 3015 cum
964 2970 1020 3037 repr

121 3046 153 3099 et
175 3056 271 3118 regno
295 3036 419 3098 Siciliae
446 3038 612 3098 iustissime
648 3038 764 3114 mirati,
798 3036 884 3116 quod
914 3034 1019 3119 paiiiu

120 3130 301 3201 accepturus
329 3121 503 3200 exigeretur
533 3122 754 3199 iuramentum,
787 3130 821 3181 at
841 3120 894 3183 ubi
914 3120 1019 3203 paida!

120 3205 274 3267 modestia
295 3212 403 3264 contra
423 3203 505 3264 hanc
517 3203 759 3265 infelicissimam
770 3204 965 3267 exactionem
982 3198 1019 3265 ai-

120 3287 247 3349 duoeret
281 3294 480 3367 praeceptum
503 3286 615 3348 Christi
637 3294 668 3347 et
690 3292 806 3347 statuta
827 3286 1018 3359 concilium

121 3372 213 3433 talem
247 3372 367 3452 accepit
407 3371 643 3450 responsionem
687 3377 719 3430 et
753 3370 1017 3451 interpretation·

119 3454 295 3536 Scripturas
330 3460 456 3515 sanctae
477 3474 497 3513 a
525 3453 676 3515 Paschaie
706 3452 852 3515 Romano
884 3452 1018 3537 ponffl

123 3538 201 3617 [hoc
223 3543 279 3617 est,
303 3557 322 3599 a
344 3539 470 3599 notariis
493 3538 672 3616 Romanis].

202 3622 357 3699 Mirantur,
382 3623 489 3702 inquit,
511 3622 676 3682 Dominum
689 3624 829 3680 nostrum
843 3621 942 3685 lesum
953 3614 1016 3685 (fi

125 3758 134 3764 -
156 3801 186 3863 t)
208 3800 237 3851 In
260 3798 304 3853 od.
324 3802 429 3868 priore:
450 3760 522 3854 sae:
