2346 4208
122 274 188 344 sss
490 273 695 344 ummo·

168 461 273 544 bonel
293 461 376 522 diem
395 460 401 539 Ι
419 457 637 542 vitembergae
664 459 672 534 1
710 460 750 521 Μ.
772 459 811 524 D.
834 460 1002 540 XXXVIII,
1021 462 1047 524 8.

165 546 261 607 Tituli
282 547 398 627 pagina
419 544 524 625 figuris
545 544 779 626 typographicis
802 551 852 606 cst
872 552 992 607 ornata.
1016 545 1047 605 In

125 704 196 747 eam
225 688 425 744 conservent:
468 699 531 741 uon
562 680 645 760 quod
671 679 864 758 dubitemus,
898 679 1049 742 Christum

125 773 377 830 conservaturum
400 784 469 825 essa
488 782 635 842 sponsam
657 782 871 842 enumquam
896 784 995 844 usque
1012 763 1048 824 sd

126 856 233 911 nostra
254 855 396 928 tempora
418 847 595 908 mirabiliter
614 853 646 907 et
656 848 887 927 omnipotenter
910 848 1049 926 servavit,

126 933 183 995 ssd
212 951 251 993 ne
275 931 389 1009 (veluti
417 931 457 991 sit
485 936 623 990 mortuus
652 929 764 1009 Satan)
794 931 897 990 securi
927 932 1048 991 nimium

128 1015 251 1096 quidam
269 1014 365 1092 flant,
399 1014 450 1092 qui
472 1020 535 1072 tum
556 1012 616 1073 sibi
637 1012 781 1073 videntur
802 1014 940 1074 maxIms
959 1015 1050 1074 cocle

127 1101 203 1159 siam
226 1098 437 1177 promovisse,
470 1115 538 1156 sum
570 1115 638 1156 eam
661 1097 785 1176 optimis
817 1097 883 1161 suis
918 1097 1049 1158 consiliis

133 1183 196 1253 tuti
217 1179 386 1260 putabant)
409 1177 692 1258 pessumdederint,
727 1179 823 1238 etita
847 1196 914 1240 non
935 1186 1049 1241 anun

127 1263 291 1325 ecclesiam
326 1263 484 1322 amiserint
512 1263 610 1342 (quae
643 1280 701 1322 suo
738 1261 862 1342 Sponso
903 1262 1049 1325 stabitis

127 1353 286 1407 aeternum
307 1352 416 1406 contra
438 1364 548 1406 omnes
568 1351 677 1425 portas
698 1345 786 1404 inferi
809 1339 967 1429 invicta),
1001 1345 1050 1407 ssd

127 1431 219 1490 etiam
247 1429 326 1489 alios
360 1429 475 1489 multos
505 1447 609 1488 secum
632 1429 662 1487 in
684 1424 862 1488 barathrum
896 1433 1050 1508 traxerint,

127 1518 295 1592 antequam
317 1512 461 1591 putarint,
483 1511 562 1571 siout
583 1511 713 1590 contigit
733 1511 825 1570 etiam
856 1510 922 1572 hoo
942 1512 1049 1574 decen·

126 1597 179 1657 nio
200 1595 321 1675 magnis
353 1595 444 1671 viris,
478 1613 592 1674 magno
614 1593 722 1655 dolore
749 1600 858 1654 nostro
892 1601 926 1656 et
945 1597 1050 1656 frustra

127 1677 216 1740 nobis
237 1677 462 1738 miserantibus.

210 1761 272 1821 Res
295 1767 343 1821 est
363 1761 452 1838 sen'a,
475 1778 555 1839 quae
571 1761 680 1840 agitur,
701 1761 764 1819 imo
785 1777 836 1819 res
859 1768 1051 1839 estactsrns,

128 1845 196 1904 sive
216 1842 256 1903 sd
273 1850 403 1904 mortem
426 1845 491 1904 sive
513 1842 553 1902 ad
575 1844 685 1919 vitam,
719 1860 798 1920 quae
820 1842 890 1904 istis
913 1843 1050 1927 Ptoposi-

129 1926 267 1988 tionibus
300 1931 461 1996 uastatur,
495 1944 616 1985 summo
650 1926 760 1986 timore
781 1924 839 1985 Dei
872 1928 1050 2009 attingenda

128 2011 234 2072 etiam.
275 2008 316 2069 Et
337 2015 371 2069 ut
391 2008 431 2069 sd
454 2009 531 2085 alia,
559 2027 640 2087 quae
663 2014 757 2069 antea
778 2026 834 2087 per
857 2029 919 2071 nos
942 2013 1050 2092 scripte

127 2100 215 2171 sunt,
254 2111 351 2171 parva
372 2090 534 2153 videantur
563 2091 713 2169 fortasse,
745 2097 849 2150 tamen
879 2093 1049 2176 fragments

127 2182 200 2236 sunt
220 2175 419 2255 evangelice,
442 2193 539 2254 quae,
563 2176 640 2234 siout
662 2174 800 2235 Christus
822 2175 972 2254 quuitur,
995 2177 1049 2238 col-

128 2257 255 2339 ligenda
278 2263 359 2332 sunt,
381 2277 422 2317 ue
442 2265 586 2337 pereant:
616 2265 687 2317 sunt
709 2257 790 2316 enIm
814 2259 845 2317 in
868 2259 917 2318 Iris
941 2261 1049 2341 Propo·

127 2339 287 2400 sitionibus
310 2340 428 2402 articuli
458 2340 643 2421 principales
664 2340 824 2419 Evangelii
845 2343 878 2400 in
902 2362 1048 2404 summam

126 2424 244 2500 coacti,
280 2424 346 2483 sine
370 2423 479 2502 quibus
501 2422 577 2483 vere'
603 2423 768 2483 intellectis
790 2429 822 2483 st
842 2443 921 2503 pure
946 2434 1048 2487 tracte

127 2508 165 2566 tis
188 2507 320 2567 ecclesia
342 2506 455 2566 Christi
488 2526 550 2566 non
579 2511 684 2588 potest
711 2504 888 2569 subsistere.
933 2510 976 2571 Et
997 2509 1048 2569 nisi

126 2590 238 2650 virtute
260 2591 481 2669 omnipotentis
509 2589 590 2649 illius
612 2590 680 2649 Filii
703 2589 760 2649 Dei
782 2596 813 2650 et
833 2589 980 2652 Hominis
1002 2612 1050 2673 per

126 2692 179 2733 eas
201 2672 350 2733 hactenus
373 2672 560 2733 substitisset
581 2680 613 2732 et
634 2678 756 2732 servata
777 2672 903 2752 suisset,
933 2675 975 2735 ad
998 2694 1048 2736 nos

125 2754 211 2815 nullo
235 2754 330 2815 modo
350 2756 580 2835 pervenissent,
602 2755 657 2816 sed
674 2760 746 2815 ante
767 2755 852 2815 mille
875 2777 980 2820 annos
1001 2778 1050 2838 per

126 2843 232 2916 portas
247 2839 420 2898 inferorum
442 2840 585 2899 exstincti
607 2840 745 2899 fuissent.

210 2919 449 2981 Commendatas
479 2941 554 3002 ergo
590 2921 704 2982 habeat
731 2921 787 2980 hes
815 2922 1049 3002 Propositiones

125 3000 257 3081 Philippi
285 3003 532 3074 Melanthonis¹)
565 3006 697 3064 ecclesia
724 3003 781 3062 Dei
813 3005 917 3083 (quod
954 3006 1049 3067 libens

125 3081 234 3167 faciet)
260 3087 430 3166 etreliqua
457 3089 621 3165 posteritas
649 3104 771 3165 quoque
795 3088 840 3161 (si
862 3089 971 3164 volet)
1005 3088 1049 3149 vel

124 3167 271 3228 historiae
293 3187 396 3232 eausa.
441 3169 500 3244 Qui
523 3189 596 3231 vero
621 3169 737 3248 oderit,
760 3169 862 3247 odiat,
887 3173 942 3250 qui
965 3174 1049 3252 perit,

125 3256 246 3329 pereat,
285 3251 422 3312 Christus
443 3252 534 3312 Jesus
563 3254 641 3313 vivit
677 3258 709 3313 ct
737 3259 845 3332 regnat
866 3271 924 3332 per
948 3256 1050 3315 secula

124 3333 309 3411 seculorum,
332 3336 383 3414 qui
405 3335 513 3395 reddet
525 3334 719 3396 credentibus
732 3336 762 3394 in
777 3355 857 3411 eum,
881 3337 971 3414 quod
984 3356 1048 3418 pro·

123 3415 215 3558 pisit,
237 3422 268 3476 et
288 3417 463 3496 incredulis,
488 3418 571 3497 quod
585 3421 717 3480 minatus
739 3425 795 3495 est,
817 3419 866 3478 oui
889 3421 931 3481 alt
943 3421 1047 3502 gloria

152 3517 233 3559 men.

226 3582 337 3642 Datum
367 3582 606 3663 Vuitembergae
636 3584 768 3647 Galend.
800 3585 914 3649 Ianua.
960 3588 1048 3651 Anno

122 3663 161 3722 Μ.
185 3664 222 3725 D.
243 3663 440 3743 xxxss112).

195 3771 228 3844 1)
249 3774 280 3831 In
292 3772 569 3846 editiroposAbbl
580 3773 681 3828 desunt
691 3773 790 3828 verbs:
812 3773 936 3844 Philippi
952 3776 1048 3832 Helen

116 3849 224 3910 ibonis.
246 3848 279 3921 ²)
296 3849 410 3908 Ibidem
427 3847 531 3903 desuut
543 3846 647 3900 nerbas
658 3845 991 3914 batumiuitemuergm
1004 3853 1050 3904 su
