2332 4206
170 254 233 322 458
435 265 478 319 vl.
498 266 602 321 (toneia
620 266 770 334 Quonam
788 273 825 324 sit

168 449 308 523 animus,
342 472 380 512 eo
411 457 502 516 etiam
534 456 563 514 in
592 457 734 536 graviora
757 459 916 517 coniicitur
937 458 1089 539 pericula,

168 551 267 612 neque
280 538 458 613 pervincere
475 549 587 618 potest,
611 542 681 617 quin
704 542 734 599 in
760 541 863 600 odium
876 541 931 601 Dei
954 550 986 601 et
1006 541 1088 602 blas-

167 615 306 696 phemias
328 621 512 698 prolabatur.
555 623 632 681 Nam
654 624 744 702 quid,
773 642 905 702 quaeso,
934 623 1017 684 alind
1040 633 1089 685 est

167 699 330 761 sollicitum
359 724 428 764 esse
463 705 502 764 de
529 707 825 784 praedestinatione„
858 725 949 785 quam
982 709 1089 768 omnia

150 781 220 876 ,illa
242 785 321 844 velle
343 788 431 861 scire,
452 807 531 867 quae
554 790 635 849 Deus
658 792 730 865 scit,
757 799 788 850 ut
809 809 868 849 nos
889 808 1011 868 quoque
1034 811 1085 869 pa·

60 918 68 944 ,
165 882 215 926 ros
237 868 330 927 simum
354 870 436 947 Deo,
468 891 568 951 neque
596 873 647 933 illc
677 874 746 952 plus
768 875 861 947 sciat,
892 892 983 951 quam
1005 874 1086 933 nos?

165 946 255 1023 Quod
278 952 303 1009 si
326 955 430 1013 omnia
450 955 517 1030 illa,
539 975 618 1035 quae
640 957 723 1016 Deus
745 959 847 1032 novit,
880 975 939 1016 nos
960 975 1086 1035 quoque

165 1050 257 1093 nosse
281 1037 429 1115 cupimus,
451 1038 539 1116 quid,
561 1058 695 1118 quaeso.
718 1039 798 1099 aliud
822 1040 882 1098 hoc
904 1047 969 1117 est,
992 1058 1085 1118 quam

164 1114 254 1189 velle,
281 1126 313 1176 ut
336 1118 418 1179 Deus
440 1141 502 1181 non
526 1123 565 1182 sit
586 1123 679 1181 Deus.

247 1199 304 1260 Hic
324 1203 426 1263 animo
448 1207 585 1285 suggerit
596 1206 747 1285 malignus
769 1205 965 1283 illcspiritus,
988 1223 1084 1283 qnan-

164 1287 212 1340 tus
233 1285 387 1361 gentium,
410 1298 541 1366 quantus
562 1288 760 1363 Iudaeorum,
785 1295 916 1365 quantus
938 1287 1084 1348 Christia-

162 1383 270 1425 norum
294 1385 417 1448 quoquc
451 1391 594 1431 numerus
627 1371 788 1431 damnatus
817 1371 866 1432 sit.
910 1371 958 1429 Fit
977 1378 1082 1431 autem

162 1446 210 1507 bis
231 1451 411 1528 periculosis
435 1460 465 1514 et
486 1457 573 1515 vanis
596 1453 851 1534 cogitationibus,
875 1464 925 1526 ut,
949 1454 975 1512 si
998 1452 1084 1513 nulla

162 1529 232 1608 alia,
255 1534 302 1593 vel
325 1535 403 1595 baec
423 1539 515 1597 unica
535 1557 584 1598 res
607 1536 710 1598 odium
734 1538 840 1596 mortis
862 1537 892 1594 in
917 1535 1008 1596 nobis
1030 1556 1083 1596 ex·

162 1614 243 1676 citet.
287 1616 326 1676 Et
353 1619 433 1680 hanc
460 1621 581 1699 quidem
614 1620 652 1680 de
680 1620 962 1699 praedestinatione
983 1628 1082 1680 tenta

161 1697 296 1775 tionem,
331 1705 530 1764 tentationem
566 1705 674 1763 inferni
704 1702 914 1782 appellarunt.
947 1701 987 1761 de
1019 1721 1082 1781 qua

161 1782 256 1842 multa
278 1787 391 1862 passim
418 1789 449 1846 in
472 1787 600 1847 Psalmis
622 1785 722 1846 David
746 1785 958 1864 conqueritur,
988 1803 1080 1862 quam

161 1866 212 1943 qui
239 1867 360 1944 vicerit,
394 1870 420 1929 is
446 1870 537 1930 simul
571 1879 601 1928 et
621 1869 771 1929 infernum
803 1878 833 1928 et
861 1874 1023 1947 peccatum
1050 1875 1082 1928 et

162 1955 290 2008 mortem
312 1952 394 2011 vicit.

243 2031 350 2112 Nono,
379 2053 471 2112 porro
498 2053 616 2095 summa
648 2053 720 2093 cura
742 2035 843 2093 caveri
866 2040 1004 2111 oportet,
1040 2052 1081 2094 ne

160 2114 242 2193 quod
265 2115 373 2176 borum
396 2119 484 2177 trium
508 2118 589 2178 ultro
609 2137 821 2191 accersamus,
848 2116 975 2176 venient
997 2116 1079 2175 enim

159 2197 251 2256 ctiam
276 2218 336 2258 non
360 2208 485 2276 vocata,
519 2207 550 2260 et
579 2221 634 2262 suo
658 2200 780 2275 obtutu,
802 2201 875 2258 item
898 2198 1078 2278 disputatic

157 2279 246 2339 nibus
269 2288 299 2340 ct
321 2281 634 2345 demonstrationibus
663 2291 760 2343 totum
791 2282 897 2341 volent
924 2299 1080 2360 occuparo

154 2369 272 2442 pectus.
315 2363 404 2439 Quod
426 2368 452 2426 ei
473 2365 541 2442 fiat,
564 2376 664 2428 actum
689 2374 737 2426 est
758 2365 797 2425 de
821 2364 954 2424 bomine.
997 2364 1077 2424 Dum

155 2445 236 2505 enim
260 2465 328 2505 cum
352 2448 411 2508 illis
434 2450 672 2530 cogitationibus
699 2450 845 2524 luctatur,
873 2447 929 2506 Dei
952 2465 1079 2525 prorsus

157 2527 356 2592 obliviscitur.
379 2532 486 2612 Neque
508 2533 569 2594 alio
590 2533 723 2593 consilio
746 2532 828 2590 Deus
851 2549 908 2589 nos
931 2528 985 2588 illa
999 2549 1078 2590 mor·

156 2611 210 2688 tis,
243 2617 361 2691 peccati
392 2623 423 2675 et
445 2616 553 2675 inferni
576 2616 766 2698 cogitatione
793 2615 824 2672 in
848 2619 947 2672 morte
969 2619 1077 2689 tentat,

157 2712 247 2774 quam
284 2702 316 2756 ut
342 2698 395 2758 illa
422 2700 526 2759 omnia
555 2719 574 2759 a
603 2699 692 2759 nobis
714 2699 877 2756 vincantur
897 2702 929 2753 et
949 2713 1077 2773 prorsus

157 2778 318 2839 eiiciantur
338 2783 451 2842 animo.
495 2780 585 2856 Quod
608 2784 632 2841 si
656 2799 749 2852 mors,
772 2785 952 2858 peccatum,
980 2779 1077 2837 etin·

155 2859 257 2920 fernus
280 2863 348 2923 sola
370 2867 446 2940 sint,
470 2884 570 2943 neque
592 2872 624 2924 tu
646 2866 677 2924 in
700 2872 799 2922 morte
821 2863 930 2934 vitam,
952 2861 984 2919 in
1006 2879 1077 2940 pec-

156 2950 226 3004 cato
248 2947 409 3025 iustitiam,
445 2949 474 3006 in
506 2948 624 3008 inferno
656 2945 873 3007 beatitudinem
898 2942 1002 3002 videas
1028 2943 1076 3024 (id

156 3027 238 3106 quod
261 3036 334 3107 post
344 3029 437 3090 latius
460 3029 711 3110 explicabimus),
724 3026 907 3088 remittenda
929 3033 992 3084 turn
1006 3035 1078 3086 sunt

156 3111 188 3170 in
210 3111 360 3171 infernum
385 3132 481 3192 nsque
504 3112 542 3172 ad
565 3114 728 3194 collegium
744 3111 892 3170 malorum
905 3109 1076 3186 spirituum,

153 3210 254 3272 neque
277 3197 414 3275 cogitare
435 3196 539 3272 debes,
562 3196 645 3275 quod
668 3195 707 3255 ad
730 3203 760 3254 te
782 3193 964 3273 pertineant.

239 3277 297 3353 Qui
319 3279 411 3358 igitur
431 3279 560 3339 feliciter
581 3298 649 3339 cum
676 3279 736 3338 illis
759 3277 937 3356 depugnare
959 3281 991 3334 et
1012 3277 1075 3334 vin-

156 3378 227 3420 cere
249 3360 350 3437 volet,
373 3363 426 3422 ille
447 3381 509 3423 non
531 3363 592 3422 hoc
613 3363 719 3437 faciat,
742 3368 775 3418 ut
796 3360 858 3418 suis
881 3357 994 3417 viribus
1015 3358 1074 3418 for·

155 3449 260 3503 tunam
283 3451 389 3505 tentet.
434 3445 513 3505 Nam
530 3445 641 3506 robore
668 3453 699 3504 et
720 3445 827 3502 virium
852 3441 959 3519 vigore
981 3440 1076 3520 longe

105 3535 109 3541 ”
157 3544 213 3586 nos
236 3533 390 3606 superant.
431 3528 499 3589 Hoc
529 3529 601 3588 artis
623 3535 686 3605 est,
722 3543 846 3605 prorsus
876 3530 1076 3584 contemnere

154 3607 212 3669 bos
235 3608 357 3686 hostes,
392 3630 494 3690 neque
525 3613 650 3672 omnino
678 3629 746 3669 cum
776 3609 820 3668 cis
843 3605 1010 3686 congredi,
1042 3606 1074 3667 id

155 3691 238 3773 quod
260 3694 320 3753 hoc
342 3693 434 3754 modo
457 3693 525 3754 fiet:
558 3697 584 3754 si
611 3696 642 3753 in
664 3699 763 3753 morte
786 3693 888 3765 vitam,
912 3690 944 3748 in
965 3707 1074 3769 pecca·

155 3775 195 3836 tis
215 3777 361 3857 gratiam,
388 3777 421 3838 in
450 3777 570 3839 inferno
592 3776 700 3840 coelos
722 3776 843 3857 positos
863 3789 934 3834 esse
953 3771 1073 3837 credas.
