2346 4208
189 222 232 290 64
401 226 531 293 Cononis.
549 225 656 281 ludoot.
670 225 891 295 bothelm&

190 415 254 477 imo
271 416 410 476 eonvioii
426 414 477 475 vel
488 414 682 494 dissimulari,
704 415 754 475 vel
776 415 904 494 aequius
919 411 1112 493 interpretari

190 499 323 578 poterit,
360 505 393 558 ut
423 499 521 558 semel
548 498 682 558 lacessat
707 497 846 558 simultas
868 497 980 558 omnis.
1023 494 1113 557 Nulla

191 581 334 660 equidem
360 584 393 642 in
418 588 564 662 promptu
597 589 660 658 est,
698 599 759 660 qua
790 588 822 641 te
848 597 1050 657 excusemus,
1082 584 1113 639 st

190 665 341 745 plurimae
363 664 453 725 nobis
475 664 714 744 patrocinantur.
758 663 835 724 Nam
865 662 949 742 quod
976 669 1012 722 tu
1034 659 1112 733 aad·

192 746 339 808 deranum
368 766 478 825 vooas,
515 766 627 826 nempe
650 747 807 807 hominem
828 746 982 827 pestiferis
1010 744 1114 805 haere·

192 831 321 911 tisisque
343 830 539 910 opinionibus
563 829 729 907 imbutum,
748 832 823 891 satis
845 838 877 890 et
896 828 941 893 ad,
958 828 1113 893 fastidium

191 933 290 994 usque
311 915 406 974 totius
428 913 510 974 orbis
533 912 671 993 auribus,
699 913 774 974 lioet
793 914 824 973 in
847 931 987 991 anesum,
1018 909 1114 981 multo

191 999 252 1058 iam
283 1006 423 1076 tempore
444 996 616 1073 instillasti,
643 996 727 1075 qnod
754 998 781 1056 si
808 996 858 1056 vel
878 996 1015 1055 maxime
1036 993 1115 1055 obti-
1140 1004 1143 1010 '

193 1081 319 1157 ouisaea
341 1098 446 1140 noune
468 1098 540 1140 vere
552 1079 733 1139 Christianis
747 1079 858 1139 odiosa
876 1097 932 1158 per
953 1097 988 1138 se
1009 1077 1114 1138 festio

193 1182 267 1224 num
301 1164 444 1240 nomina,
481 1163 574 1223 etiam
604 1182 643 1223 ea
668 1180 748 1241 quae
775 1162 815 1223 ob
843 1163 878 1223 Β.
900 1162 1030 1231 Patruus¹
1055 1178 1115 1221 ma·

193 1247 323 1307 moriam
343 1246 460 1325 alioqui
481 1245 699 1324 suspicienda?
729 1245 917 1324 Videturque
938 1245 972 1304 id
997 1243 1054 1305 tibi
1073 1243 1116 1303 ni-

192 1328 263 1405 hili,
296 1329 355 1388 nisi
378 1337 409 1388 et
430 1330 612 1410 agnomines
636 1330 838 1390 seminatores
862 1346 1018 1403 errorum,
1039 1344 1115 1406 quos

192 1412 461 1492 pestilentissimos
484 1411 613 1472 validius
635 1412 752 1483 clamas
773 1430 865 1491 quam
887 1408 1084 1490 comprobas.

277 1527 327 1589 Ad
348 1529 451 1604 haee,¹
475 1548 515 1588 ne
546 1537 577 1589 te
606 1530 797 1608 poenituisse
825 1528 899 1588 dieti
920 1529 1050 1607 solatur,
1086 1520 1130 1585 in‘

195 1613 364 1693 marginem
398 1613 538 1672 asterisoi
565 1612 636 1672 loeo
659 1613 783 1690 scribis,
819 1612 969 1672 Canoniei
999 1609 1117 1671 indoeli

194 1695 373 1773 Lutberani,
409 1697 520 1755 timens
554 1695 649 1774 forte,
685 1714 726 1755 ne
760 1695 987 1755 somniculosus
1021 1693 1118 1754 leotor

193 1780 412 1859 praetervolet,
434 1778 536 1838 denuo
559 1797 668 1839 aenses
690 1777 932 1856 admonendum,
954 1778 1046 1837 sistat
1066 1794 1116 1873 pe

194 1860 281 1941 dem,
323 1861 407 1923 diota
433 1861 610 1941 diligentins
638 1880 743 1922 seeum
772 1860 958 1943 perpendat,
995 1858 1117 1921 fidelius

195 1946 345 2006 memoria
366 1952 514 2024 reponat,
545 1945 603 2005 sibi
624 1953 751 2023 eareat,
782 1944 836 2005 tibi
857 1950 993 2025 gratetur
1014 1948 1048 2004 et
1068 1960 1118 2025 ap

126 2060 140 2081 ι
194 2027 337 2108 plaudat,
371 2027 461 2088 nobis
488 2035 678 2089 suanenseat.
722 2027 816 2088 Vides
844 2029 909 2107 bia,
945 2025 1030 2088 bone
1063 2028 1117 2105 vir,

193 2112 339 2192 insignite
365 2111 416 2170 hio
439 2113 543 2171 omnia
565 2113 663 2192 magis
692 2111 732 2171 ad
768 2109 993 2172 exulcerandos
1027 2128 1117 2190 quesn

195 2193 407 2255 oonoiliandos
429 2196 549 2256 animos
571 2197 715 2273 attinere,
738 2205 830 2275 atque
852 2195 947 2272 adeo,
971 2200 1005 2254 ut
1026 2193 1117 2276 plane

194 2279 338 2338 merearis
360 2279 506 2339 talionem
528 2285 695 2359 reportare.

278 2393 431 2474 Ceterum,
454 2395 488 2457 id
503 2404 608 2456 nostro
621 2394 739 2457 abludit
758 2396 908 2474 instituto,
929 2395 1000 2474 lege
1016 2395 1117 2476 igitur,

195 2479 221 2539 si
250 2477 479 2559 magnificentia
512 2487 565 2539 tna
593 2499 656 2540 non
688 2478 886 2560 dedignetur,
927 2477 1000 2558 quid
1028 2476 1117 2540 nobis

198 2563 293 2623 virum
316 2563 373 2622 Dei
396 2561 576 2641 oonoiliarit,
599 2570 630 2623 et
652 2571 803 2642 quatenus
825 2561 991 2623 Lutherani
1014 2562 1118 2623 simus.

194 2645 265 2706 Non
306 2654 354 2706 est
391 2645 473 2725 quod
508 2647 666 2726 suspioere
697 2647 884 2727 privatarum
919 2643 1118 2706 affectionum

195 2729 313 2807 studia,
345 2727 427 2789 haud
449 2737 535 2790 tanta
556 2730 634 2790 inter
655 2749 712 2791 nos
735 2729 925 2791 familiaritas
946 2727 1118 2806 intercedit,

196 2813 281 2873 nulla
303 2810 353 2872 hia
373 2812 476 2872 luoelli
498 2832 580 2893 spes,
602 2832 642 2873 ex
663 2813 903 2873 Mendioantium
923 2811 1042 2872 familia
1063 2817 1119 2887 est,

196 2895 403 2976 eleemosynis
434 2896 518 2960 vivit.
568 2896 629 2958 Sed
663 2896 876 2959 novandarum
915 2914 1018 2955 rerum
1062 2912 1119 2955 nos

196 2981 279 3060 oepit
302 2979 435 3059 oupido?
468 2998 531 3040 non
558 2979 613 3040 illa
641 2983 726 3062 paois
749 2986 780 3040 et
802 2979 989 3040 aonoordiae
1011 2977 1119 3039 distur-

196 3065 310 3142 batrix,
345 3066 401 3124 sed
429 3064 630 3125 consiliatrix.
683 3065 763 3141 Quia
791 3064 872 3124 enim
901 3061 998 3122 seouli
1029 3061 1119 3121 huius

194 3149 285 3211 ferrei
308 3149 444 3209 moribus
465 3148 539 3209 nihil
562 3159 610 3210 est
622 3149 830 3230 depravatius,
851 3146 926 3209 nihil
938 3146 1119 3224 corruptius,

196 3232 305 3313 quibus
328 3232 379 3293 bio
402 3232 516 3294 mederi
546 3255 602 3294 sua
623 3235 796 3296 eruditione
818 3234 935 3312 studet,
971 3233 1046 3293 dum
1067 3250 1119 3313 ps·

196 3336 265 3378 aem
286 3319 470 3396 annunciat,
493 3318 701 3380 obedientiam
723 3317 892 3397 praedicat,
915 3316 1119 3382 humilitatem

145 3458 147 3462 Α
197 3401 411 3480 sommendat,
444 3412 475 3462 et
507 3402 580 3462 nihil
609 3404 732 3464 invitius
761 3420 874 3483 agens,
911 3421 1005 3483 quarn
1038 3401 1119 3484 quod

195 3491 331 3563 teoum„
347 3494 378 3546 et
407 3504 477 3545 eum
506 3488 549 3546 tui
580 3487 728 3548 similibus
750 3487 881 3547 rixando
905 3485 1003 3548 bonas
1028 3487 1119 3548 horas

196 3569 278 3629 male
312 3568 441 3649 perdere
473 3571 603 3649 cogitur.
647 3571 865 3650 contemptum
897 3568 1119 3632 mundanarum

194 3670 312 3730 rerum,
345 3653 475 3734 gloriam
507 3653 703 3731 coelestium,
737 3654 959 3716 Christianismi
992 3671 1120 3734 seopum

196 3734 326 3797 subinde
348 3741 507 3816 monstrat,
528 3737 728 3801 ambitionem
751 3745 938 3816 exsecratur,
959 3739 1120 3813 avaritiam
