2346 4208
408 261 567 316 chlotarii·
588 269 713 332 excepta
994 253 1035 320 29

365 484 368 489 ·
442 451 483 511 Μ.
507 449 746 511 Βυῒὴθτιιε.ᾲ
985 496 990 503 .

178 533 389 595 Monarchiam
403 534 554 595 ecclesiae
566 532 724 592 militantis
734 551 859 612 prorsus
877 530 1036 606 confiteor,

122 619 245 696 eiusque
267 623 362 697 caput
388 636 452 677 nou
474 617 648 693 hominem,
676 613 731 675 sed
753 614 906 675 Christum
927 615 1037 693 ipsum,
1127 664 1140 689 ,

121 699 211 779 idque
222 699 389 761 autoritate
402 699 514 759 diuina.
539 699 638 758 Prima
655 698 692 758 ad
709 696 848 761 Corinth.
865 702 917 760 15:
941 695 1037 776 Opor-

121 791 161 844 tet
180 783 268 843 illurn
290 800 431 864 regnare,
454 781 556 842 donec
576 787 673 861 ponat
691 799 798 841 omues
819 781 962 841 inimicos
983 778 1038 840 sub

121 865 248 946 pedibus
271 867 347 926 eius.
368 865 409 925 lit
429 865 523 945 paulo
537 873 623 925 aute:
647 863 767 924 Deinde
788 863 868 942 fluis,
890 881 958 923 curn
981 873 1039 923 tra-

121 948 230 1009 diderit
251 967 381 1029 regnum
397 948 464 1008 Deo
487 953 519 1008 et
531 948 623 1026 Patri,
646 955 679 1007 et
698 948 894 1007 evacuaverit
914 965 1037 1006 omnem

122 1032 336 1112 principatum.
352 1030 443 1106 Quod
454 1031 644 1111 Augustinus
656 1029 707 1090 lih.
721 1029 895 1091 ldeTrinit.
910 1028 1038 1108 ultcap.

123 1115 253 1195 exponit
276 1114 316 1176 de
336 1132 435 1194 reguo
457 1112 570 1174 Christi
605 1115 774 1194 praesentis
802 1115 966 1192 temporis,
996 1113 1041 1173 itu

122 1198 276 1274 videlicet,
298 1197 382 1276 quod
405 1197 552 1270 Christus,
575 1202 668 1275 caput
680 1196 848 1272 Ecclesiae,
871 1215 927 1276 per
948 1194 1039 1255 lldem

122 1281 285 1341 transferet
315 1298 390 1358 nos,
428 1281 478 1358 qui
501 1278 628 1359 reguum
652 1280 860 1356 eiussumus,
897 1297 953 1359 per
973 1297 1040 1359 spe·

121 1362 243 1440 cieml).
269 1363 321 1424 Sic
334 1362 482 1423 Matthaei
503 1362 573 1423 ult:
595 1359 679 1423 hicce
700 1380 759 1442 ego
782 1363 941 1423 vobiscum
964 1381 1040 1441 sum,

122 1465 218 1526 usque
241 1444 283 1506 ad
305 1448 602 1507 consummationem
626 1445 731 1505 seculi.
751 1445 844 1525 Item,
867 1446 997 1505 Actuum
1021 1447 1040 1507 9

124 1530 242 1591 audivit
264 1528 377 1589 Paulus
405 1529 444 1589 ds
473 1530 580 1589 coelo:
616 1526 724 1604 Saule,
753 1529 859 1606 Saule,
890 1527 963 1607 quid
986 1529 1041 1588 'me

54 1684 56 1693 Ι
123 1611 339 1693 persequeris?
362 1612 413 1673 uhi
435 1614 543 1672 iterum
566 1611 755 1692 Augustinus
779 1611 860 1690 dicit,
884 1620 974 1692 caput
998 1612 1041 1671 lo·

122 1698 169 1777 qui
192 1714 251 1776 pro
274 1695 419 1755 memhris
441 1696 514 1755 suis.

202 1777 308 1854 Quare
329 1791 455 1858 prorsus
477 1776 622 1837 audiendi
636 1794 698 1837 non
721 1785 800 1854 sunt,
823 1778 875 1856 qui
888 1777 1040 1838 Christum

122 1870 207 1922 extra
220 1862 385 1922 ecclesiam
396 1861 575 1920 militantem
595 1858 719 1920 trudunt
737 1862 767 1919 iu
790 1860 1038 1940 triumphantem,

123 1946 247 2005 sumsit
266 1962 395 2024 reguum
417 1942 499 2022 fldei,
521 1943 588 2003 hod
603 1948 659 2020 est,
682 1943 765 2022 quod
788 1951 882 2023 ceput
902 1949 1040 2004 nostrum

124 2047 186 2088 non
208 2025 351 2088 videmus
380 2036 411 2087 et
432 2035 535 2086 tamen
559 2025 723 2103 habemus,
750 2028 835 2086 iuxta
864 2026 938 2087 illud
961 2026 1041 2088 Peal.

125 2108 254 2193 122.²):
287 2110 351 2170 lllic
400 2110 545 2170 sederunt
580 2108 671 2168 sedes
708 2111 739 2168 in
783 2110 911 2185 iudicio,
951 2129 1043 2188 super

125 2195 248 2254 domum
272 2192 384 2270 David,
408 2193 522 2252 multae
535 2192 765 2268 scilicetsedes,
786 2193 940 2272 inquibus
965 2213 1041 2251 unus

124 2277 210 2337 sedet
226 2276 375 2336 Christus.
421 2276 516 2336 Sedes
539 2276 694 2353 videmus,
725 2295 786 2336 non
816 2295 969 2336 sessorem
993 2276 1041 2335 vel

122 2380 236 2421 reem.

153 2382 174 2441 g
203 2441 340 2502 Proinde
367 2441 405 2501 ad
430 2442 610 2502 autoritates
640 2441 756 2520 egregii
786 2441 822 2501 D.
844 2441 880 2503 D.
918 2443 1041 2501 venien·
1110 2493 1116 2498 .

124 2527 179 2604 do,
222 2525 347 2604 quando
391 2526 515 2601 asserit,
557 2527 586 2583 in
626 2524 757 2584 ecclesia
791 2525 940 2586 militante
973 2544 1042 2585 esse

124 2629 215 2669 uuum
238 2609 453 2688 principatum,
476 2608 581 2668 divino
604 2608 669 2666 iure
691 2614 722 2666 et
743 2627 761 2666 a
779 2606 900 2668 Christo
924 2610 1042 2667 institu-

125 2703 206 2774 tum,
229 2711 287 2751 sua
307 2690 397 2769 dicit,
421 2690 474 2750 sed
499 2691 573 2750 nihil
595 2691 714 2769 probat.
757 2691 835 2749 Nam
859 2692 1043 2770 primasius

127 2777 278 2846 autoritas
301 2774 403 2851 Pauli,
441 2775 582 2833 nimirum
605 2773 702 2853 Ephe.
726 2775 765 2848 4,
789 2791 867 2851 quae
890 2774 1043 2835 Christum

125 2865 216 2938 caput
228 2857 381 2918 ecclesiae
394 2856 477 2933 dicit,
500 2876 555 2936 pro
579 2876 628 2916 me
645 2863 751 2917 contra
768 2876 836 2916 eum
860 2858 951 2933 valet,
971 2877 1042 2937 curn

125 2942 295 3002 certissime
312 2941 453 3019 loquatur
473 2940 515 3000 ibi
538 2940 719 2999 deecclesia
734 2941 892 3015 milita-nte,
916 2949 946 3001 et
959 2941 1042 3001 Chri-

124 3035 202 3084 stum
216 3023 355 3104 appellat
373 3024 437 3082 eius
455 3030 555 3102 caput.
590 3023 645 3083 Est
662 3025 753 3083 ctiam
767 3023 875 3083 eadem
890 3026 1043 3083 sententia

126 3108 278 3168 contraria
291 3106 373 3181 huic,
398 3112 424 3170 1.
439 3106 576 3167 Corinth.
590 3109 633 3169 3.:
657 3106 736 3179 Quid
753 3113 801 3165 est
812 3107 948 3186 Apollo?
971 3106 1042 3184 quid

126 3191 267 3269 Cephea?
297 3188 369 3268 quid
399 3189 531 3249 Paulus?
566 3189 689 3248 Divisus
713 3197 760 3248 est
792 3189 949 3249 Christus?
986 3198 1044 3251 ete.

126 3274 173 3334 uhi
198 3273 362 3333 marrifeste
385 3273 527 3352 prohibet
548 3272 630 3331 aliud
653 3280 745 3351 caput
768 3291 857 3349 quarn
882 3271 1044 3331 Christum.

210 3355 354 3416 Secunda
375 3357 439 3425 eius
469 3357 617 3416 autoritas
641 3354 752 3416 Johan.
779 3359 810 3417 5:
849 3356 919 3415 Non
941 3362 1046 3434 potest

131 3440 220 3499 Filius
243 3440 346 3499 iacere
369 3438 533 3517 quidquam
557 3439 615 3497 uisi
636 3438 718 3516 quod
732 3438 841 3497 viderit
862 3445 980 3517 patrem
1003 3437 1045 3496 ia-

127 3525 268 3597 cientem,
292 3541 393 3601 neque
415 3521 607 3582 deecclesia
629 3521 794 3596 militante,
823 3540 923 3600 neque
946 3523 1046 3580 trium·

200 3791 230 3853 l)
253 3787 434 3841 inedies:
466 3789 501 3841 ad
528 3790 658 3857 speciem.
695 3787 727 3855 2)
751 3788 780 3840 ln
800 3787 842 3844 ed.
872 3787 959 3857 orig:
987 3785 1050 3840 lla.
