2346 4208
202 250 265 318 192
391 253 549 323 Disputatio
569 250 676 324 Lipsiae
698 251 790 307 bubita
807 269 833 308 a.
851 253 917 307 XIX

202 447 235 501 et
256 441 353 503 nostri
375 439 603 519 praedicatores
626 448 658 502 et
679 439 825 501 doctores
851 460 1011 523 nunquam
1033 460 1121 523 negu-

203 530 320 599 vsrunt,
344 524 416 602 quio
437 525 519 585 Deus
541 523 707 604 aspirando
732 524 902 604 praevenit.
1162 540 1166 575 .·

285 606 448 666 Praeterea
485 607 684 667 Aristotelem
716 625 779 667 non
809 606 873 666 vult
899 613 1065 687 arreptura
1089 606 1118 667 in

203 688 323 751 Scholis
345 688 544 770 theologicis,
572 696 604 749 et
630 696 733 750 tamen
761 688 855 749 audet
882 707 953 751 eum
975 688 1051 751 mibi
1070 706 1119 771 op·

126 786 130 793 ·
201 791 327 853 ponere.
361 770 422 832 Sed
442 772 512 833 dioo
535 779 729 833 constantem
751 790 821 832 osse
839 771 1034 857 sthnioorum
1055 790 1119 835 ssu·

202 857 346 933 tentiam,
374 855 511 916 sistendo
540 858 571 915 in
599 855 709 916 timore
729 873 851 935 poenae
879 873 943 916 non
965 872 1038 917 osso
1057 872 1117 937 par

201 940 313 999 l'eotam
334 938 487 1016 virtutem,
508 939 593 998 iuxta
615 937 707 998 illud:
738 936 876 999 Oderunt
896 955 1031 1019 peooars
1052 938 1117 999 muli
1151 946 1166 1023 “g

201 1020 366 1082 formidine
398 1039 537 1102 poenus,
571 1019 703 1081 oderunt
724 1039 854 1100 pensare
880 1020 975 1101 boni,
1004 1021 1116 1083 virtutis
1149 1030 1166 1091 t

203 1122 309 1164 amore
332 1111 391 1163 eto.
433 1103 500 1163 Neo
521 1122 599 1184 opus
622 1103 740 1164 virtutis
764 1103 857 1164 debet
877 1122 947 1164 esso
970 1110 1117 1181 oosotuut,
1157 1106 1166 1187 ξ

202 1187 257 1246 sed
279 1187 415 1246 liberum.
445 1186 537 1246 Aliud
558 1194 661 1246 tamen
684 1194 732 1246 est
751 1186 879 1247 liberum
900 1186 1060 1249 arbitrium
1078 1188 1118 1249 in·
1158 1196 1166 1243 r·

203 1270 283 1348 duel,
305 1268 387 1328 aliud
410 1280 457 1329 est
471 1269 598 1329 liberum
613 1270 769 1330 arbitrium
792 1271 872 1350 oogi.
895 1270 1019 1351 Fateor,
1040 1268 1118 1331 (ilui-
1157 1316 1160 1321 -

201 1361 266 1413 stus
288 1351 448 1413 benevolis
469 1352 571 1414 verbis
594 1353 718 1414 vocavit
738 1353 916 1433 apostolos,
936 1352 1119 1431 ussum

202 1434 425 1516 Magdalenam.
471 1434 532 1495 Sed
560 1436 660 1514 ipsum
682 1434 849 1513 aliquando
872 1434 977 1496 durius
999 1454 1118 1511 vosoro,

202 1518 315 1578 laetum
336 1517 422 1577 Pauli
453 1518 542 1579 nobis
564 1519 679 1597 innuit,
713 1517 836 1597 dequo
859 1518 1052 1599 Augustinus
1080 1518 1120 1579 au
1157 1520 1166 1573 ⁴.

202 1604 252 1665 23.
275 1603 549 1682 quaestuosa:
580 1599 665 1675 Quis.
687 1600 743 1660 Oui
766 1600 903 1661 Christus
927 1602 989 1661 vim
1012 1602 1099 1663 intuli

203 1704 293 1764 quem
316 1685 440 1763 coegit,
475 1692 507 1743 ot
526 1685 558 1742 in
579 1683 796 1765 Evangelio*)
826 1683 1054 1747 devocatione
1147 1678 1166 1747 ,ἶ

202 1786 331 1828 ooenam
354 1766 441 1826 dioit:
465 1766 625 1847 Compelle
647 1768 770 1826 intrare.
793 1766 879 1828 Siout
897 1765 1038 1849 pluribus
1060 1774 1120 1829 vor·
1161 1778 1166 1793 '

202 1851 247 1911 bis
275 1850 310 1912 B.
333 1849 501 1928 Gregorius
529 1850 561 1908 in
590 1849 717 1909 homilia
746 1850 952 1930 prosequitur.
1008 1850 1121 1931 Tassat
1164 1878 1166 1919 :

202 1952 287 2013 ergo,
299 1951 426 2012 quaeso,
447 1931 635 1992 reverendus
645 1933 742 2010 Pater,
765 1932 865 1994 solum
885 1931 1119 1997 benevolentem
1162 1934 1166 2005 ζ

201 2015 333 2077 afferens
356 2016 560 2075 vocationem.

281 2099 448 2158 Praeterea
470 2097 571 2158 solum
593 2099 735 2158 timorem
758 2096 884 2158 filialem
909 2096 1119 2161 ¹necessarium
1162 2134 1166 2161 ι.

199 2181 361 2242 arbitratur
382 2182 564 2260 poenitenti,
586 2180 626 2240 de
647 2199 708 2259 quo
731 2182 894 2261 plurimum
919 2184 1030 2264 miror,
1053 2202 1118 2245 oum

198 2265 292 2325 hodie
314 2284 363 2324 me
384 2262 424 2323 ad
439 2274 542 2324 veram
561 2264 782 2344 Soripturarum
805 2264 1042 2346 intelligentiam
1059 2284 1119 2329 ruo·

201 2349 315 2426 ruerit,
347 2346 429 2426 quod
452 2349 605 2426 seipsum
629 2348 729 2426 primo
751 2365 813 2407 non
836 2348 1031 2429 emendarit,
1052 2368 1118 2411 uam

200 2439 231 2491 et
255 2432 287 2491 B.
311 2431 499 2510 Augustinus
522 2432 552 2490 in
577 2430 646 2491 looo
678 2430 771 2491 hodie
792 2430 928 2525 allegato
958 2450 1053 2512 super
1070 2432 1117 2495 lo

200 2514 305 2575 banne
327 2514 461 2593 loquitur
482 2512 521 2572 de
543 2515 653 2574 timore
675 2514 789 2595 servili,
811 2533 902 2595 quem
925 2514 1009 2575 foras
1033 2516 1118 2577 mittit

200 2600 330 2676 caritas,
359 2608 391 2657 et
417 2595 456 2656 de
476 2596 530 2656 illo
553 2595 627 2656 dioit
656 2596 741 2676 loqui
770 2597 963 2677 Sapientem:
998 2596 1117 2661 Initium

198 2681 369 2762 sapientiae
391 2681 481 2740 timor
503 2679 636 2741 Domini.
681 2678 721 2739 Et
747 2682 790 2741 ita
819 2680 858 2740 de
880 2682 990 2742 timore
1018 2680 1117 2743 servili

199 2765 353 2825 intellexit
372 2763 479 2844 glossa
500 2781 592 2842 super
614 2761 759 2841 Psal.*):
802 2765 926 2825 Initium
949 2764 1116 2846 sapiemus

199 2858 257 2911 eto.
299 2850 398 2909 Metus
419 2845 523 2906 iudioii
543 2848 636 2905 ianua
657 2852 705 2906 est
724 2848 936 2908 conversionis
957 2847 998 2909 ad
1013 2848 1117 2925 Deum,

201 2944 232 2994 et
253 2944 296 2993 est
320 2933 426 3012 glossa
438 2929 625 2990 Cassiodori.
648 2928 699 2989 Sic
712 2931 818 3010 glossa
839 2949 930 3011 super
950 2931 1027 2993 illud
1040 2934 1115 3015 Apo

199 3018 271 3077 stoli
300 3016 339 3075 ad
360 3015 469 3075 Romu.
492 3014 526 3076 8:
568 3013 638 3073 Non
672 3016 753 3073 enirn
788 3014 952 3094 aouepistis
982 3017 1115 3097 spiritum

200 3100 354 3161 servitutis
381 3099 413 3157 in
441 3100 565 3175 timore,
599 3097 673 3157 dioit
704 3099 845 3158 timorem
877 3098 1024 3159 servilem
1053 3114 1115 3161 osse

201 3188 316 3249 bonum
337 3193 369 3245 et
389 3203 409 3244 a
424 3183 501 3244 Deo.
543 3180 595 3243 Sio
616 3182 727 3241 Paulus
749 3187 877 3243 testatur
897 3182 984 3243 illum
1005 3182 1113 3247 bonum

202 3274 230 3333 1.
253 3269 385 3333 Timoth.
408 3274 442 3334 5:
465 3267 648 3327 Peooantem
671 3285 775 3329 eoram
799 3265 940 3326 omnibus
962 3286 1068 3349 argus,
1087 3272 1114 3327 ut

200 3363 232 3415 et
261 3356 353 3415 ceteri
377 3356 514 3414 timorem
550 3351 693 3413 habeant.
737 3351 783 3411 lta
805 3353 995 3432 Augustinus
1030 3368 1113 3495 sugg

200 3438 329 3498 Psalmis
351 3440 402 3515 ait,
426 3445 457 3496 et
478 3434 699 3516 Longobardus
721 3455 791 3497 eum
814 3445 935 3496 enarrat
955 3438 988 3496 in
1005 3438 1041 3501 3:
1102 3466 1110 3477 ·

201 3541 269 3582 mor
290 3522 409 3581 servilis
422 3526 478 3597 est,
501 3539 569 3580 oum
580 3539 636 3599 per
648 3519 789 3582 timorem
803 3519 968 3600 gehennae
982 3524 1110 3585 eontinet

238 3802 268 3868 *l
288 3800 377 3854 Lucae
398 3801 439 3855 14.
477 3800 523 3866 “)
543 3800 645 3855 Psalm.
667 3802 725 3853 ltl.
