2346 4208
134 221 198 288 350
443 226 601 296 Disputstio
620 228 705 285 1111.
723 227 756 286 L.

155 415 204 477 92.
227 412 317 474 Nunc
338 432 412 475 vero
445 419 477 474 et
498 414 553 475 viri
576 422 712 496 vovent,
748 423 780 477 et
812 417 846 477 in
875 426 1043 500 perpetuum

135 503 311 573 voventur
332 497 419 576 pueri
441 499 501 556 sint
523 517 654 577 semper.
897 562 901 569 ,

155 582 205 644 03.
228 579 294 640 Etsi
315 580 407 659 igitur
429 580 562 641 vovendi
585 580 729 660 studium,
752 582 804 662 pio
829 581 905 646 fidei
927 588 1043 666 1111111-

134 663 260 722 noxium
279 680 349 721 esse
372 669 485 741 potest.

155 745 205 808 94.
229 745 319 805 Vitae
341 750 445 805 tamen
471 746 573 825 ipsum
600 765 718 826 genus,
755 748 837 810 sicut
869 750 950 832 legis
983 752 1043 831 vita

133 834 252 908 pugnat
274 827 384 906 cum¹)
409 828 572 908 evangelio
596 835 628 889 et
649 829 891 911 christianismo,

155 912 203 975 95.
225 909 267 970 Et
288 928 371 971 mors
393 920 426 973 et
447 911 529 972 mola
564 911 670 972 mundi
700 913 784 975 bono
820 914 896 976 iidci
920 936 977 979 usu
1008 919 1043 978 in-

133 993 227 1054 noxia
252 1011 321 1054 esse
341 1002 481 1072 possunt.
508 1003 509 1007 ’

155 1079 204 1142 96.
224 1075 341 1136 Natura
362 1081 465 1136 11111111
488 1095 544 1137 suo
564 1084 706 1158 pugnant
727 1077 881 1141 adversus
908 1083 1043 1162 pietaten

133 1166 165 1223 et
187 1158 360 1221 ecclesiam.
668 1155 673 1165 '

153 1243 204 1306 07.
228 1239 319 1315 Quod
342 1261 417 1322 ergo
440 1241 573 1302 ecclesia
601 1243 694 1303 sentit
724 1242 763 1304 de
786 1254 889 1308 morte
911 1254 946 1308 et
966 1249 1043 1309 malis

133 1325 248 1404 mundi,
269 1325 331 1385 hoo
352 1324 392 1384 de
413 1325 494 1385 votis
517 1331 548 1384 et
561 1324 761 1404 religionibus
776 1330 975 1391 sentiendum
996 1339 1043 1393 aar.

153 1413 202 1476 98.
226 1407 395 1486 Utrobique
417 1408 498 1467 enim
520 1426 583 1469 non
605 1409 737 1488 iustitia,
770 1408 828 1472 sed
850 1412 1000 1476 libertatis
1019 1424 1045 1476 et

131 1494 266 1554 iustitiae
287 1511 359 1551 usus
382 1495 414 1550 et
435 1490 614 1551 exercitium
636 1509 705 1552 case
726 1499 841 1571 potest

152 1575 374 1642 9911111111
398 1592 483 1634 error
503 1573 673 1633 animarum
696 1575 874 1654 perdendus
898 1586 968 1656 est,
999 1581 1042 1660 qui

131 1666 205 1721 vota
226 1677 282 1738 pro
306 1677 339 1718 re
362 1655 444 1717 bona
466 1661 497 1715 et
518 1657 600 1716 iusta
622 1657 767 1735 sequitur.

131 1749 202 1810 100.
224 1743 265 1804 Et
286 1759 368 1802 mors
391 1738 518 1817 lucrum,
540 1745 686 1803 etvotum
707 1740 825 1802 luorum
840 1748 900 1820 est,
923 1745 950 1804 ai
971 1750 1043 1805 ntro·

129 1827 206 1890 libet
226 1825 364 1907 legitime
386 1823 490 1884 utaris.

131 1915 201 1978 101.
224 1909 264 1970 Et
292 1925 375 1967 mors
407 1903 556 1986 perditio,
577 1908 619 1983 get
639 1911 743 1966 votum
767 1905 904 1987 perditio
930 1917 993 1989 eet,
1022 1910 1043 1969 ai

129 1992 275 2056 utrolibet
296 2008 441 2070 perverse
462 1986 606 2049 abutaris.

130 2079 198 2144 102.
222 2076 335 2137 Omnia
355 2073 440 2134 enim.
464 2071 579 2132 sanctis
612 2071 643 2130 in
667 2069 797 2150 bonurn,
831 2073 941 2156 impiis
976 2093 1042 2136 varo

130 2161 235 2222 omnia
255 2161 287 2218 in
309 2156 422 2216 malum
446 2161 661 2234 cooperentur.

129 2245 199 2309 103.
226 2243 269 2303 At
289 2238 382 2300 hodie
404 2236 496 2299 fidem
520 2246 550 2298 et
571 2257 659 2297 usum
681 2236 764 2298 hune
784 2238 863 2300 nulli
877 2239 976 2301 ferme
996 2240 1041 2301 dc·

30 2387 35 2396 ,
128 2333 200 2387 cent
221 2324 368 2402 religiosi.

129 2412 199 2473 104.
219 2404 352 2468 Proinde
374 2402 569 2464 damnandae
591 2407 621 2462 et
643 2401 854 2482 prohibendae
878 2407 1041 2466 1111111111-

126 2512 237 2554 versae
256 2491 433 2570 religiones.

128 2580 198 2642 105.
221 2576 286 2635 lmo
319 2591 398 2633 cum.
418 2569 574 2630 contraria
609 2566 759 2647 doceant,
790 2576 862 2631 sunt
884 2572 1042 2653 fugiendae

125 2662 204 2720 sicut
226 2655 396 2739 prostibula
417 2651 549 2733 publica.

126 2746 196 2808 100.
218 2739 413 2802 Contrarium
436 2735 516 2796 enirn
541 2739 587 2795 est
608 2733 737 2812 docere,
770 2735 944 2816 religiones
981 2757 1041 2800 esse

124 2826 218 2884 vitam
242 2821 439 2883 consiliorum
462 2817 542 2878 ultra
564 2823 739 2896 praecepta.

126 2909 194 2972 107.
219 2905 410 2966 Contrarium
434 2907 482 2961 est
503 2899 632 2978 dooere,
664 2899 832 2980 religiones
855 2921 929 2963 csse
952 2909 1040 2966 status

124 2988 332 3067 perfectionis.

124 3072 194 3136 108.
218 3069 429 3144 Contrarium,
450 3067 513 3127 imo
535 3063 723 3127 horrendum
753 3072 802 3125 eat
823 3066 960 3150 docere,
981 3071 1041 3132 reli·

123 3155 233 3234 giones
257 3173 326 3214 esse
348 3169 440 3230 supra
463 3167 657 3208 communem
680 3148 773 3208 vitam
787 3147 1041 3216 Christianorum.

124 3240 194 3302 109.
217 3237 303 3296 Haec
324 3254 393 3295 cum
417 3234 478 3291 sint
499 3233 602 3311 capita
622 3230 780 3292 doctrinae
804 3252 935 3314 eorum,
973 3237 1041 3298 nihil

122 3319 301 3380 sceleratius
322 3319 452 3378 docetur
472 3315 502 3373 in
529 3315 613 3375 orbe.

122 3406 191 3467 110.
214 3402 269 3462 His
292 3402 373 3462 enim
388 3403 531 3459 avertunt
547 3396 642 3458 corda
656 3395 816 3456 hominum
838 3419 860 3459 a
876 3400 950 3482 fide,
967 3423 1042 3466 com·

121 3487 204 3545 muni
227 3485 333 3545 salutis
357 3484 415 3560 via,
438 3480 478 3542 ad
502 3499 557 3540 sua
580 3480 768 3560 praecipitia.

122 3572 190 3631 111.
212 3568 287 3628 Ideo
312 3567 376 3627 eius
400 3563 556 3644 opinionis
587 3568 663 3624 vota
701 3581 757 3622 ceu
783 3572 916 3632 satanae
939 3574 1040 3634 ultime

119 3669 215 3731 opera
237 3648 388 3711 solvenda
409 3654 440 3708 et
461 3646 621 3726 perdenda
641 3650 722 3706 sunt.

191 3755 221 3825 1)
242 3753 274 3807 1¹¹
292 3753 334 3809 ed·
355 3754 425 3822 ⁰153·
447 3752 512 3809 ¹52¹
535 3765 625 3819 deest:
648 3776 722 3817 uum.
