<?xml version="1.0" encoding="UTF-8"?>
<!DOCTYPE html PUBLIC "-//W3C//DTD XHTML 1.0 Transitional//EN"
    "http://www.w3.org/TR/xhtml1/DTD/xhtml1-transitional.dtd">
<html xmlns="http://www.w3.org/1999/xhtml" xml:lang="en" lang="en">
 <head>
  <title>
</title>
<meta http-equiv="Content-Type" content="text/html;charset=utf-8" />
  <meta name='ocr-system' content='tesseract 3.04.00' />
  <meta name='ocr-capabilities' content='ocr_page ocr_carea ocr_par ocr_line ocrx_word'/>
</head>
<body>
  <div class='ocr_page' id='page_1' title='image "./dmartinilutheri04luthgoog_0603.png"; bbox 0 0 2346 4208; ppageno 0'>
   <div class='ocr_carea' id='block_1_1' title="bbox 188 250 940 323">
    <p class='ocr_par' dir='ltr' id='par_1_1' title="bbox 188 250 940 323">
     <span class='ocr_line' id='line_1_1' title="bbox 188 250 940 323; baseline -0.004 -16"><span class='ocrx_word' id='word_1_1' title='bbox 188 250 232 317; x_wconf 88' lang='lat'>80</span> <span class='ocrx_word' id='word_1_2' title='bbox 410 253 498 323; x_wconf 84' lang='lat' dir='ltr'>Epist.</span> <span class='ocrx_word' id='word_1_3' title='bbox 516 259 623 323; x_wconf 78' lang='lat' dir='ltr'>septem</span> <span class='ocrx_word' id='word_1_4' title='bbox 644 258 746 322; x_wconf 75' lang='lat' dir='ltr'>praest.</span> <span class='ocrx_word' id='word_1_5' title='bbox 766 252 891 307; x_wconf 84' lang='lat' dir='ltr'>virorum</span> <span class='ocrx_word' id='word_1_6' title='bbox 937 295 940 299; x_wconf 97' lang='lat'>.</span> 
     </span>
    </p>
   </div>
   <div class='ocr_carea' id='block_1_2' title="bbox 118 437 1151 2186">
    <p class='ocr_par' dir='ltr' id='par_1_2' title="bbox 118 437 1151 2186">
     <span class='ocr_line' id='line_1_2' title="bbox 186 437 1111 522; baseline -0.004 -20"><span class='ocrx_word' id='word_1_7' title='bbox 186 447 278 502; x_wconf 78' lang='lat' dir='ltr'>tenus</span> <span class='ocrx_word' id='word_1_8' title='bbox 302 439 357 503; x_wconf 92' lang='lat' dir='ltr'>tibi</span> <span class='ocrx_word' id='word_1_9' title='bbox 378 442 502 522; x_wconf 77' lang='lat' dir='ltr'>ignotus</span> <span class='ocrx_word' id='word_1_10' title='bbox 532 440 590 500; x_wconf 92' lang='lat' dir='ltr'>sim</span> <span class='ocrx_word' id='word_1_11' title='bbox 612 456 805 520; x_wconf 87' lang='lat' dir='ltr'>corporeque</span> <span class='ocrx_word' id='word_1_12' title='bbox 827 437 957 517; x_wconf 88' lang='lat' dir='ltr'>absens,</span> <span class='ocrx_word' id='word_1_13' title='bbox 977 445 1021 502; x_wconf 76' lang='grc' dir='ltr'>ιιιΙ</span> <span class='ocrx_word' id='word_1_14' title='bbox 1039 438 1111 500; x_wconf 85' lang='grc' dir='ltr'>ιιιίΙιί</span> 
     </span>
     <span class='ocr_line' id='line_1_3' title="bbox 190 522 1111 604; baseline -0.002 -19"><span class='ocrx_word' id='word_1_15' title='bbox 190 534 293 593; x_wconf 62' lang='lat' dir='ltr'>nmen</span> <span class='ocrx_word' id='word_1_16' title='bbox 322 524 696 604; x_wconf 85' lang='lat' dir='ltr'>notus‚licetnu1iquam</span> <span class='ocrx_word' id='word_1_17' title='bbox 725 525 819 586; x_wconf 70' lang='lat' dir='ltr'>maus.</span> <span class='ocrx_word' id='word_1_18' title='bbox 869 522 1014 602; x_wconf 82' lang='lat' dir='ltr'>Namque</span> <span class='ocrx_word' id='word_1_19' title='bbox 1038 540 1111 583; x_wconf 80' lang='lat' dir='ltr'>cnm</span> 
     </span>
     <span class='ocr_line' id='line_1_4' title="bbox 191 607 1112 681; baseline -0.002 -12"><span class='ocrx_word' id='word_1_20' title='bbox 191 616 224 669; x_wconf 86' lang='lat' dir='ltr'>ct</span> <span class='ocrx_word' id='word_1_21' title='bbox 254 608 341 681; x_wconf 90' lang='lat' dir='ltr'>multi</span> <span class='ocrx_word' id='word_1_22' title='bbox 373 614 406 668; x_wconf 91' lang='lat' dir='ltr'>et</span> <span class='ocrx_word' id='word_1_23' title='bbox 433 607 508 667; x_wconf 88' lang='lat' dir='ltr'>varii</span> <span class='ocrx_word' id='word_1_24' title='bbox 537 613 683 666; x_wconf 88' lang='lat' dir='ltr'>tractatus</span> <span class='ocrx_word' id='word_1_25' title='bbox 718 608 761 666; x_wconf 90' lang='lat' dir='ltr'>tui</span> <span class='ocrx_word' id='word_1_26' title='bbox 792 607 824 665; x_wconf 90' lang='lat' dir='ltr'>in</span> <span class='ocrx_word' id='word_1_27' title='bbox 852 626 962 666; x_wconf 89' lang='lat' dir='ltr'>manus</span> <span class='ocrx_word' id='word_1_28' title='bbox 990 613 1112 667; x_wconf 76' lang='lat' dir='ltr'>nostns</span> 
     </span>
     <span class='ocr_line' id='line_1_5' title="bbox 190 689 1114 770; baseline -0.002 -19"><span class='ocrx_word' id='word_1_29' title='bbox 190 693 325 767; x_wconf 83' lang='lat' dir='ltr'>veniant,</span> <span class='ocrx_word' id='word_1_30' title='bbox 348 710 387 750; x_wconf 84' lang='lat' dir='ltr'>ex</span> <span class='ocrx_word' id='word_1_31' title='bbox 409 691 608 769; x_wconf 91' lang='lat' dir='ltr'>quibussane</span> <span class='ocrx_word' id='word_1_32' title='bbox 631 696 729 749; x_wconf 88' lang='lat' dir='ltr'>totum</span> <span class='ocrx_word' id='word_1_33' title='bbox 752 696 792 769; x_wconf 85' lang='lat' dir='ltr'>te,</span> <span class='ocrx_word' id='word_1_34' title='bbox 814 692 882 769; x_wconf 89' lang='lat' dir='ltr'>quis</span> <span class='ocrx_word' id='word_1_35' title='bbox 896 691 939 750; x_wconf 93' lang='lat' dir='ltr'>sis</span> <span class='ocrx_word' id='word_1_36' title='bbox 954 697 986 751; x_wconf 89' lang='lat' dir='ltr'>et</span> <span class='ocrx_word' id='word_1_37' title='bbox 1003 689 1114 770; x_wconf 81' lang='lat' dir='ltr'>qualis,</span> 
     </span>
     <span class='ocr_line' id='line_1_6' title="bbox 191 771 1113 856; baseline -0.003 -21"><span class='ocrx_word' id='word_1_38' title='bbox 191 777 365 856; x_wconf 82' lang='lat' dir='ltr'>evestigare</span> <span class='ocrx_word' id='word_1_39' title='bbox 386 792 558 854; x_wconf 91' lang='lat' dir='ltr'>possumus.</span> <span class='ocrx_word' id='word_1_40' title='bbox 607 772 696 834; x_wconf 85' lang='lat' dir='ltr'>Unde</span> <span class='ocrx_word' id='word_1_41' title='bbox 717 771 766 851; x_wconf 85' lang='lat' dir='ltr'>fit,</span> <span class='ocrx_word' id='word_1_42' title='bbox 790 779 823 832; x_wconf 91' lang='lat' dir='ltr'>ut</span> <span class='ocrx_word' id='word_1_43' title='bbox 852 773 901 834; x_wconf 86' lang='lat' dir='ltr'>vel</span> <span class='ocrx_word' id='word_1_44' title='bbox 928 793 1023 835; x_wconf 90' lang='lat' dir='ltr'>unum</span> <span class='ocrx_word' id='word_1_45' title='bbox 1053 773 1113 833; x_wconf 86' lang='lat' dir='ltr'>boe</span> 
     </span>
     <span class='ocr_line' id='line_1_7' title="bbox 191 856 1112 936; baseline -0.002 -18"><span class='ocrx_word' id='word_1_46' title='bbox 191 861 224 918; x_wconf 91' lang='lat' dir='ltr'>in</span> <span class='ocrx_word' id='word_1_47' title='bbox 248 868 279 917; x_wconf 89' lang='lat' dir='ltr'>te</span> <span class='ocrx_word' id='word_1_48' title='bbox 302 859 454 933; x_wconf 88' lang='lat' dir='ltr'>miremur,</span> <span class='ocrx_word' id='word_1_49' title='bbox 477 857 661 935; x_wconf 87' lang='lat' dir='ltr'>quodinter</span> <span class='ocrx_word' id='word_1_50' title='bbox 683 863 729 916; x_wconf 91' lang='lat' dir='ltr'>tot</span> <span class='ocrx_word' id='word_1_51' title='bbox 750 857 951 936; x_wconf 87' lang='lat' dir='ltr'>evangelicae</span> <span class='ocrx_word' id='word_1_52' title='bbox 976 856 1112 918; x_wconf 79' lang='lat' dir='ltr'>veritatis</span> 
     </span>
     <span class='ocr_line' id='line_1_8' title="bbox 192 939 1115 1019; baseline 0.002 -18"><span class='ocrx_word' id='word_1_53' title='bbox 192 941 329 1002; x_wconf 86' lang='lat' dir='ltr'>aemulos</span> <span class='ocrx_word' id='word_1_54' title='bbox 352 940 523 1000; x_wconf 86' lang='lat' dir='ltr'>doctrinam</span> <span class='ocrx_word' id='word_1_55' title='bbox 546 939 659 999; x_wconf 80' lang='lat' dir='ltr'><strong>Christi</strong></span> <span class='ocrx_word' id='word_1_56' title='bbox 681 947 712 999; x_wconf 91' lang='lat' dir='ltr'>et</span> <span class='ocrx_word' id='word_1_57' title='bbox 733 940 937 1019; x_wconf 90' lang='lat' dir='ltr'>apostolicam</span> <span class='ocrx_word' id='word_1_58' title='bbox 965 940 1065 1001; x_wconf 73' lang='lat' dir='ltr'>libero</span> <span class='ocrx_word' id='word_1_59' title='bbox 1084 945 1115 1003; x_wconf 70' lang='lat' dir='ltr'>ot</span> 
     </span>
     <span class='ocr_line' id='line_1_9' title="bbox 118 1022 1113 1106; baseline 0.002 -27"><span class='ocrx_word' id='word_1_60' title='bbox 118 1075 120 1079; x_wconf 85' lang='lat'>.</span> <span class='ocrx_word' id='word_1_61' title='bbox 191 1023 314 1106; x_wconf 84' lang='lat' dir='ltr'>publica</span> <span class='ocrx_word' id='word_1_62' title='bbox 336 1023 514 1102; x_wconf 88' lang='lat' dir='ltr'>praedicare</span> <span class='ocrx_word' id='word_1_63' title='bbox 534 1040 728 1102; x_wconf 83' lang='lat' dir='ltr'><strong>nequaquam</strong></span> <span class='ocrx_word' id='word_1_64' title='bbox 743 1022 915 1098; x_wconf 77' lang='lat' dir='ltr'>addubites,</span> <span class='ocrx_word' id='word_1_65' title='bbox 933 1022 1048 1085; x_wconf 74' lang='lat' dir='ltr'>oblitas</span> <span class='ocrx_word' id='word_1_66' title='bbox 1068 1023 1113 1082; x_wconf 88' lang='lat' dir='ltr'>iu·</span> 
     </span>
     <span class='ocr_line' id='line_1_10' title="bbox 193 1105 1114 1187; baseline -0.001 -20"><span class='ocrx_word' id='word_1_67' title='bbox 193 1108 282 1168; x_wconf 83' lang='lat' dir='ltr'>terim</span> <span class='ocrx_word' id='word_1_68' title='bbox 302 1114 349 1166; x_wconf 93' lang='lat' dir='ltr'>tot</span> <span class='ocrx_word' id='word_1_69' title='bbox 371 1107 550 1184; x_wconf 73' lang='lat' dir='ltr'>calumnias,</span> <span class='ocrx_word' id='word_1_70' title='bbox 567 1105 780 1185; x_wconf 87' lang='lat' dir='ltr'>maledicaque</span> <span class='ocrx_word' id='word_1_71' title='bbox 795 1107 996 1187; x_wconf 89' lang='lat' dir='ltr'>plurimorum</span> <span class='ocrx_word' id='word_1_72' title='bbox 1011 1105 1114 1182; x_wconf 76' lang='lat' dir='ltr'>verbs,</span> 
     </span>
     <span class='ocr_line' id='line_1_11' title="bbox 192 1188 1129 1271; baseline 0.002 -23"><span class='ocrx_word' id='word_1_73' title='bbox 192 1188 312 1270; x_wconf 84' lang='lat' dir='ltr'>quibus,</span> <span class='ocrx_word' id='word_1_74' title='bbox 335 1190 482 1268; x_wconf 92' lang='lat' dir='ltr'>quidquid</span> <span class='ocrx_word' id='word_1_75' title='bbox 504 1207 567 1249; x_wconf 89' lang='lat' dir='ltr'>non</span> <span class='ocrx_word' id='word_1_76' title='bbox 591 1190 703 1269; x_wconf 89' lang='lat' dir='ltr'>placet,</span> <span class='ocrx_word' id='word_1_77' title='bbox 724 1190 808 1250; x_wconf 90' lang='lat' dir='ltr'>illico</span> <span class='ocrx_word' id='word_1_78' title='bbox 834 1188 1028 1250; x_wconf 89' lang='lat' dir='ltr'>haereticum</span> <span class='ocrx_word' id='word_1_79' title='bbox 1045 1206 1129 1271; x_wconf 27' lang='lat' dir='ltr'>csse,</span> 
     </span>
     <span class='ocr_line' id='line_1_12' title="bbox 193 1273 1114 1354; baseline -0.003 -19"><span class='ocrx_word' id='word_1_80' title='bbox 193 1279 326 1354; x_wconf 87' lang='lat' dir='ltr'>oportet,</span> <span class='ocrx_word' id='word_1_81' title='bbox 348 1275 488 1333; x_wconf 88' lang='lat' dir='ltr'>homines</span> <span class='ocrx_word' id='word_1_82' title='bbox 511 1285 613 1332; x_wconf 88' lang='lat' dir='ltr'>mente</span> <span class='ocrx_word' id='word_1_83' title='bbox 636 1274 781 1352; x_wconf 73' lang='lat' dir='ltr'>corrupti,</span> <span class='ocrx_word' id='word_1_84' title='bbox 803 1273 895 1333; x_wconf 90' lang='lat' dir='ltr'>etad</span> <span class='ocrx_word' id='word_1_85' title='bbox 920 1292 1016 1334; x_wconf 88' lang='lat' dir='ltr'>omns</span> <span class='ocrx_word' id='word_1_86' title='bbox 1037 1289 1114 1353; x_wconf 86' lang='lat' dir='ltr'>opus</span> 
     </span>
     <span class='ocr_line' id='line_1_13' title="bbox 193 1355 1113 1437; baseline -0.002 -19"><span class='ocrx_word' id='word_1_87' title='bbox 193 1357 308 1418; x_wconf 86' lang='lat' dir='ltr'>bonum</span> <span class='ocrx_word' id='word_1_88' title='bbox 330 1357 468 1437; x_wconf 81' lang='lat' dir='ltr'>reprobi,</span> <span class='ocrx_word' id='word_1_89' title='bbox 504 1374 566 1415; x_wconf 91' lang='lat' dir='ltr'>non</span> <span class='ocrx_word' id='word_1_90' title='bbox 588 1355 807 1436; x_wconf 64' lang='lat' dir='ltr'>intelligentes„</span> <span class='ocrx_word' id='word_1_91' title='bbox 827 1363 879 1433; x_wconf 79' lang='lat' dir='ltr'>(ut</span> <span class='ocrx_word' id='word_1_92' title='bbox 909 1357 1013 1417; x_wconf 85' lang='lat' dir='ltr'>vsrbis</span> <span class='ocrx_word' id='word_1_93' title='bbox 1042 1373 1113 1437; x_wconf 66' lang='lat' dir='ltr'>ape</span> 
     </span>
     <span class='ocr_line' id='line_1_14' title="bbox 191 1439 1115 1584; baseline 0.001 -85"><span class='ocrx_word' id='word_1_94' title='bbox 191 1440 266 1584; x_wconf 59' lang='lat' dir='ltr'>qtflqli</span> <span class='ocrx_word' id='word_1_95' title='bbox 288 1439 375 1522; x_wconf 84' lang='lat' dir='ltr'>utar)</span> <span class='ocrx_word' id='word_1_96' title='bbox 398 1457 499 1518; x_wconf 89' lang='lat' dir='ltr'>neque</span> <span class='ocrx_word' id='word_1_97' title='bbox 521 1457 600 1518; x_wconf 89' lang='lat' dir='ltr'>quae</span> <span class='ocrx_word' id='word_1_98' title='bbox 623 1441 797 1518; x_wconf 87' lang='lat' dir='ltr'>loquuntur,</span> <span class='ocrx_word' id='word_1_99' title='bbox 819 1457 923 1520; x_wconf 86' lang='lat' dir='ltr'>neque</span> <span class='ocrx_word' id='word_1_100' title='bbox 943 1439 1115 1518; x_wconf 76' lang='lat' dir='ltr'>dequibus</span> 
     </span>
     <span class='ocr_line' id='line_1_15' title="bbox 245 1528 1094 1584; baseline -0.004 -1"><span class='ocrx_word' id='word_1_101' title='bbox 245 1528 357 1584; x_wconf 89' lang='lat' dir='ltr'>rmant.</span> <span class='ocrx_word' id='word_1_102' title='bbox 586 1566 591 1573; x_wconf 74' lang='grc'><strong>.</strong></span> <span class='ocrx_word' id='word_1_103' title='bbox 856 1556 859 1563; x_wconf 83' lang='grc'><strong><em>·</em></strong></span> <span class='ocrx_word' id='word_1_104' title='bbox 1046 1542 1064 1555; x_wconf 90' lang='grc'>··</span> <span class='ocrx_word' id='word_1_105' title='bbox 1091 1544 1094 1553; x_wconf 92' lang='grc'><strong><em>·</em></strong></span> 
     </span>
     <span class='ocr_line' id='line_1_16' title="bbox 277 1605 1151 1685; baseline -0.002 -19"><span class='ocrx_word' id='word_1_106' title='bbox 277 1606 346 1666; x_wconf 80' lang='lat' dir='ltr'>&#39;ribi</span> <span class='ocrx_word' id='word_1_107' title='bbox 373 1605 506 1680; x_wconf 88' lang='lat' dir='ltr'>idcirco,</span> <span class='ocrx_word' id='word_1_108' title='bbox 535 1606 576 1665; x_wconf 89' lang='lat' dir='ltr'>mi</span> <span class='ocrx_word' id='word_1_109' title='bbox 608 1605 701 1666; x_wconf 85' lang='lat' dir='ltr'>irater</span> <span class='ocrx_word' id='word_1_110' title='bbox 735 1607 881 1685; x_wconf 80' lang='lat' dir='ltr'>blattina,</span> <span class='ocrx_word' id='word_1_111' title='bbox 917 1605 1116 1666; x_wconf 78' lang='lat' dir='ltr'>vehementer</span> <span class='ocrx_word' id='word_1_112' title='bbox 1141 1620 1151 1645; x_wconf 58' lang='grc' dir='ltr'><em>Ι</em></span> 
     </span>
     <span class='ocr_line' id='line_1_17' title="bbox 193 1687 1115 1769; baseline -0.005 -18"><span class='ocrx_word' id='word_1_113' title='bbox 193 1697 327 1769; x_wconf 78' lang='lat' dir='ltr'>maeque</span> <span class='ocrx_word' id='word_1_114' title='bbox 339 1688 531 1750; x_wconf 86' lang='lat' dir='ltr'>Christianae</span> <span class='ocrx_word' id='word_1_115' title='bbox 551 1690 658 1768; x_wconf 85' lang='lat' dir='ltr'>pietati</span> <span class='ocrx_word' id='word_1_116' title='bbox 679 1689 886 1769; x_wconf 81' lang='lat' dir='ltr'>congratulor,</span> <span class='ocrx_word' id='word_1_117' title='bbox 909 1690 961 1768; x_wconf 91' lang='lat' dir='ltr'>qni</span> <span class='ocrx_word' id='word_1_118' title='bbox 983 1705 1064 1747; x_wconf 89' lang='lat' dir='ltr'>nnus</span> <span class='ocrx_word' id='word_1_119' title='bbox 1084 1687 1115 1746; x_wconf 78' lang='lat' dir='ltr'>ia</span> 
     </span>
     <span class='ocr_line' id='line_1_18' title="bbox 194 1771 1115 1854; baseline -0.005 -19"><span class='ocrx_word' id='word_1_120' title='bbox 194 1773 360 1835; x_wconf 78' lang='lat' dir='ltr'>Germania</span> <span class='ocrx_word' id='word_1_121' title='bbox 381 1792 445 1832; x_wconf 89' lang='lat' dir='ltr'>non</span> <span class='ocrx_word' id='word_1_122' title='bbox 469 1781 532 1832; x_wconf 88' lang='lat' dir='ltr'>tam</span> <span class='ocrx_word' id='word_1_123' title='bbox 555 1775 708 1850; x_wconf 84' lang='lat' dir='ltr'>inventus,</span> <span class='ocrx_word' id='word_1_124' title='bbox 731 1792 822 1852; x_wconf 89' lang='lat' dir='ltr'>quam</span> <span class='ocrx_word' id='word_1_125' title='bbox 837 1781 976 1854; x_wconf 88' lang='lat' dir='ltr'>repertus</span> <span class='ocrx_word' id='word_1_126' title='bbox 997 1788 1043 1847; x_wconf 74' lang='lat' dir='ltr'>aa,</span> <span class='ocrx_word' id='word_1_127' title='bbox 1063 1771 1115 1850; x_wconf 86' lang='lat' dir='ltr'>qni</span> 
     </span>
     <span class='ocr_line' id='line_1_19' title="bbox 195 1853 1115 1935; baseline -0.004 -17"><span class='ocrx_word' id='word_1_128' title='bbox 195 1866 227 1917; x_wconf 85' lang='lat' dir='ltr'>st</span> <span class='ocrx_word' id='word_1_129' title='bbox 247 1857 361 1918; x_wconf 89' lang='lat' dir='ltr'>doceas</span> <span class='ocrx_word' id='word_1_130' title='bbox 383 1855 550 1934; x_wconf 84' lang='lat' dir='ltr'>aliquando</span> <span class='ocrx_word' id='word_1_131' title='bbox 573 1856 693 1916; x_wconf 87' lang='lat' dir='ltr'>sincere</span> <span class='ocrx_word' id='word_1_132' title='bbox 714 1874 795 1935; x_wconf 88' lang='lat' dir='ltr'>quae</span> <span class='ocrx_word' id='word_1_133' title='bbox 817 1855 961 1917; x_wconf 87' lang='lat' dir='ltr'>docenda</span> <span class='ocrx_word' id='word_1_134' title='bbox 983 1861 1065 1933; x_wconf 82' lang='lat' dir='ltr'>sant,</span> <span class='ocrx_word' id='word_1_135' title='bbox 1086 1853 1115 1914; x_wconf 93' lang='lat' dir='ltr'>id</span> 
     </span>
     <span class='ocr_line' id='line_1_20' title="bbox 193 1936 1116 2020; baseline -0.005 -19"><span class='ocrx_word' id='word_1_136' title='bbox 193 1947 253 2019; x_wconf 83' lang='lat' dir='ltr'>est,</span> <span class='ocrx_word' id='word_1_137' title='bbox 276 1940 376 2020; x_wconf 86' lang='lat' dir='ltr'>legam</span> <span class='ocrx_word' id='word_1_138' title='bbox 392 1938 503 2000; x_wconf 83' lang='lat' dir='ltr'>Christi</span> <span class='ocrx_word' id='word_1_139' title='bbox 516 1939 749 2019; x_wconf 84' lang='lat' dir='ltr'>priscorumque</span> <span class='ocrx_word' id='word_1_140' title='bbox 763 1939 887 2000; x_wconf 81' lang='lat' dir='ltr'>Petrum</span> <span class='ocrx_word' id='word_1_141' title='bbox 901 1957 1010 2020; x_wconf 79' lang='lat' dir='ltr'>puram</span> <span class='ocrx_word' id='word_1_142' title='bbox 1031 1936 1116 2012; x_wconf 72' lang='lat' dir='ltr'>ilhsp</span> 
     </span>
     <span class='ocr_line' id='line_1_21' title="bbox 195 2021 1116 2102; baseline -0.004 -18"><span class='ocrx_word' id='word_1_143' title='bbox 195 2033 227 2084; x_wconf 86' lang='lat' dir='ltr'>et</span> <span class='ocrx_word' id='word_1_144' title='bbox 251 2040 446 2102; x_wconf 88' lang='lat' dir='ltr'>nequaquam</span> <span class='ocrx_word' id='word_1_145' title='bbox 469 2021 609 2080; x_wconf 87' lang='lat' dir='ltr'>humanis</span> <span class='ocrx_word' id='word_1_146' title='bbox 633 2022 905 2084; x_wconf 78' lang='lat' dir='ltr'>adinventionibus</span> <span class='ocrx_word' id='word_1_147' title='bbox 927 2022 1116 2082; x_wconf 61' lang='lat' dir='ltr'>conunnne</span> 
     </span>
     <span class='ocr_line' id='line_1_22' title="bbox 195 2104 1116 2186; baseline -0.004 -18"><span class='ocrx_word' id='word_1_148' title='bbox 195 2114 259 2168; x_wconf 86' lang='lat' dir='ltr'>tum</span> <span class='ocrx_word' id='word_1_149' title='bbox 281 2106 482 2184; x_wconf 75' lang='lat' dir='ltr'>theologiam,</span> <span class='ocrx_word' id='word_1_150' title='bbox 503 2104 564 2164; x_wconf 90' lang='lat' dir='ltr'>beu</span> <span class='ocrx_word' id='word_1_151' title='bbox 585 2113 692 2166; x_wconf 90' lang='lat' dir='ltr'>nostra</span> <span class='ocrx_word' id='word_1_152' title='bbox 713 2113 816 2166; x_wconf 89' lang='lat' dir='ltr'>aetate</span> <span class='ocrx_word' id='word_1_153' title='bbox 835 2123 948 2186; x_wconf 85' lang='lat' dir='ltr'>magna</span> <span class='ocrx_word' id='word_1_154' title='bbox 969 2125 1010 2167; x_wconf 85' lang='lat' dir='ltr'>ex</span> <span class='ocrx_word' id='word_1_155' title='bbox 1032 2109 1116 2184; x_wconf 77' lang='lat' dir='ltr'>parte</span> 
     </span>
    </p>
   </div>
   <div class='ocr_carea' id='block_1_3' title="bbox 93 2187 1117 2268">
    <p class='ocr_par' dir='ltr' id='par_1_3' title="bbox 93 2187 1117 2268">
     <span class='ocr_line' id='line_1_23' title="bbox 93 2187 1117 2268; baseline -0.003 -18"><span class='ocrx_word' id='word_1_156' title='bbox 93 2220 95 2223; x_wconf 91' lang='lat'><em>·</em></span> <span class='ocrx_word' id='word_1_157' title='bbox 196 2195 421 2268; x_wconf 86' lang='lat' dir='ltr'>contemptam,</span> <span class='ocrx_word' id='word_1_158' title='bbox 450 2198 481 2247; x_wconf 90' lang='lat' dir='ltr'>et</span> <span class='ocrx_word' id='word_1_159' title='bbox 500 2187 670 2249; x_wconf 88' lang='lat' dir='ltr'>dehorteris</span> <span class='ocrx_word' id='word_1_160' title='bbox 701 2207 823 2268; x_wconf 88' lang='lat' dir='ltr'>quoque</span> <span class='ocrx_word' id='word_1_161' title='bbox 845 2189 884 2251; x_wconf 95' lang='lat' dir='ltr'>ab</span> <span class='ocrx_word' id='word_1_162' title='bbox 906 2189 1010 2267; x_wconf 89' lang='lat' dir='ltr'>bisce,</span> <span class='ocrx_word' id='word_1_163' title='bbox 1038 2205 1117 2267; x_wconf 84' lang='lat' dir='ltr'>quac</span> 
     </span>
    </p>
   </div>
   <div class='ocr_carea' id='block_1_4' title="bbox 122 3618 411 3681">
    <p class='ocr_par' dir='ltr' id='par_1_4' title="bbox 122 3618 411 3681">
     <span class='ocr_line' id='line_1_24' title="bbox 122 3618 411 3681; baseline -0.017 1"><span class='ocrx_word' id='word_1_164' title='bbox 122 3657 124 3661; x_wconf 33' lang='grc' dir='ltr'><em>ν</em></span> <span class='ocrx_word' id='word_1_165' title='bbox 200 3621 262 3681; x_wconf 88' lang='lat' dir='ltr'>iam</span> <span class='ocrx_word' id='word_1_166' title='bbox 280 3618 411 3677; x_wconf 85' lang='lat' dir='ltr'>fortasse</span> 
     </span>
    </p>
   </div>
   <div class='ocr_carea' id='block_1_5' title="bbox 193 2272 1123 3868">
    <p class='ocr_par' dir='ltr' id='par_1_5' title="bbox 196 2272 1117 2586">
     <span class='ocr_line' id='line_1_25' title="bbox 196 2272 1116 2352; baseline 0 -19"><span class='ocrx_word' id='word_1_167' title='bbox 196 2273 309 2333; x_wconf 80' lang='lat' dir='ltr'>Christi</span> <span class='ocrx_word' id='word_1_168' title='bbox 332 2272 460 2351; x_wconf 83' lang='lat' dir='ltr'>Spiritus</span> <span class='ocrx_word' id='word_1_169' title='bbox 482 2289 545 2330; x_wconf 89' lang='lat' dir='ltr'>nou</span> <span class='ocrx_word' id='word_1_170' title='bbox 569 2272 680 2351; x_wconf 89' lang='lat' dir='ltr'>probat</span> <span class='ocrx_word' id='word_1_171' title='bbox 701 2272 944 2352; x_wconf 87' lang='lat' dir='ltr'>usquesortasse</span> <span class='ocrx_word' id='word_1_172' title='bbox 965 2272 1116 2352; x_wconf 76' lang='lat' dir='ltr'>agnoscit</span> 
     </span>
     <span class='ocr_line' id='line_1_26' title="bbox 196 2355 1116 2432; baseline -0.002 -16"><span class='ocrx_word' id='word_1_173' title='bbox 196 2356 263 2416; x_wconf 83' lang='lat' dir='ltr'>Nec</span> <span class='ocrx_word' id='word_1_174' title='bbox 292 2355 415 2432; x_wconf 89' lang='lat' dir='ltr'>mirum,</span> <span class='ocrx_word' id='word_1_175' title='bbox 448 2374 516 2414; x_wconf 89' lang='lat' dir='ltr'>cum</span> <span class='ocrx_word' id='word_1_176' title='bbox 545 2355 577 2414; x_wconf 90' lang='lat' dir='ltr'>in</span> <span class='ocrx_word' id='word_1_177' title='bbox 610 2375 644 2414; x_wconf 89' lang='lat' dir='ltr'>se</span> <span class='ocrx_word' id='word_1_178' title='bbox 667 2356 803 2416; x_wconf 86' lang='lat' dir='ltr'>Christus</span> <span class='ocrx_word' id='word_1_179' title='bbox 831 2356 945 2416; x_wconf 91' lang='lat' dir='ltr'>divisus</span> <span class='ocrx_word' id='word_1_180' title='bbox 975 2375 1040 2416; x_wconf 90' lang='lat' dir='ltr'>non</span> <span class='ocrx_word' id='word_1_181' title='bbox 1070 2356 1116 2430; x_wconf 70' lang='lat' dir='ltr'>sit,</span> 
     </span>
     <span class='ocr_line' id='line_1_27' title="bbox 197 2439 1117 2520; baseline 0 -22"><span class='ocrx_word' id='word_1_182' title='bbox 197 2457 299 2519; x_wconf 89' lang='lat' dir='ltr'>neque</span> <span class='ocrx_word' id='word_1_183' title='bbox 320 2446 423 2518; x_wconf 90' lang='lat' dir='ltr'>potest</span> <span class='ocrx_word' id='word_1_184' title='bbox 445 2439 537 2499; x_wconf 89' lang='lat' dir='ltr'>hodie</span> <span class='ocrx_word' id='word_1_185' title='bbox 559 2439 653 2518; x_wconf 80' lang='lat' dir='ltr'>nolle,</span> <span class='ocrx_word' id='word_1_186' title='bbox 676 2439 759 2519; x_wconf 92' lang='lat' dir='ltr'>quod</span> <span class='ocrx_word' id='word_1_187' title='bbox 775 2448 914 2520; x_wconf 89' lang='lat' dir='ltr'>tempore</span> <span class='ocrx_word' id='word_1_188' title='bbox 935 2458 1011 2500; x_wconf 90' lang='lat' dir='ltr'>suae</span> <span class='ocrx_word' id='word_1_189' title='bbox 1032 2455 1117 2519; x_wconf 71' lang='lat' dir='ltr'>prae</span> 
     </span>
     <span class='ocr_line' id='line_1_28' title="bbox 198 2522 660 2586; baseline 0.009 -4"><span class='ocrx_word' id='word_1_190' title='bbox 198 2522 361 2582; x_wconf 72' lang='lat' dir='ltr'>dicationis</span> <span class='ocrx_word' id='word_1_191' title='bbox 383 2523 482 2582; x_wconf 90' lang='lat' dir='ltr'>voluit</span> <span class='ocrx_word' id='word_1_192' title='bbox 501 2530 534 2582; x_wconf 90' lang='lat' dir='ltr'>et</span> <span class='ocrx_word' id='word_1_193' title='bbox 556 2524 660 2586; x_wconf 85' lang='lat' dir='ltr'>suasit.</span> 
     </span>
    </p>

    <p class='ocr_par' dir='ltr' id='par_1_6' title="bbox 193 2606 1120 3353">
     <span class='ocr_line' id='line_1_29' title="bbox 280 2606 1119 2687; baseline -0.001 -20"><span class='ocrx_word' id='word_1_194' title='bbox 280 2606 325 2674; x_wconf 84' lang='lat' dir='ltr'>Te</span> <span class='ocrx_word' id='word_1_195' title='bbox 351 2608 456 2684; x_wconf 87' lang='lat' dir='ltr'>itaque</span> <span class='ocrx_word' id='word_1_196' title='bbox 488 2624 547 2687; x_wconf 88' lang='lat' dir='ltr'>ego</span> <span class='ocrx_word' id='word_1_197' title='bbox 582 2614 686 2685; x_wconf 87' lang='lat' dir='ltr'>tuapte</span> <span class='ocrx_word' id='word_1_198' title='bbox 719 2613 831 2687; x_wconf 88' lang='lat' dir='ltr'>sponte</span> <span class='ocrx_word' id='word_1_199' title='bbox 866 2613 1038 2667; x_wconf 89' lang='lat' dir='ltr'>currentem</span> <span class='ocrx_word' id='word_1_200' title='bbox 1065 2623 1119 2686; x_wconf 82' lang='lat' dir='ltr'>par</span> 
     </span>
     <span class='ocr_line' id='line_1_30' title="bbox 197 2689 1118 2772; baseline 0 -22"><span class='ocrx_word' id='word_1_201' title='bbox 197 2691 316 2751; x_wconf 89' lang='lat' dir='ltr'>viscera</span> <span class='ocrx_word' id='word_1_202' title='bbox 339 2689 574 2750; x_wconf 81' lang='lat' dir='ltr'>Christianitatis</span> <span class='ocrx_word' id='word_1_203' title='bbox 597 2710 726 2767; x_wconf 87' lang='lat' dir='ltr'>moneo,</span> <span class='ocrx_word' id='word_1_204' title='bbox 748 2692 860 2772; x_wconf 84' lang='lat' dir='ltr'>incito,</span> <span class='ocrx_word' id='word_1_205' title='bbox 888 2690 1032 2772; x_wconf 85' lang='lat' dir='ltr'>impello,</span> <span class='ocrx_word' id='word_1_206' title='bbox 1053 2707 1118 2769; x_wconf 72' lang='lat' dir='ltr'>grn-</span> 
     </span>
     <span class='ocr_line' id='line_1_31' title="bbox 193 2773 1117 2851; baseline -0.003 -17"><span class='ocrx_word' id='word_1_207' title='bbox 193 2777 272 2834; x_wconf 82' lang='lat' dir='ltr'>tiam</span> <span class='ocrx_word' id='word_1_208' title='bbox 294 2774 427 2848; x_wconf 83' lang='lat' dir='ltr'>Domini,</span> <span class='ocrx_word' id='word_1_209' title='bbox 451 2791 529 2851; x_wconf 90' lang='lat' dir='ltr'>quae</span> <span class='ocrx_word' id='word_1_210' title='bbox 551 2773 582 2831; x_wconf 90' lang='lat' dir='ltr'>iu</span> <span class='ocrx_word' id='word_1_211' title='bbox 606 2781 637 2833; x_wconf 89' lang='lat' dir='ltr'>te</span> <span class='ocrx_word' id='word_1_212' title='bbox 659 2784 715 2849; x_wconf 90' lang='lat' dir='ltr'>est,</span> <span class='ocrx_word' id='word_1_213' title='bbox 737 2773 777 2833; x_wconf 89' lang='lat' dir='ltr'>ad</span> <span class='ocrx_word' id='word_1_214' title='bbox 800 2776 929 2837; x_wconf 87' lang='lat' dir='ltr'>salutem</span> <span class='ocrx_word' id='word_1_215' title='bbox 953 2773 1117 2833; x_wconf 87' lang='lat' dir='ltr'>multorum</span> 
     </span>
     <span class='ocr_line' id='line_1_32' title="bbox 198 2855 1117 2939; baseline -0.001 -22"><span class='ocrx_word' id='word_1_216' title='bbox 198 2858 357 2938; x_wconf 83' lang='lat' dir='ltr'>negligere</span> <span class='ocrx_word' id='word_1_217' title='bbox 379 2856 452 2919; x_wconf 79' lang='lat' dir='ltr'>noli.</span> <span class='ocrx_word' id='word_1_218' title='bbox 487 2857 570 2916; x_wconf 89' lang='lat' dir='ltr'>Deus</span> <span class='ocrx_word' id='word_1_219' title='bbox 594 2863 624 2916; x_wconf 92' lang='lat' dir='ltr'>te</span> <span class='ocrx_word' id='word_1_220' title='bbox 639 2858 865 2938; x_wconf 86' lang='lat' dir='ltr'>speculatorem</span> <span class='ocrx_word' id='word_1_221' title='bbox 887 2876 980 2939; x_wconf 88' lang='lat' dir='ltr'>supcr</span> <span class='ocrx_word' id='word_1_222' title='bbox 1001 2855 1117 2937; x_wconf 78' lang='lat' dir='ltr'>populo</span> 
     </span>
     <span class='ocr_line' id='line_1_33' title="bbox 196 2939 1119 3016; baseline -0.001 -16"><span class='ocrx_word' id='word_1_223' title='bbox 196 2960 254 3001; x_wconf 88' lang='lat' dir='ltr'>auo</span> <span class='ocrx_word' id='word_1_224' title='bbox 278 2941 452 3016; x_wconf 89' lang='lat' dir='ltr'>constituit,</span> <span class='ocrx_word' id='word_1_225' title='bbox 488 2939 561 3002; x_wconf 87' lang='lat' dir='ltr'>huic</span> <span class='ocrx_word' id='word_1_226' title='bbox 582 2940 674 3002; x_wconf 81' lang='lat' dir='ltr'>saluti</span> <span class='ocrx_word' id='word_1_227' title='bbox 702 2946 877 3004; x_wconf 85' lang='lat' dir='ltr'>necessaria</span> <span class='ocrx_word' id='word_1_228' title='bbox 905 2961 967 3004; x_wconf 91' lang='lat' dir='ltr'>non</span> <span class='ocrx_word' id='word_1_229' title='bbox 990 2941 1119 3000; x_wconf 87' lang='lat' dir='ltr'>abscon-</span> 
     </span>
     <span class='ocr_line' id='line_1_34' title="bbox 199 3023 1118 3105; baseline 0 -22"><span class='ocrx_word' id='word_1_230' title='bbox 199 3025 265 3102; x_wconf 87' lang='lat' dir='ltr'>das,</span> <span class='ocrx_word' id='word_1_231' title='bbox 288 3024 352 3102; x_wconf 89' lang='lat' dir='ltr'>sed,</span> <span class='ocrx_word' id='word_1_232' title='bbox 375 3026 454 3082; x_wconf 90' lang='lat' dir='ltr'>sicut</span> <span class='ocrx_word' id='word_1_233' title='bbox 474 3023 561 3102; x_wconf 85' lang='lat' dir='ltr'>iacis,</span> <span class='ocrx_word' id='word_1_234' title='bbox 583 3024 614 3083; x_wconf 96' lang='lat' dir='ltr'>in</span> <span class='ocrx_word' id='word_1_235' title='bbox 637 3025 737 3085; x_wconf 88' lang='lat' dir='ltr'>lucem</span> <span class='ocrx_word' id='word_1_236' title='bbox 753 3027 900 3105; x_wconf 75' lang='lat' dir='ltr'>proferas.</span> <span class='ocrx_word' id='word_1_237' title='bbox 944 3023 1118 3104; x_wconf 79' lang='lat' dir='ltr'>Cognoscis</span> 
     </span>
     <span class='ocr_line' id='line_1_35' title="bbox 200 3108 1120 3190; baseline -0.003 -22"><span class='ocrx_word' id='word_1_238' title='bbox 200 3108 311 3168; x_wconf 81' lang='lat' dir='ltr'>Christi</span> <span class='ocrx_word' id='word_1_239' title='bbox 341 3126 467 3168; x_wconf 88' lang='lat' dir='ltr'>vocem:</span> <span class='ocrx_word' id='word_1_240' title='bbox 505 3126 598 3167; x_wconf 90' lang='lat' dir='ltr'>nemo</span> <span class='ocrx_word' id='word_1_241' title='bbox 628 3110 783 3169; x_wconf 88' lang='lat' dir='ltr'>lucernam</span> <span class='ocrx_word' id='word_1_242' title='bbox 812 3112 987 3173; x_wconf 86' lang='lat' dir='ltr'>accendens</span> <span class='ocrx_word' id='word_1_243' title='bbox 1020 3108 1120 3190; x_wconf 79' lang='lat' dir='ltr'>operit</span> 
     </span>
     <span class='ocr_line' id='line_1_36' title="bbox 199 3192 1118 3274; baseline 0.002 -21"><span class='ocrx_word' id='word_1_244' title='bbox 199 3211 269 3253; x_wconf 88' lang='lat' dir='ltr'>eam</span> <span class='ocrx_word' id='word_1_245' title='bbox 293 3211 375 3269; x_wconf 86' lang='lat' dir='ltr'>vase,</span> <span class='ocrx_word' id='word_1_246' title='bbox 399 3199 451 3250; x_wconf 92' lang='lat' dir='ltr'>aut</span> <span class='ocrx_word' id='word_1_247' title='bbox 473 3192 579 3251; x_wconf 86' lang='lat' dir='ltr'>subtus</span> <span class='ocrx_word' id='word_1_248' title='bbox 602 3192 715 3255; x_wconf 86' lang='lat' dir='ltr'>lectum</span> <span class='ocrx_word' id='word_1_249' title='bbox 738 3197 835 3273; x_wconf 88' lang='lat' dir='ltr'>ponit,</span> <span class='ocrx_word' id='word_1_250' title='bbox 858 3196 912 3258; x_wconf 89' lang='lat' dir='ltr'>sed</span> <span class='ocrx_word' id='word_1_251' title='bbox 934 3213 1028 3274; x_wconf 89' lang='lat' dir='ltr'>supra</span> <span class='ocrx_word' id='word_1_252' title='bbox 1050 3211 1118 3255; x_wconf 83' lang='lat' dir='ltr'>oan-</span> 
     </span>
     <span class='ocr_line' id='line_1_37' title="bbox 198 3276 878 3353; baseline 0.007 -15"><span class='ocrx_word' id='word_1_253' title='bbox 198 3276 368 3353; x_wconf 84' lang='lat' dir='ltr'>delabrum‚</span> <span class='ocrx_word' id='word_1_254' title='bbox 391 3283 425 3337; x_wconf 89' lang='lat' dir='ltr'>ut</span> <span class='ocrx_word' id='word_1_255' title='bbox 444 3278 594 3338; x_wconf 87' lang='lat' dir='ltr'>intrantes</span> <span class='ocrx_word' id='word_1_256' title='bbox 619 3277 743 3338; x_wconf 87' lang='lat' dir='ltr'>videant</span> <span class='ocrx_word' id='word_1_257' title='bbox 764 3278 878 3344; x_wconf 85' lang='lat' dir='ltr'>lumen.</span> 
     </span>
    </p>

    <p class='ocr_par' dir='ltr' id='par_1_7' title="bbox 200 3362 1123 3677">
     <span class='ocr_line' id='line_1_38' title="bbox 283 3362 1120 3442; baseline -0.001 -19"><span class='ocrx_word' id='word_1_258' title='bbox 283 3364 342 3424; x_wconf 89' lang='lat' dir='ltr'>Dei</span> <span class='ocrx_word' id='word_1_259' title='bbox 362 3363 505 3422; x_wconf 91' lang='lat' dir='ltr'>inimicos</span> <span class='ocrx_word' id='word_1_260' title='bbox 534 3362 746 3442; x_wconf 83' lang='lat' dir='ltr'>libertatisque</span> <span class='ocrx_word' id='word_1_261' title='bbox 775 3363 887 3424; x_wconf 85' lang='lat' dir='ltr'>Christi</span> <span class='ocrx_word' id='word_1_262' title='bbox 914 3362 1120 3439; x_wconf 71' lang='lat' dir='ltr'>adversarios,</span> 
     </span>
     <span class='ocr_line' id='line_1_39' title="bbox 201 3446 1119 3529; baseline -0.003 -21"><span class='ocrx_word' id='word_1_263' title='bbox 201 3457 234 3510; x_wconf 92' lang='lat' dir='ltr'>ut</span> <span class='ocrx_word' id='word_1_264' title='bbox 255 3450 401 3529; x_wconf 88' lang='lat' dir='ltr'>coepisti,</span> <span class='ocrx_word' id='word_1_265' title='bbox 437 3465 623 3528; x_wconf 83' lang='lat' dir='ltr'>persequere</span> <span class='ocrx_word' id='word_1_266' title='bbox 649 3454 682 3507; x_wconf 89' lang='lat' dir='ltr'>et</span> <span class='ocrx_word' id='word_1_267' title='bbox 712 3446 957 3527; x_wconf 89' lang='lat' dir='ltr'>comprehende,</span> <span class='ocrx_word' id='word_1_268' title='bbox 991 3465 1119 3525; x_wconf 89' lang='lat' dir='ltr'>quorum</span> 
     </span>
     <span class='ocr_line' id='line_1_40' title="bbox 200 3529 1123 3677; baseline -0.008 -82"><span class='ocrx_word' id='word_1_269' title='bbox 200 3554 262 3615; x_wconf 87' lang='lat' dir='ltr'>qus</span> <span class='ocrx_word' id='word_1_270' title='bbox 283 3536 313 3593; x_wconf 91' lang='lat' dir='ltr'>in</span> <span class='ocrx_word' id='word_1_271' title='bbox 337 3533 417 3593; x_wconf 90' lang='lat' dir='ltr'>coeli</span> <span class='ocrx_word' id='word_1_272' title='bbox 434 3538 526 3677; x_wconf 62' lang='lat' dir='ltr'>pqrte</span> <span class='ocrx_word' id='word_1_273' title='bbox 548 3550 611 3591; x_wconf 93' lang='lat' dir='ltr'>non</span> <span class='ocrx_word' id='word_1_274' title='bbox 634 3532 738 3592; x_wconf 90' lang='lat' dir='ltr'>omnia</span> <span class='ocrx_word' id='word_1_275' title='bbox 760 3529 852 3611; x_wconf 89' lang='lat' dir='ltr'>plena</span> <span class='ocrx_word' id='word_1_276' title='bbox 873 3537 962 3606; x_wconf 87' lang='lat' dir='ltr'>sunt,</span> <span class='ocrx_word' id='word_1_277' title='bbox 984 3529 1065 3590; x_wconf 90' lang='lat' dir='ltr'>adeo</span> <span class='ocrx_word' id='word_1_278' title='bbox 1091 3535 1123 3588; x_wconf 86' lang='lat' dir='ltr'>nt</span> 
     </span>
    </p>

    <p class='ocr_par' dir='ltr' id='par_1_8' title="bbox 195 3614 1122 3868">
     <span class='ocr_line' id='line_1_41' title="bbox 480 3614 1121 3693; baseline -0.009 -16"><span class='ocrx_word' id='word_1_279' title='bbox 480 3616 546 3677; x_wconf 89' lang='lat' dir='ltr'>risti</span> <span class='ocrx_word' id='word_1_280' title='bbox 568 3615 662 3675; x_wconf 86' lang='lat' dir='ltr'>verba</span> <span class='ocrx_word' id='word_1_281' title='bbox 678 3614 912 3693; x_wconf 89' lang='lat' dir='ltr'>compleantur,</span> <span class='ocrx_word' id='word_1_282' title='bbox 934 3619 965 3674; x_wconf 89' lang='lat' dir='ltr'>et</span> <span class='ocrx_word' id='word_1_283' title='bbox 988 3615 1121 3675; x_wconf 79' lang='lat' dir='ltr'>maxime</span> 
     </span>
     <span class='ocr_line' id='line_1_42' title="bbox 196 3697 1120 3784; baseline -0.008 -19"><span class='ocrx_word' id='word_1_284' title='bbox 196 3705 342 3784; x_wconf 89' lang='lat' dir='ltr'>qnidam:</span> <span class='ocrx_word' id='word_1_285' title='bbox 369 3698 749 3782; x_wconf 81' lang='lat' dir='ltr'>Surgentl’seudcchristi,</span> <span class='ocrx_word' id='word_1_286' title='bbox 771 3704 802 3758; x_wconf 89' lang='lat' dir='ltr'>et</span> <span class='ocrx_word' id='word_1_287' title='bbox 824 3697 1120 3779; x_wconf 82' lang='lat' dir='ltr'>Pseudoprophetas</span> 
     </span>
     <span class='ocr_line' id='line_1_43' title="bbox 195 3781 1122 3868; baseline -0.009 -17"><span class='ocrx_word' id='word_1_288' title='bbox 195 3796 234 3851; x_wconf 82' lang='lat' dir='ltr'>et</span> <span class='ocrx_word' id='word_1_289' title='bbox 253 3788 370 3850; x_wconf 85' lang='lat' dir='ltr'>dabunt</span> <span class='ocrx_word' id='word_1_290' title='bbox 389 3789 482 3868; x_wconf 80' lang='lat' dir='ltr'>signs</span> <span class='ocrx_word' id='word_1_291' title='bbox 501 3793 533 3848; x_wconf 90' lang='lat' dir='ltr'>et</span> <span class='ocrx_word' id='word_1_292' title='bbox 554 3786 695 3865; x_wconf 86' lang='lat' dir='ltr'>prodigia</span> <span class='ocrx_word' id='word_1_293' title='bbox 716 3783 755 3843; x_wconf 91' lang='lat' dir='ltr'>ad</span> <span class='ocrx_word' id='word_1_294' title='bbox 778 3781 987 3860; x_wconf 81' lang='lat' dir='ltr'>seducendos,</span> <span class='ocrx_word' id='word_1_295' title='bbox 1008 3784 1035 3842; x_wconf 90' lang='lat' dir='ltr'>si</span> <span class='ocrx_word' id='word_1_296' title='bbox 1057 3781 1122 3843; x_wconf 82' lang='lat' dir='ltr'>tissi</span> 
     </span>
    </p>
   </div>
   <div class='ocr_carea' id='block_1_6' title="bbox 0 0 1191 4208">
    <p class='ocr_par' dir='ltr' id='par_1_9' title="bbox 0 0 1191 4208">
     <span class='ocr_line' id='line_1_44' title="bbox 0 0 1191 4208; baseline 0 0"><span class='ocrx_word' id='word_1_297' title='bbox 0 0 1191 4208; x_wconf 95' lang='lat' dir='ltr'> </span> 
     </span>
    </p>
   </div>
  </div>
 </body>
</html>
