2346 4208
366 255 514 322 Quomodo
531 256 568 307 sit
588 252 734 309 orandum.
947 248 1009 315 445

174 443 249 508 ideo
285 448 388 503 cutem
411 459 549 519 oramus,
587 441 668 520 qood
707 441 799 520 digne
829 458 916 502 orare
947 458 1010 503 non

91 545 273 607 possumus,
301 532 332 585 et
352 524 424 585 ideo
447 525 531 604 digni
552 525 735 605 iudicamur,
764 525 816 603 qui
837 543 959 584 oremus
980 532 1012 584 st

88 610 308 689 exaudiamur,
336 606 420 687 quod
442 609 608 667 sentiamus
633 615 769 668 nostram
787 606 1010 687 indignitatem,

92 700 124 754 et
145 693 241 754 solius
260 693 316 751 [ici
340 692 528 770 benignitate
552 697 582 750 et
603 691 663 752 fide
685 690 863 751 audeamus.
907 689 1011 764 Quan-

92 777 205 840 tumvis
227 774 386 855 indignum
408 782 439 834 te
462 775 592 853 sentias,
626 776 676 854 qui
700 794 719 835 a
741 773 808 835 Deo
831 773 880 833 vel
906 780 1010 854 postu·

93 861 157 921 lere
190 858 304 937 aliquid
339 858 389 917 vel
422 858 563 936 accipere
595 859 757 935 merearis,
795 856 856 917 hoc
888 858 1010 917 unicum

92 949 211 1003 tautum
235 949 358 1020 specta,
379 947 412 1000 ut
432 941 551 1001 honore
572 958 686 1000 nomen
709 942 789 1016 eius,
812 939 893 1018 quod
918 959 1009 1000 verax

92 1027 148 1104 sit,
170 1023 304 1103 afficias,
325 1042 426 1103 neque
447 1023 645 1083 incredulitas
668 1032 721 1084 tua
740 1021 803 1082 fida
824 1025 920 1103 ipsius
942 1042 1010 1102 prc-
1054 1054 1056 1060 s

93 1109 188 1169 missa
208 1127 265 1188 prc
294 1107 456 1168 mendacio
479 1113 608 1186 reputet.
650 1107 758 1186 Neque
780 1107 859 1166 enim
882 1105 1011 1186 indigni·

92 1200 140 1252 tas
163 1199 215 1251 tua
236 1197 267 1251 te
290 1189 428 1270 impedit,
450 1192 527 1249 sicut
550 1207 672 1269 quoqne
690 1190 764 1250 nihil
788 1197 817 1250 tc
839 1197 1011 1268 promovet,

93 1277 119 1335 si
141 1275 184 1334 sis
197 1274 316 1355 dignus,
339 1273 395 1333 sed
417 1273 485 1333 sola
497 1273 699 1334 incredulitas
723 1281 752 1332 te
775 1272 914 1352 darnnat,
936 1272 1012 1333 fides

93 1364 196 1419 autem
220 1359 346 1438 dignum
370 1365 399 1416 te
420 1357 494 1416 facit
516 1366 547 1415 et
568 1363 671 1417 servet
691 1364 732 1418 tc.

177 1440 245 1501 Hoc
272 1442 363 1521 igitur
390 1439 553 1519 diligenter
580 1439 722 1519 cavebis,
751 1458 791 1499 ne
819 1446 1012 1518 unquam-te

95 1524 220 1605 dignum
254 1526 320 1584 sivo
351 1522 390 1583 ad
419 1520 610 1583 adorandum
641 1523 708 1583 sive
735 1522 775 1581 cd
798 1522 1012 1601 accipiendum

95 1609 269 1686 existimes,
292 1607 350 1666 nisi
373 1614 452 1684 tum,
482 1624 551 1665 cum
571 1606 686 1665 sentias
708 1614 853 1686 reposce
875 1613 940 1665 tuto
962 1625 1012 1665 au-

95 1691 178 1769 dere,
200 1698 231 1750 et
252 1691 340 1749 inuiti
363 1691 452 1750 certis
477 1707 514 1748 ac
526 1687 686 1750 veracibus
708 1689 867 1767 promissis
888 1688 1014 1767 propitii

96 1775 139 1834 tui
160 1774 233 1851 Dei,
273 1772 311 1833 de
343 1774 428 1832 cuius
464 1770 673 1831 misericordia
706 1789 745 1831 eo
776 1770 912 1830 debebas
944 1789 1013 1832 esse

96 1858 223 1934 certior,
258 1855 357 1935 quod,
387 1853 648 1934 quemadmodum
670 1855 812 1934 promisit
827 1853 953 1934 indigno
976 1872 1014 1914 ec

95 1941 248 2001 immerito
272 1939 325 1999 tibi
349 1958 383 1998 se
405 1938 478 1998 nihii
497 1946 688 2018 negaturum,
709 1937 753 1997 ita
766 1955 898 2016 quoque,
920 1955 1013 2015 quau-

97 2024 208 2084 tumvis
221 2022 365 2102 indignus
388 2023 439 2100 sis,
462 2022 608 2082 exaudire
630 2027 733 2081 tamen
757 2028 786 2080 te
798 2021 872 2102 vult,
897 2028 928 2078 ut
949 2020 1014 2079 red-

96 2110 171 2167 imat
191 2105 284 2166 tidem
308 2124 404 2183 suam,
426 2124 516 2184 quam
540 2105 594 2165 tibi
616 2104 709 2169 dedit.

181 2189 268 2249 Adeo
292 2189 367 2248 nihil
390 2189 501 2248 uostris
524 2189 639 2248 meritis
663 2193 716 2247 aut
727 2186 868 2268 dignitati
890 2197 1014 2247 nostrae

95 2274 234 2333 relictum
256 2280 311 2348 est,
334 2271 388 2332 sed
412 2273 516 2331 omnia
537 2271 595 2333 sibi
619 2271 792 2348 vendicant,
815 2280 877 2331 tum
899 2271 1013 2335 veritas

98 2358 171 2432 Dei,
199 2376 278 2436 quae
301 2355 554 2434 promissionibus
578 2355 737 2431 satisfacit,
759 2363 822 2414 tum
847 2355 938 2413 etiam
962 2359 1014 2413 mi-

97 2439 265 2500 sericordia
288 2440 360 2514 Dei,
393 2457 433 2497 ex
464 2456 526 2516 qua
555 2456 611 2497 ceu
641 2457 681 2497 ex
702 2437 787 2498 fonte
815 2457 923 2498 omues
947 2457 1014 2516 pro-

99 2525 261 2583 missiones
284 2527 460 2599 manarunt,
490 2527 610 2581 atrata
632 2527 757 2581 maneat
778 2522 930 2581 sententia
952 2520 1015 2598 ille,

99 2606 211 2668 Psalm.
234 2610 288 2669 25:
335 2606 504 2665 Universae
539 2605 609 2663 viae
642 2604 766 2663 Domini
806 2603 1017 2663 misericordia

99 2699 130 2750 et
152 2691 273 2750 veritas.
317 2688 556 2749 Misericordiam
598 2689 679 2747 enim
710 2688 862 2746 cernimus
890 2688 921 2745 in
948 2707 1016 2766 pro-

99 2773 305 2853 missionibus,
329 2773 487 2832 veritatem
501 2777 604 2830 autem
627 2776 700 2847 tum,
715 2788 782 2828 cum
806 2776 965 2829 servantur
987 2776 1018 2829 et

99 2856 184 2919 fiunt.
229 2855 268 2915 m
289 2856 399 2915 Psalm.
424 2857 477 2917 85:
513 2853 724 2914 Misericordia
756 2860 787 2913 et
823 2854 935 2912 veritas
965 2852 1016 2913 cb-

100 2941 259 2999 viaverunt
281 2939 353 3016 sibi,
386 2939 447 2998 hoo
469 2947 530 3014 est,
564 2939 752 2997 conveniunt
781 2944 811 2996 et
842 2943 1017 3015 cernuntur,

99 3024 283 3082 coniunctae
305 3024 335 3080 iu
361 3040 548 3100 unoquoque
570 3040 665 3100 opere
684 3028 738 3080 aut
760 3019 860 3097 dorio,
893 3019 976 3098 quod
999 3039 1016 3078 a

101 3107 166 3166 Deo
189 3105 330 3185 precibus
353 3107 464 3165 nostris
485 3107 693 3183 impetramus,

184 3189 309 3265 Quinto,
332 3189 384 3247 illa
407 3187 494 3265 fides,
517 3207 577 3266 qua
599 3188 656 3247 Dei
678 3186 932 3267 promissionibus
955 3204 1017 3244 cre-

100 3274 214 3351 dimus,
250 3275 294 3331 sic
315 3272 403 3331 nobis
428 3270 616 3332 moderanda
643 3278 704 3349 est,
743 3289 894 3348 nequem
919 3271 1018 3328 terrari-

100 3377 191 3434 num,
225 3365 359 3435 tempus,
392 3355 494 3415 locum
522 3361 574 3413 aut
596 3353 719 3414 modum
742 3354 810 3414 Dec
839 3361 1018 3427 statuamus,

101 3440 155 3500 sed
180 3441 283 3500 omnia
305 3437 359 3498 illa
381 3440 588 3516 relinquamus
605 3438 766 3516 voluntati,
790 3435 961 3516 sapientiae
982 3455 1020 3496 cc

102 3525 185 3583 omni
208 3524 364 3602 potentiae
386 3524 497 3602 ipsius,
522 3523 595 3581 certi
617 3521 692 3600 fore,
716 3528 748 3579 ut
769 3519 845 3581 fiant
866 3540 946 3599 quae
967 3538 1018 3600 pe·

99 3609 207 3686 timus,
242 3608 360 3665 etiamsi
383 3624 483 3684 neque
505 3606 601 3683 locus,
625 3623 726 3682 neque
749 3610 884 3683 tempus,
918 3621 1019 3681 neque

103 3693 195 3751 etiam
218 3693 307 3768 ratio,
331 3708 391 3767 qua
412 3688 495 3768 fient,
518 3696 675 3769 appareat.
718 3687 786 3746 Hoc
800 3689 880 3746 enim
903 3696 1019 3747 certum

102 3785 165 3854 est,
189 3775 322 3835 divinam
346 3775 528 3853 sapientiam
550 3772 644 3853 longe
666 3771 774 3832 meiius
794 3770 848 3831 illa
869 3790 962 3831 nosse
984 3789 1022 3829 oc
