2346 4208
365 257 400 314 de
419 263 552 329 mysterio
571 260 596 313 S.
615 261 766 316 Trinitatis.
964 254 1039 345 =473

120 462 205 508 mors
228 454 259 508 et
280 448 416 526 miseria,
438 445 592 508 servanda
611 453 667 526 est,
689 453 723 507 nt
744 464 853 528 paoem
876 447 965 508 istam
987 447 1039 510 ha·

120 529 258 594 beamus

186 615 235 680 38.
266 602 326 675 Sed
350 633 455 676 eoram
478 613 549 675 Deo
572 614 721 690 sciamus,
751 631 819 674 nos·
835 632 902 674 oum
926 615 1040 674 iustitia

121 702 227 758 nostra
255 697 349 778 legali
378 717 447 758 esse
476 701 608 775 stereus,
644 696 842 778 opprobrium
872 704 904 758 et
937 697 1040 758 confir-

121 782 815 841 sionem1

189 865 238 928 39
267 862 370 939 Quare
399 864 515 924 iustitia
542 870 649 924 nostra
676 871 707 924 at
728 864 826 945 gloria
846 881 949 924 eoram
972 863 1041 924 Deo

122 953 170 1007 est
192 946 261 1006 sola
283 947 499 1025 vintimilio,
526 947 620 1007 Filius
643 948 717 1026 Dei,
747 946 808 1011 fida
835 966 911 1028 pura
934 965 1041 1028 appre-

121 1030 247 1092 tensus

185 1114 236 1180 40.
266 1113 342 1175 Post
374 1112 456 1174 hano
479 1111 592 1184 fidam.
622 1120 751 1194 aooepto
780 1072 895 1202 Spiritu
922 1121 1041 1194 saneto,

123 1200 185 1257 iam
209 1196 313 1276 plaoet
334 1194 511 1258 obedientia
532 1196 620 1278 legis,
643 1215 706 1256 non
729 1217 784 1258 sua
791 1188 963 1278 dignitate.

185 1280 235 1344 41.
263 1280 392 1340 Multum
423 1281 506 1340 enim
532 1279 668 1341 haeret.
661 1300 691 1340 m
715 1300 752 1341 ea
773 1282 917 1343 stercoris
939 1287 970 1342 et
991 1279 1042 1341 de·

123 1362 269 1440 trimenti,
292 1363 323 1424 id
346 1370 403 1442 est,
424 1361 591 1444 indignitas
613 1364 726 1424 veteris
747 1364 890 1427 hominis.

185 1447 233 1508 42
257 1445 318 1508 sed
340 1445 423 1528 quod
445 1445 577 1544 dignitas
600 1447 743 1506 victimae
763 1445 1019 1528 praeponderet
1011 1467 1042 1507 ru

124 1527 276 1589 infinitum
299 1530 500 1590 stereorariae
523 1536 647 1591 nostrae
669 1529 854 1610 indignitati.

184 1613 283 1675 43.A
286 1618 359 1692 tque
382 1614 407 1672 si
428 1613 545 1673 institia
565 1612 653 1693 legis,
676 1632 751 1693 prae
775 1613 918 1694 superbia
940 1620 971 1673 et
991 1618 1044 1675 va-

124 1695 220 1756 nitate
250 1715 375 1774 sensns,
408 1702 516 1779 posset
548 1715 618 1755 sese
646 1715 702 1777 pro
732 1702 869 1758 stercore
897 1695 1043 1771 indicare,

123 1778 185 1838 iam
208 1798 271 1840 non
292 1781 511 1877 imputaretur

186 1863 236 1924 44
261 1862 344 1922 Deus
367 1863 447 1922 enim
472 1862 647 1923 misericors
670 1869 701 1922 et
723 1862 819 1923 iustus
846 1862 974 1923 suscitat
961 1861 1045 1924 tde

125 1951 263 2007 stercore
283 1964 462 2026 pauperem,
484 1950 518 2004 ut
541 1944 677 2006 oollooet
694 1965 764 2006 eum
777 1944 1045 2026 comprincipibus

122 2046 165 2108 po
191 2027 231 2088 uli
254 2028 310 2089 sui.

166 2048 237 2175 Ρ45.
261 2109 321 2172 Sed
345 2131 407 2171 non
431 2109 463 2171 id
485 2111 557 2171 sinit
578 2109 643 2172 fieri
667 2112 826 2172 eervioosa
848 2116 879 2171 et
896 2110 1046 2172 indomita

124 2193 269 2276 superbia
289 2195 425 2256 iustitiae
448 2201 479 2255 et
500 2195 671 2274 sapientiae
692 2195 771 2276 legis
793 2214 847 2257 seu
870 2213 1009 2275 opernm.

187 2279 237 2342 46.
260 2276 334 2338 Sola
351 2280 432 2338 enim
456 2278 538 2358 sapit
560 2285 590 2337 et
612 2285 720 2338 saneta
744 2284 809 2358 est,
831 2276 903 2339 ideo
926 2277 996 2349 sola
1014 2283 1045 2340 et

124 2359 216 2420 stulta
239 2366 295 2436 est,
319 2366 350 2419 et
372 2358 533 2420 damnatur
554 2361 760 2426 aeternaliter.

177 2445 232 2512 47.
262 2442 301 2503 Et
330 2443 511 2522 relinquitur
532 2444 627 2504 virtus
651 2445 794 2508 victimae
817 2462 913 2523 penes
938 2461 1044 2523 peona-

123 2531 225 2602 tores,
251 2534 379 2607 propter
408 2544 486 2605 quos
515 2527 599 2587 venit
631 2525 851 2606 inmundum,
881 2530 914 2586 ιιι
940 2526 1044 2588 salvos
1126 2534 1129 2537 ’

124 2627 178 2670 eos
200 2608 326 2671 faceret.

416 2692 505 2753 Anno
528 2691 568 2753 M
591 2691 627 2752 D.
651 2690 753 2757 XLIV

122 2857 427 2958 Disputationes
460 2856 557 2918 duae
585 2856 629 2917 de
658 2858 720 2917 uni
729 2864 811 2918 tate
844 2857 1045 2936 essentiae

122 2936 283 3000 divinae
321 2947 357 3000 et
395 2938 441 2999 de
479 2938 741 3001 distinetione
784 2957 1044 3021 personarum

120 3024 176 3083 in
188 3022 377 3083 divinitat
364 3028 401 3082 te
430 3021 609 3084 fideliter
644 3023 868 3104 explieatae
897 3042 916 3082 a
944 3022 980 3084 R
1010 3022 1041 3086 P

345 3106 382 3167 D.
405 3105 822 3185 Martino,Luthero*).

422 3225 514 3286 Anno
537 3225 576 3286 M.
600 3225 637 3287 D.
659 3226 750 3291 XLV.

569 3359 594 3422 1.

207 3481 234 3539 1
264 3475 421 3558 Scriptura
447 3456 556 3539 saneta
584 3476 677 3539 dotet
705 3498 774 3541 esse
802 3480 901 3540 Daum
930 3480 1044 3560 simpli·

123 3561 247 3622 oissime
269 3580 379 3637 unum,
414 3567 445 3621 et
467 3567 528 3622 tres
553 3564 605 3640 [ut
626 3566 757 3641 vocant]
780 3582 930 3644 personas
953 3565 1045 3625 veris·

123 3646 200 3706 sime
223 3642 393 3705 distinatas.

195 3787 227 3857 ⁴¹)
249 3785 428 3842 Germanias.
449 3787 554 3841 Waieh.
574 3787 603 3840 Τ.
628 3787 652 3839 X
671 3802 698 3856 p.
718 3787 752 3844 31
771 3791 800 3842 at
817 3787 880 3846 218.
