2346 4208
514 1054 664 1151 Oratio

219 1257 491 1324 Reverendissimi
512 1257 622 1356 Patris
644 1257 680 1324 D.
702 1257 794 1324 Mart.
817 1257 951 1326 botheri

257 1424 292 1489 in
312 1426 508 1506 promotione
527 1340 693 1490 iiddlttoirali
714 1422 914 1509 nheologiae.

210 1673 302 1768 Inter
314 1708 462 1791 epistolas
470 1709 603 1788 Lutberi,
615 1728 690 1789 quas
705 1707 904 1770 Gottofredus
917 1707 1047 1770 Sohdtne

120 1794 156 1854 in
187 1790 283 1852 libro:
322 1791 380 1871 „D.
410 1791 519 1852 Martin
540 1792 668 1854 Luthers
697 1792 799 1852 bisher
836 1790 1047 1871 ungedruokte
1117 1804 1122 1814 “

121 1874 249 1936 Briefe“
264 1874 385 1953 Lipsiae
394 1876 474 1939 1780
482 1879 598 1940 θ11781
612 1873 706 1937 tribus
717 1874 923 1936 voluminibus
934 1876 1048 1954 primus

122 1959 209 2038 typis
244 1956 415 2037 evulgavit,
452 1960 550 2020 oratio
582 1960 736 2019 invenitur
761 1957 849 2033 (Vol.
887 1957 909 2016 11
939 1978 967 2036 p.
997 1959 1048 2035 4),

124 2059 219 2120 quarn
242 2039 391 2099 Lutberus
413 2042 444 2100 in
468 2040 835 2121 promotioneDootorali
857 2041 1049 2120 Theologiss

125 2121 178 2184 die
202 2125 249 2187 19.
271 2142 308 2181 m.
331 2122 472 2184 Octobris
494 2143 521 2184 a.
545 2128 624 2189 1512
638 2125 782 2185 babuisse
804 2123 946 2202 oreditur,
968 2130 1050 2203 post-

124 2225 217 2286 quam
259 2205 289 2266 d.
319 2207 368 2268 18.
399 2226 436 2269 m.
460 2205 601 2268 Ootobris
639 2208 805 2268 seeundum
834 2208 1048 2270 Universitatis

125 2291 242 2350 statuta
258 2288 502 2367 Disputationem
520 2290 702 2352 sollemnem
723 2293 903 2354 instituerat.
928 2291 1051 2351 80111111-

126 2374 176 2432 ius
200 2390 267 2432 eam
291 2370 424 2432 reddidit
445 2391 485 2432 ex
497 2373 847 2452 Aurifabriinolleotione
869 2375 1050 2453 soriptorum

124 2454 250 2515 Lutheri
271 2455 407 2515 nondum
430 2457 510 2535 typis
537 2476 740 2536 excusorum,
772 2459 802 2516 in
827 2477 887 2536 qua
907 2457 961 2517 illa
983 2476 1048 2518 ora

125 2540 169 2598 tio
208 2539 369 2598 interserta
399 2545 492 2617 atque
527 2539 670 2600 adiuuots
698 2549 763 2600 erat
784 2541 903 2620 seriptis
925 2540 1048 2600 Lutberi

123 2641 153 2682 a.
180 2623 259 2686 1538
282 2620 439 2682 coniectis.

209 2703 370 2766 Sohdtnius
403 2705 470 2784 ipse
503 2723 565 2764 non
588 2704 723 2780 dubitet,
758 2706 828 2784 quin
853 2706 962 2778 ⁴oratio
995 2705 1049 2765 ills

126 2807 209 2847 anno
233 2788 312 2852 1512
329 2786 607 2848 sLutherohobits
629 2790 677 2866 sit,
701 2807 761 2867 quo
775 2788 827 2848 iilo
843 2778 982 2867 Staupitii
996 2788 1049 2848 im·

129 2870 219 2950 pulsu
243 2870 489 2948 atqueFriderioi
507 2871 658 2932 Electoris
681 2871 849 2952 sumptibus
872 2871 1049 2949 theologiae

127 2953 271 3013 Dootoris
311 2951 490 3033 dignitatem
541 2956 679 3033 quamvis
712 2956 824 3015 invitus
874 2955 1047 3034 capessivit.

125 3036 213 3096 Haeo
235 3035 368 3097 Sobdtnii
390 3039 542 3097 sententio
565 3057 637 3098 mox
660 3040 838 3118 impugnata
861 3045 907 3097 est
928 3057 947 3096 n
968 3037 1048 3097 Doe-

128 3119 267 3197 derlino,
308 3119 485 3200 theologiae
520 3122 696 3200 professore
717 3122 864 3199 ienensi,
901 3122 937 3180 in
955 3120 1048 3181 libro:

129 3202 357 3282 Theologisobe
378 3204 554 3264 Bibliotbek
576 3205 620 3283 11,
643 3207 699 3280 52,
731 3203 842 3264 deinde
875 3203 1002 3264 defensa
1029 3222 1048 3263 a

124 3285 162 3346 G.
184 3285 221 3345 H.
245 3285 280 3347 A.
303 3285 399 3345 Ukert
420 3287 450 3346 iu
473 3286 569 3347 libro:
592 3288 641 3347 Dr.
656 3289 763 3348 Martin
786 3287 913 3350 Luthers
931 3285 1045 3348 Lebeu.

126 3368 249 3428 Gotbae
274 3370 363 3432 1817.
388 3368 476 3430 Tom.
500 3372 510 3428 1
534 3391 563 3450 p.
587 3373 644 3446 88,
684 3371 785 3432 denuo
823 3369 999 3431 addubitata
1029 3389 1047 3430 a

92 3463 95 3471 ’
126 3451 192 3513 Osr.
216 3451 348 3531 Jssrgens
385 3453 416 3511 in
440 3453 531 3513 libro:
569 3453 682 3515 Luther
715 3474 776 3515 von
808 3455 908 3514 seinor
930 3451 1048 3513 Geburt

125 3535 172 3595 bis
207 3554 275 3594 num
306 3533 516 3596 Ablseestreit.
538 3536 618 3615 Lips.
646 3538 734 3602 1847.
765 3537 853 3601 Tom.
876 3537 902 3597 11
924 3556 952 3614 p.
975 3537 1045 3612 402,

126 3618 177 3696 qui
202 3616 323 3696 quidem
347 3617 568 3680 dubitationem
591 3639 675 3679 susm
699 3621 864 3700 praecipue
887 3639 1045 3700 argumen-

127 3702 165 3761 tis
187 3703 266 3781 quse
288 3699 392 3762 diount
413 3702 540 3763 internis
567 3705 685 3763 munire
707 3704 823 3783 studet,
853 3722 911 3766 neo
933 3710 1046 3784 muron,
