2346 4208
121 247 162 313 10
285 250 390 304 Contra
407 251 437 304 F.
456 252 558 305 Luther
578 258 605 305 et
624 253 658 306 D.
677 252 847 306 Bodenstelu
919 276 920 280 ¹

121 440 182 498 nas'
200 444 231 498 et
252 439 374 518 culpas,
401 439 445 500 ita
466 439 549 519 quod
571 439 726 519 praelatus
748 458 811 500 non
834 440 971 519 plenarie
993 440 1043 500 ab·

120 521 245 581 solvens
267 542 285 581 a
308 541 410 601 poena
433 528 464 582 et
483 521 572 602 culpa
588 529 704 601 peccet,
728 523 812 582 velut
828 524 896 582 usui
917 530 1044 582 sanctae

121 605 226 665 matris
248 603 399 665 ccclesiae
420 605 593 682 adversum,
616 625 679 665 uon
702 614 909 686 acceptamus.

182 688 219 760 6)
245 688 372 748 Animas
404 689 434 746 in
465 689 644 768 purgatorio
678 707 741 747 non
771 688 961 748 satisfacere>
986 707 1042 766 pro

120 779 319 850 peccatorum
342 773 470 850 poenis,
493 789 662 850 equorum
688 770 785 850 culpis
809 770 971 832 absolutae
994 771 1045 830 hic

119 872 183 913 non
206 853 432 931 satisfecerunt,
461 861 637 934 reputamus
666 873 849 928 erroneum,
881 855 959 913 sicut
980 873 1043 912 non

121 937 256 995 estsine
279 955 400 1013 errore,
434 939 484 1015 qui
515 955 578 996 non
607 936 704 996 credit
725 936 823 996 Deum
853 957 872 996 a
895 937 1042 997 morituro

119 1019 276 1097 requirere
298 1017 400 1096 aliam,
424 1038 517 1099 quam
541 1019 649 1080 mortis
672 1038 816 1099 poenam.

182 1106 219 1172 7)
243 1101 349 1176 Errat,
383 1103 434 1183 qui
458 1103 585 1162 liberum
608 1101 766 1163 arbitrium
787 1102 921 1163 hominis
950 1110 1045 1182 negat
1096 1145 1099 1149 «

121 1183 282 1245 dominum
304 1189 426 1246 actuum
456 1185 591 1245 hominis
620 1205 740 1263 exeo,
773 1186 845 1264 quia
869 1186 968 1264 ipsum
990 1183 1043 1242 ha·

116 1266 194 1328 ¹beat
216 1287 257 1327 se¹
272 1269 372 1328 active
396 1267 434 1328 ad
458 1268 591 1345 malum,
621 1267 660 1328 ad
683 1269 798 1329 bouum
826 1285 902 1328 vero
924 1273 1043 1327 tautum

120 1351 259 1430 passive,
287 1352 366 1411 sicut
387 1371 450 1411 non
475 1353 610 1412 estsine
633 1371 756 1428 errore,
779 1352 835 1430 qui·
852 1349 945 1410 fldem
971 1368 1044 1430 quo-

120 1432 196 1493 libet
225 1433 352 1493 crimine
383 1436 536 1530 corrumpi
567 1440 675 1494 contra
696 1433 908 1494 scholasticos
943 1433 1043 1493 existi-

121 1523 194 1590 mat,
216 1535 275 1575 neo
296 1518 362 1576 sine
385 1518 519 1577 maximo
544 1535 657 1592 errore,
680 1536 730 1596 qur
722 1517 830 1576 nulla
852 1517 1045 1576 contritionis

121 1596 296 1659 habitat
249 1605 296 1657 rat
296 1600 369 1660 ione
390 1601 420 1659 in
444 1600 512 1660 sola
533 1599 594 1659 fide
617 1619 708 1680 quem
731 1599 850 1661 absolvi
872 1598 1046 1680 procaciter

122 1669 290 1777 praedicat

181 1766 218 1838 8)
243 1763 290 1822 Ex
312 1766 546 1845 imperfectione
568 1763 704 1826 caritatis
726 1764 775 1825 vel
798 1763 899 1824 fidei'
892 1783 923 1822 ru
939 1765 1044 1823 anima

120 1847 232 1906 mortui
254 1846 320 1907 lieri
342 1849 501 1909 horrorem
525 1856 556 1908 et
578 1850 664 1927 quasi
689 1847 955 1927 desperationem,
979 1847 1044 1926 qui-

120 1929 175 1990 bus
198 1931 229 1990 in
254 1932 431 2010 purgatorio
455 1929 641 2006 afficiantur,
672 1938 703 1990 et
724 1929 807 2010 quod
828 1929 915 1989 illum
937 1929 1043 1989 horro-

120 2032 184 2072 rem
210 2033 249 2072 ex
271 2013 381 2073 timore
403 2014 509 2091 mortis
529 2015 703 2090 incurrant,
737 2031 798 2092 quo
836 2013 922 2093 quasi
957 2012 1045 2073 inviti

121 2096 304 2171 moriantur,
329 2115 391 2156 non
413 2096 594 2174 recipimus,
633 2096 705 2174 quia
736 2096 856 2156 veritati
878 2103 909 2155 et
930 2096 1042 2155 rationi

123 2178 319 2238 contrarium.

182 2264 219 2335 9)
246 2261 401 2320 Animas
393 2280 424 2319 m
448 2261 625 2340 purgatorio
649 2261 757 2320 mereri
790 2261 937 2321 malorem
973 2279 1041 2355 grp-

121 2345 211 2421 tiam,
240 2351 293 2402 aut
318 2362 424 2403 eorum
448 2343 595 2421 praemia
606 2345 715 2427 minui,
744 2343 770 2403 si
792 2344 901 2403 alienis
926 2343 1040 2401 meritis

120 2426 302 2504 liberent,ur
321 2433 378 2488 aut
400 2444 463 2486 non
485 2445 554 2485 esse
577 2436 676 2485 certas
689 2389 737 2485 de
759 2426 874 2505 salute,
909 2433 962 2486 aut
951 2425 1043 2484 tsuf-

120 2508 219 2589 fragia
243 2516 348 2568 nostra
370 2507 519 2584 nolle,ut
507 2507 611 2568 tfidei
633 2516 759 2568 nostrae
783 2517 814 2569 et
831 2510 914 2570 omni
933 2509 1044 2567 rationi

119 2590 253 2663 adversa
276 2609 434 2671 negamus

183 2673 239 2756 10)
265 2674 405 2734 Meritum
426 2674 580 2752 passionis
604 2673 715 2734 Ohristi
693 2681 800 2734 tnon
823 2692 893 2734 esse
915 2673 1039 2733 thesau-

119 2778 185 2817 rum
209 2757 377 2832 ecclesiae,
412 2776 450 2816 ex
474 2774 534 2835 quo
558 2756 668 2816 deutur
693 2738 934 2837 indulgentiae,
971 2757 1045 2835 quia

121 2841 243 2901 veritati
271 2846 302 2900 et
332 2840 511 2920 apostolicis
541 2839 672 2900 decretis
702 2839 847 2916 obvians,
880 2858 1043 2982 negamus,

123 2924 201 2983 sicut
228 2923 331 2982 claves
366 2942 435 2983 esse
464 2922 638 2982 thesaurum
673 2922 859 2982 ecclesiae'
852 2923 960 3002 imperi
964 2922 1043 2982 tissi-

122 3024 204 3065 mum
243 3007 412 3101 opinamur
463 3005 579 3065 Meritis
615 3024 738 3084 quoque
777 3013 952 3066 sanctorum
987 3023 1044 3064 nos

123 3088 262 3149 adiuvari
283 3090 334 3167 pie
357 3088 519 3148 oredimus.
1054 3091 1055 3095 ’

188 3175 243 3237 tlt
267 3171 393 3248 Dicere,
415 3150 622 3251 indulgentias
644 3189 708 3230 nou
730 3144 894 3266 expedire,
926 3174 974 3229 est
1001 3187 1045 3228 er-

122 3274 187 3330 ror,
210 3253 313 3314 dicere
334 3217 434 3328 itedr,
453 3253 623 3333 indulgent
617 3272 661 3313 ras
684 3272 753 3314 esse
783 3253 889 3313 vitium
918 3252 1044 3347 aliquod

124 3337 243 3417 operis,
267 3339 451 3416 quo-ipsum
473 3338 573 3396 minus
596 3336 718 3411 valeat,
753 3354 839 3396 error
871 3343 919 3395 est
950 3336 1045 3414 pessi-

102 3426 200 3480 mus.
244 3418 345 3494 Quare
369 3427 401 3480 et
419 3417 623 3478 hunc'errare
646 3420 808 3496 sentimus,
831 3419 882 3497 qui
904 3418 987 3494 dicit,
1010 3436 1045 3476 se

123 3504 219 3564 teneri
248 3501 422 3582 improbare
457 3500 681 3582 indulgentias,
716 3503 789 3581 quia
817 3502 967 3562 Dominus
1001 3499 1044 3559 di-

124 3592 188 3664 cat,
216 3586 344 3665 Propter
366 3604 414 3644 me
433 3582 523 3644 deleo
545 3585 737 3662 iniquitates,
760 3603 823 3644 non
846 3592 973 3663 propter
993 3602 1045 3663 pe-

115 3670 240 3731 eunias.

187 3754 243 3821 12)
268 3749 384 3830 Papam
411 3768 474 3809 non
503 3767 597 3830 posse
617 3750 773 3809 remittere
802 3766 953 3828 poenam,
987 3766 1044 3829 pro
