2346 4208
438 280 456 318 a
473 267 595 320 Notarils
605 272 740 335 ,excepta
976 262 1042 332 129

126 449 164 512 las
175 449 260 513 dicit:
281 449 541 528 Unumquemque
561 457 756 531 recepturum
772 448 943 512 secundum
955 450 1039 530 quod

126 534 295 614 incorpore
315 533 422 614 gessit,
445 533 483 593 D,
503 533 593 595 Pater
615 534 698 613 dicit,
721 534 881 594 hominem
903 536 1043 615 recipere
1137 590 1141 601 ,

127 617 204 677 etiam
233 616 406 678 seeundum.
425 615 509 695 quod
534 617 567 677 in
584 617 771 698 purgatorio
805 618 910 697 gessit.
940 619 1043 698 Augu·

128 701 208 760 stinus
236 699 323 779 dicit,
354 718 447 760 omne
477 702 617 761 meritum
647 701 697 760 hio
726 701 916 779 comparari,
951 706 983 760 et
996 701 1042 762 D.

128 783 202 844 Pater
222 782 414 862 contradicit,
438 783 531 843 etiam
552 786 584 845 in
597 785 777 865 purgatorio
787 785 928 844 meritum
954 802 1041 844 oom-

128 868 220 945 purari.
266 867 474 945 Hieronymus
498 864 580 946 dicit,
603 876 768 948 postquam
791 886 809 927 e
832 885 963 946 corpore
985 886 1037 927 ex·

128 951 305 1029 cesserimus,
327 949 402 1009 nihil
424 968 482 1010 nos
503 953 672 1030 promereri
694 949 777 1031 apud
798 951 909 1023 Deum,
931 951 968 1010 D.
985 950 1038 1011 Pa·

128 1039 163 1092 ter
181 1033 384 1110 contradicit,
416 1038 580 1113 postquam
611 1052 780 1114 ecorpore
804 1036 1038 1109 excesserimus,

128 1114 210 1176 adhuc
231 1119 262 1176 in
284 1117 464 1197 purgatorio
488 1136 545 1178 nos
567 1118 755 1198 promereri,
785 1118 827 1177 ita
849 1115 888 1177 de
910 1116 1039 1176 Ambro-

128 1199 172 1261 sio.
191 1199 337 1261 Judicent
352 1201 414 1259 iam
435 1199 661 1263 illustrissimae
674 1200 913 1277 dominationes,
937 1200 1038 1260 excel-

127 1281 224 1345 lentiae
247 1291 278 1344 et
299 1284 506 1364 praestantiae
528 1293 671 1361 vestrae,
699 1303 739 1343 an
763 1304 817 1363 per
840 1302 890 1346 me
912 1282 1038 1343 inducta

128 1364 189 1427 nihil
208 1366 324 1427 faciant
346 1364 384 1426 ad
406 1367 612 1447 propositum,
635 1380 721 1447 quae¹
737 1365 853 1427 directe
875 1366 951 1427 nihil
974 1366 1036 1426 dic·

127 1447 296 1510 h'sPatrnm
327 1450 561 1511 contrariantur,
604 1451 680 1511 Peto
713 1469 812 1531 ergo,
850 1450 934 1530 quod
969 1469 1041 1509 vere

127 1531 220 1612 solvat,
244 1533 296 1594 vel
318 1532 477 1610 ostendat,
502 1533 664 1613 quomodo
686 1533 726 1594 ad
747 1535 941 1614 propositum
965 1532 1040 1593 nihil

128 1613 209 1694 lsciat,
232 1635 293 1677 nec
315 1625 456 1692 meretur,
480 1616 640 1696 quomodo
665 1623 697 1677 et
717 1636 777 1698 ego
794 1617 897 1696 plures
922 1636 989 1677 sum
1007 1616 1041 1675 ei

129 1695 296 1760 adducturus
325 1701 523 1778 autoritates,
568 1707 601 1760 ut
622 1700 865 1761 manifestarium
889 1701 947 1778 sit,
981 1699 1042 1759 hoc
1151 1703 1157 1711 '

127 1799 175 1853 non
211 1801 282 1844 esse
312 1782 589 1864 theologIstarum,
629 1783 685 1846 sed
729 1802 873 1844 verorum
922 1782 1041 1844 theolo-

127 1882 231 1943 gerum.

322 2053 325 2059 ·
424 2033 463 2093 M.
497 2031 743 2094 lantherus,

193 2197 273 2278 Ego,
298 2197 351 2277 qui
372 2199 465 2259 credo
488 2198 616 2277 fortiter,
638 2200 701 2258 ilno
724 2200 822 2258 ausim
841 2197 953 2274 dicere,
977 2198 1042 2257 scic

123 2282 322 2361 purgatorium
344 2301 423 2358 esse,
445 2281 536 2341 facile
558 2281 748 2360 persuadeor
769 2283 800 2340 in
815 2281 978 2360 scripturis
1002 2280 1041 2339 de

123 2382 153 2422 ec
173 2363 238 2423 fieri
261 2366 459 2442 mentionem,
483 2364 740 2443 quemadmodum
771 2364 845 2424 illud
870 2364 975 2424 Matth.
998 2365 1042 2422 in-

122 2445 195 2507 ducit
217 2446 387 2528 Gregorius
409 2450 440 2508 in
462 2447 608 2527 dialogo:
645 2449 715 2508 Nou
738 2450 918 2526 remittitur,
941 2465 1042 2525 neque

122 2531 145 2589 in
165 2530 224 2592 hoc
248 2531 354 2591 seculo
366 2551 425 2590 nec
446 2533 476 2590 in
490 2530 603 2611 futuro,
625 2532 734 2592 volens
746 2539 876 2612 peecata
891 2529 1041 2610 quaedam

122 2616 227 2675 remitti
252 2616 284 2674 in
307 2616 499 2695 purgatorio.

194 2697 335 2758 Admitto
359 2704 390 2757 et
411 2697 485 2757 illud
520 2700 548 2760 2.
572 2697 691 2759 Mache.
715 2701 771 2761 ⁴12:
805 2697 921 2758 Sancta
944 2703 1043 2756 estet

120 2782 243 2842 salubris
265 2782 414 2861 cogitatio
428 2800 482 2860 pro
496 2779 647 2840 defunctis
670 2800 801 2842 exorare
824 2789 882 2842 etc.
905 2778 966 2840 Sed
983 2780 1044 2839 hoc

120 2864 195 2943 volo,
219 2863 303 2944 quod
326 2865 356 2923 in
381 2865 523 2924 universa
542 2863 698 2943 Scriptura
726 2884 789 2925 non
810 2864 960 2924 habeatur
982 2883 1043 2922 me-

121 2950 212 3008 moria
234 2948 424 3027 purgatorii,
459 2967 537 3027 quae
559 2956 666 3027 posset
687 2955 768 3008 stare
790 2951 820 3007 in
844 2947 1043 3007 contentione

121 3037 147 3090 et
167 3032 364 3108 convincere,
387 3050 458 3090 nam
470 3037 502 3091 et
519 3031 596 3090 liber
608 3031 874 3109 Machabaeorum,
897 3050 965 3089 cum
981 3048 1042 3088 non

121 3115 155 3173 sit
173 3117 204 3175 in
228 3133 360 3190 canone,
384 3133 440 3193 pro
463 3113 604 3175 fidelibus
626 3123 737 3193 potens
760 3122 821 3193 est,
846 3122 953 3175 eontra
974 3133 1043 3193 per-

122 3196 232 3258 tinaces
255 3197 332 3257 nihil
354 3197 436 3257 facit.
458 3195 498 3257 Et
512 3198 627 3257 dictum
648 3197 789 3279 Gregorii
811 3197 957 3258 facillime
982 3197 1043 3256 elu-

123 3279 205 3361 ditur,
228 3279 314 3360 quod
327 3300 428 3359 neque
449 3280 508 3359 hic,
531 3300 632 3361 neque
648 3282 791 3341 infuturo
816 3287 978 3361 peecatum
999 3300 1042 3340 re·

124 3365 261 3442 mittatur,
284 3363 316 3423 id
339 3371 395 3441 est,
417 3383 583 3444 nunquam.
605 3365 679 3424 Ideo
703 3366 776 3425 nolo
800 3367 871 3425 mihi
895 3365 1042 3444 suspicio-

123 3466 187 3507 nem
208 3446 286 3525 lieri,
308 3446 392 3526 quod
413 3447 548 3508 faverem
570 3448 716 3508 Bohemis
741 3456 771 3509 et
794 3447 930 3511 Graecis.
974 3448 1042 3510 Hoc

125 3549 173 3608 pro
195 3550 309 3611 prrmo.

198 3613 248 3674 Ad
270 3613 476 3693 replicem-D.
505 3615 541 3678 D.
573 3614 673 3675 dicam
704 3614 778 3673 nihil
806 3615 911 3693 aliud,
951 3634 1041 3695 quam

127 3697 200 3773 quod
227 3699 288 3756 iam
319 3697 403 3776 prius
428 3695 498 3761 dixi.
536 3697 618 3758 Idem
643 3699 724 3757 enim
747 3699 874 3779 repetit,
910 3697 980 3759 ideo
1012 3704 1044 3761 et

126 3778 200 3840 idem
219 3779 408 3861 respondeo.

149 3897 236 3938 liutheri
249 3908 298 3946 opp.
317 3899 339 3937 V.
351 3898 378 3934 Δ,
392 3898 424 3934 ad
433 3898 474 3936 ret'.
489 3897 541 3937 lrr'st.
557 3899 572 3938 1.
584 3909 608 3947 p.
627 3900 731 3943 Velm.
856 3884 877 3955 9
