<?xml version="1.0" encoding="UTF-8"?>
<!DOCTYPE html PUBLIC "-//W3C//DTD XHTML 1.0 Transitional//EN"
    "http://www.w3.org/TR/xhtml1/DTD/xhtml1-transitional.dtd">
<html xmlns="http://www.w3.org/1999/xhtml" xml:lang="en" lang="en">
 <head>
  <title>
</title>
<meta http-equiv="Content-Type" content="text/html;charset=utf-8" />
  <meta name='ocr-system' content='tesseract 3.04.00' />
  <meta name='ocr-capabilities' content='ocr_page ocr_carea ocr_par ocr_line ocrx_word'/>
</head>
<body>
  <div class='ocr_page' id='page_1' title='image "./dmartinilutheri04luthgoog_0073.png"; bbox 0 0 2346 4208; ppageno 0'>
   <div class='ocr_carea' id='block_1_1' title="bbox 9 3846 78 3966">
    <p class='ocr_par' dir='ltr' id='par_1_1' title="bbox 9 3846 78 3966">
     <span class='ocr_line' id='line_1_1' title="bbox 9 3846 78 3966; baseline 0 0"><span class='ocrx_word' id='word_1_1' title='bbox 9 3846 78 3966; x_wconf 69' lang='grc' dir='ltr'>ἱ</span> 
     </span>
    </p>
   </div>
   <div class='ocr_carea' id='block_1_2' title="bbox 126 230 858 324">
    <p class='ocr_par' dir='ltr' id='par_1_2' title="bbox 126 230 858 324">
     <span class='ocr_line' id='line_1_2' title="bbox 126 230 858 324; baseline 0.001 -16"><span class='ocrx_word' id='word_1_2' title='bbox 126 251 170 321; x_wconf 83' lang='grc'><strong>62</strong></span> <span class='ocrx_word' id='word_1_3' title='bbox 339 255 496 324; x_wconf 71' lang='lat' dir='ltr'>Disputatio</span> <span class='ocrx_word' id='word_1_4' title='bbox 518 257 622 324; x_wconf 75' lang='lat' dir='ltr'><strong>Lipsiae</strong></span> <span class='ocrx_word' id='word_1_5' title='bbox 641 256 733 309; x_wconf 76' lang='lat' dir='ltr'><strong>hahita</strong></span> <span class='ocrx_word' id='word_1_6' title='bbox 751 271 773 310; x_wconf 85' lang='lat' dir='ltr'><strong>a.</strong></span> <span class='ocrx_word' id='word_1_7' title='bbox 793 230 858 310; x_wconf 70' lang='lat' dir='ltr'><strong>xlx</strong></span> 
     </span>
    </p>
   </div>
   <div class='ocr_carea' id='block_1_3' title="bbox 122 440 1046 2263">
    <p class='ocr_par' dir='ltr' id='par_1_3' title="bbox 123 440 1046 1767">
     <span class='ocr_line' id='line_1_3' title="bbox 128 440 1046 521; baseline 0.002 -20"><span class='ocrx_word' id='word_1_8' title='bbox 128 441 307 521; x_wconf 82' lang='lat' dir='ltr'><strong>quisitorum</strong></span> <span class='ocrx_word' id='word_1_9' title='bbox 328 441 502 502; x_wconf 84' lang='lat' dir='ltr'><strong>hoeretioae</strong></span> <span class='ocrx_word' id='word_1_10' title='bbox 515 440 684 520; x_wconf 86' lang='lat' dir='ltr'><strong>pravitatis,</strong></span> <span class='ocrx_word' id='word_1_11' title='bbox 706 459 804 501; x_wconf 77' lang='lat' dir='ltr'><strong>noros</strong></span> <span class='ocrx_word' id='word_1_12' title='bbox 827 441 961 502; x_wconf 82' lang='lat' dir='ltr'><strong>uendere</strong></span> <span class='ocrx_word' id='word_1_13' title='bbox 974 444 1046 503; x_wconf 87' lang='lat' dir='ltr'><strong>arti-</strong></span> 
     </span>
     <span class='ocr_line' id='line_1_4' title="bbox 128 522 1045 603; baseline 0.002 -19"><span class='ocrx_word' id='word_1_14' title='bbox 128 524 214 585; x_wconf 81' lang='lat' dir='ltr'><strong>culos</strong></span> <span class='ocrx_word' id='word_1_15' title='bbox 239 523 331 603; x_wconf 89' lang='lat' dir='ltr'><strong>lidei,</strong></span> <span class='ocrx_word' id='word_1_16' title='bbox 361 523 414 583; x_wconf 90' lang='lat' dir='ltr'><strong>sed</strong></span> <span class='ocrx_word' id='word_1_17' title='bbox 445 522 611 583; x_wconf 89' lang='lat' dir='ltr'><strong>seouudum</strong></span> <span class='ocrx_word' id='word_1_18' title='bbox 635 522 777 584; x_wconf 78' lang='lat' dir='ltr'><strong>conditos</strong></span> <span class='ocrx_word' id='word_1_19' title='bbox 797 524 943 587; x_wconf 81' lang='lat' dir='ltr'><strong>iudicare.</strong></span> <span class='ocrx_word' id='word_1_20' title='bbox 976 525 1045 586; x_wconf 76' lang='lat' dir='ltr'><strong>Neo</strong></span> 
     </span>
     <span class='ocr_line' id='line_1_5' title="bbox 126 606 1044 689; baseline 0.001 -21"><span class='ocrx_word' id='word_1_21' title='bbox 126 613 231 686; x_wconf 90' lang='lat' dir='ltr'><strong>potest</strong></span> <span class='ocrx_word' id='word_1_22' title='bbox 251 606 350 668; x_wconf 88' lang='lat' dir='ltr'><strong>fidelis</strong></span> <span class='ocrx_word' id='word_1_23' title='bbox 373 606 562 667; x_wconf 81' lang='lat' dir='ltr'>Christianus</span> <span class='ocrx_word' id='word_1_24' title='bbox 585 624 622 666; x_wconf 88' lang='lat' dir='ltr'><strong>eo</strong></span> <span class='ocrx_word' id='word_1_25' title='bbox 647 608 653 619; x_wconf 86' lang='lat'>&#39;</span> <span class='ocrx_word' id='word_1_26' title='bbox 677 606 755 667; x_wconf 86' lang='lat' dir='ltr'><strong>ultra</strong></span> <span class='ocrx_word' id='word_1_27' title='bbox 776 626 894 669; x_wconf 86' lang='lat' dir='ltr'><strong>seuram</strong></span> <span class='ocrx_word' id='word_1_28' title='bbox 912 607 1044 689; x_wconf 72' lang='lat' dir='ltr'><strong>Scriptu-</strong></span> 
     </span>
     <span class='ocr_line' id='line_1_6' title="bbox 127 682 1046 770; baseline 0.003 -20"><span class='ocrx_word' id='word_1_29' title='bbox 127 709 212 768; x_wconf 89' lang='lat' dir='ltr'><strong>ram,</strong></span> <span class='ocrx_word' id='word_1_30' title='bbox 234 708 312 768; x_wconf 87' lang='lat' dir='ltr'><strong>quae</strong></span> <span class='ocrx_word' id='word_1_31' title='bbox 334 696 381 753; x_wconf 91' lang='lat' dir='ltr'><strong>est</strong></span> <span class='ocrx_word' id='word_1_32' title='bbox 406 689 529 770; x_wconf 82' lang='lat' dir='ltr'>proprie</span> <span class='ocrx_word' id='word_1_33' title='bbox 550 690 597 749; x_wconf 87' lang='lat' dir='ltr'><strong>ius</strong></span> <span class='ocrx_word' id='word_1_34' title='bbox 640 689 772 766; x_wconf 83' lang='lat' dir='ltr'><strong>irinum,</strong></span> <span class='ocrx_word' id='word_1_35' title='bbox 800 692 859 752; x_wconf 87' lang='lat' dir='ltr'><strong>nisi</strong></span> <span class='ocrx_word' id='word_1_36' title='bbox 880 682 1046 763; x_wconf 76' lang='lat' dir='ltr'><strong>secesserit</strong></span> 
     </span>
     <span class='ocr_line' id='line_1_7' title="bbox 126 770 1046 855; baseline 0.004 -22"><span class='ocrx_word' id='word_1_37' title='bbox 126 792 210 834; x_wconf 86' lang='lat' dir='ltr'><strong>nova</strong></span> <span class='ocrx_word' id='word_1_38' title='bbox 231 778 263 833; x_wconf 89' lang='lat' dir='ltr'><strong>et</strong></span> <span class='ocrx_word' id='word_1_39' title='bbox 282 772 412 855; x_wconf 88' lang='lat' dir='ltr'><strong>probata</strong></span> <span class='ocrx_word' id='word_1_40' title='bbox 432 770 598 845; x_wconf 29' lang='lat' dir='ltr'><strong>revelatio..</strong></span> <span class='ocrx_word' id='word_1_41' title='bbox 615 770 680 832; x_wconf 92' lang='lat' dir='ltr'><strong>Imo</strong></span> <span class='ocrx_word' id='word_1_42' title='bbox 702 791 741 832; x_wconf 89' lang='lat' dir='ltr'><strong>ex</strong></span> <span class='ocrx_word' id='word_1_43' title='bbox 762 772 827 833; x_wconf 89' lang='lat' dir='ltr'><strong>iure</strong></span> <span class='ocrx_word' id='word_1_44' title='bbox 850 772 953 835; x_wconf 90' lang='lat' dir='ltr'><strong>divino</strong></span> <span class='ocrx_word' id='word_1_45' title='bbox 976 793 1046 855; x_wconf 87' lang='lat' dir='ltr'><strong>pro-</strong></span> 
     </span>
     <span class='ocr_line' id='line_1_8' title="bbox 125 852 1038 937; baseline 0.002 -21"><span class='ocrx_word' id='word_1_46' title='bbox 125 855 265 916; x_wconf 88' lang='lat' dir='ltr'><strong>hibemur</strong></span> <span class='ocrx_word' id='word_1_47' title='bbox 287 855 429 932; x_wconf 87' lang='lat' dir='ltr'><strong>eredere,</strong></span> <span class='ocrx_word' id='word_1_48' title='bbox 456 855 514 915; x_wconf 89' lang='lat' dir='ltr'><strong>nisi</strong></span> <span class='ocrx_word' id='word_1_49' title='bbox 536 853 619 935; x_wconf 89' lang='lat' dir='ltr'><strong>quod</strong></span> <span class='ocrx_word' id='word_1_50' title='bbox 641 856 680 915; x_wconf 87' lang='lat' dir='ltr'><strong>sit</strong></span> <span class='ocrx_word' id='word_1_51' title='bbox 701 852 883 935; x_wconf 85' lang='lat' dir='ltr'><strong>probatum,</strong></span> <span class='ocrx_word' id='word_1_52' title='bbox 912 855 962 917; x_wconf 91' lang='lat' dir='ltr'><strong>vel</strong></span> <span class='ocrx_word' id='word_1_53' title='bbox 983 876 1038 937; x_wconf 90' lang='lat' dir='ltr'><strong>per</strong></span> 
     </span>
     <span class='ocr_line' id='line_1_9' title="bbox 126 937 1043 1019; baseline 0.001 -20"><span class='ocrx_word' id='word_1_54' title='bbox 126 938 311 1019; x_wconf 69' lang='lat' dir='ltr'><strong>scripturam</strong></span> <span class='ocrx_word' id='word_1_55' title='bbox 334 939 489 1018; x_wconf 88' lang='lat' dir='ltr'><strong>divinam,</strong></span> <span class='ocrx_word' id='word_1_56' title='bbox 521 937 571 997; x_wconf 93' lang='lat' dir='ltr'><strong>vel</strong></span> <span class='ocrx_word' id='word_1_57' title='bbox 594 956 649 1017; x_wconf 89' lang='lat' dir='ltr'><strong>per</strong></span> <span class='ocrx_word' id='word_1_58' title='bbox 671 937 860 1001; x_wconf 75' lang='lat' dir='ltr'><strong>manifestam</strong></span> <span class='ocrx_word' id='word_1_59' title='bbox 882 940 1043 1001; x_wconf 88' lang='lat' dir='ltr'><strong>revelatio·</strong></span> 
     </span>
     <span class='ocr_line' id='line_1_10' title="bbox 126 1021 1042 1100; baseline 0.003 -19"><span class='ocrx_word' id='word_1_60' title='bbox 126 1040 206 1100; x_wconf 91' lang='lat' dir='ltr'><strong>uem,</strong></span> <span class='ocrx_word' id='word_1_61' title='bbox 228 1029 261 1082; x_wconf 92' lang='lat' dir='ltr'><strong>ut</strong></span> <span class='ocrx_word' id='word_1_62' title='bbox 278 1021 397 1083; x_wconf 83' lang='lat' dir='ltr'><strong>Gerson</strong></span> <span class='ocrx_word' id='word_1_63' title='bbox 420 1021 511 1080; x_wconf 89' lang='lat' dir='ltr'><strong>etiam</strong></span> <span class='ocrx_word' id='word_1_64' title='bbox 535 1021 592 1081; x_wconf 90' lang='lat' dir='ltr'><strong>etsi</strong></span> <span class='ocrx_word' id='word_1_65' title='bbox 612 1022 767 1081; x_wconf 75' lang='lat' dir='ltr'>recentior</span> <span class='ocrx_word' id='word_1_66' title='bbox 787 1023 818 1082; x_wconf 93' lang='lat' dir='ltr'><strong>in</strong></span> <span class='ocrx_word' id='word_1_67' title='bbox 841 1023 943 1084; x_wconf 86' lang='lat' dir='ltr'><strong>multis</strong></span> <span class='ocrx_word' id='word_1_68' title='bbox 963 1023 1042 1085; x_wconf 89' lang='lat' dir='ltr'><strong>loeis</strong></span> 
     </span>
     <span class='ocr_line' id='line_1_11' title="bbox 126 1105 1044 1186; baseline -0.001 -19"><span class='ocrx_word' id='word_1_69' title='bbox 126 1106 243 1183; x_wconf 77' lang='lat' dir='ltr'><strong>assent,</strong></span> <span class='ocrx_word' id='word_1_70' title='bbox 266 1112 298 1166; x_wconf 89' lang='lat' dir='ltr'><strong>et</strong></span> <span class='ocrx_word' id='word_1_71' title='bbox 320 1105 619 1186; x_wconf 68' lang='lat' dir='ltr'><strong>divuseugustinus</strong></span> <span class='ocrx_word' id='word_1_72' title='bbox 639 1105 793 1183; x_wconf 79' lang='lat' dir='ltr'><strong>antiquior</strong></span> <span class='ocrx_word' id='word_1_73' title='bbox 813 1123 871 1184; x_wconf 90' lang='lat' dir='ltr'><strong>pro</strong></span> <span class='ocrx_word' id='word_1_74' title='bbox 893 1105 1044 1186; x_wconf 82' lang='lat' dir='ltr'><strong>singulari</strong></span> 
     </span>
     <span class='ocr_line' id='line_1_12' title="bbox 126 1185 1043 1268; baseline 0.003 -21"><span class='ocrx_word' id='word_1_75' title='bbox 126 1206 246 1249; x_wconf 83' lang='lat' dir='ltr'><strong>oenone</strong></span> <span class='ocrx_word' id='word_1_76' title='bbox 281 1187 439 1264; x_wconf 88' lang='lat' dir='ltr'><strong>observat,</strong></span> <span class='ocrx_word' id='word_1_77' title='bbox 468 1185 573 1267; x_wconf 80' lang='lat' dir='ltr'><strong>dicens</strong></span> <span class='ocrx_word' id='word_1_78' title='bbox 608 1186 648 1249; x_wconf 83' lang='lat' dir='ltr'><strong>ad</strong></span> <span class='ocrx_word' id='word_1_79' title='bbox 680 1186 782 1248; x_wconf 88' lang='lat' dir='ltr'><strong>divum</strong></span> <span class='ocrx_word' id='word_1_80' title='bbox 806 1188 1043 1268; x_wconf 85' lang='lat' dir='ltr'><strong>Hieronymum:</strong></span> 
     </span>
     <span class='ocr_line' id='line_1_13' title="bbox 124 1267 1042 1351; baseline 0.002 -21"><span class='ocrx_word' id='word_1_81' title='bbox 124 1270 192 1351; x_wconf 84' lang='lat' dir='ltr'><strong>Ego</strong></span> <span class='ocrx_word' id='word_1_82' title='bbox 215 1270 289 1331; x_wconf 88' lang='lat' dir='ltr'><strong>solis</strong></span> <span class='ocrx_word' id='word_1_83' title='bbox 324 1273 367 1332; x_wconf 91' lang='lat' dir='ltr'><strong>eis</strong></span> <span class='ocrx_word' id='word_1_84' title='bbox 389 1270 485 1330; x_wconf 83' lang='lat' dir='ltr'><strong>Libris</strong></span> <span class='ocrx_word' id='word_1_85' title='bbox 512 1267 603 1328; x_wconf 89' lang='lat' dir='ltr'><strong>didiei</strong></span> <span class='ocrx_word' id='word_1_86' title='bbox 631 1269 713 1330; x_wconf 90' lang='lat' dir='ltr'><strong>hune</strong></span> <span class='ocrx_word' id='word_1_87' title='bbox 734 1270 883 1331; x_wconf 89' lang='lat' dir='ltr'><strong>honorem</strong></span> <span class='ocrx_word' id='word_1_88' title='bbox 913 1272 1042 1347; x_wconf 84' lang='lat' dir='ltr'><strong>deferre,</strong></span> 
     </span>
     <span class='ocr_line' id='line_1_14' title="bbox 124 1352 1042 1435; baseline 0.004 -23"><span class='ocrx_word' id='word_1_89' title='bbox 124 1355 175 1432; x_wconf 93' lang='lat' dir='ltr'><strong>qui</strong></span> <span class='ocrx_word' id='word_1_90' title='bbox 197 1353 346 1414; x_wconf 81' lang='lat' dir='ltr'><strong>Oononioi</strong></span> <span class='ocrx_word' id='word_1_91' title='bbox 379 1352 589 1433; x_wconf 79' lang='lat' dir='ltr'><strong>appellantur,</strong></span> <span class='ocrx_word' id='word_1_92' title='bbox 618 1359 738 1413; x_wconf 89' lang='lat' dir='ltr'><strong>eeteros</strong></span> <span class='ocrx_word' id='word_1_93' title='bbox 769 1362 871 1414; x_wconf 88' lang='lat' dir='ltr'><strong>autem</strong></span> <span class='ocrx_word' id='word_1_94' title='bbox 893 1356 936 1415; x_wconf 93' lang='lat' dir='ltr'><strong>ita</strong></span> <span class='ocrx_word' id='word_1_95' title='bbox 958 1355 1042 1435; x_wconf 84' lang='lat' dir='ltr'><strong>lego,</strong></span> 
     </span>
     <span class='ocr_line' id='line_1_15' title="bbox 125 1434 1042 1519; baseline 0.003 -24"><span class='ocrx_word' id='word_1_96' title='bbox 125 1443 174 1515; x_wconf 91' lang='lat' dir='ltr'><strong>ut,</strong></span> <span class='ocrx_word' id='word_1_97' title='bbox 197 1437 387 1515; x_wconf 83' lang='lat' dir='ltr'><strong>quantalibet</strong></span> <span class='ocrx_word' id='word_1_98' title='bbox 409 1434 550 1495; x_wconf 77' lang='lat' dir='ltr'><strong>doctriua</strong></span> <span class='ocrx_word' id='word_1_99' title='bbox 570 1437 793 1515; x_wconf 79' lang='lat' dir='ltr'><strong>sanctitateque</strong></span> <span class='ocrx_word' id='word_1_100' title='bbox 815 1434 1042 1519; x_wconf 77' lang='lat' dir='ltr'><strong>praepolleant,</strong></span> 
     </span>
     <span class='ocr_line' id='line_1_16' title="bbox 125 1518 1041 1600; baseline -0.001 -19"><span class='ocrx_word' id='word_1_101' title='bbox 125 1538 188 1581; x_wconf 91' lang='lat' dir='ltr'><strong>non</strong></span> <span class='ocrx_word' id='word_1_102' title='bbox 209 1519 281 1581; x_wconf 89' lang='lat' dir='ltr'><strong>ideo</strong></span> <span class='ocrx_word' id='word_1_103' title='bbox 303 1539 409 1581; x_wconf 84' lang='lat' dir='ltr'><strong>rerum</strong></span> <span class='ocrx_word' id='word_1_104' title='bbox 431 1518 620 1594; x_wconf 82' lang='lat' dir='ltr'><strong>existimem,</strong></span> <span class='ocrx_word' id='word_1_105' title='bbox 644 1520 715 1598; x_wconf 87' lang='lat' dir='ltr'><strong>quia</strong></span> <span class='ocrx_word' id='word_1_106' title='bbox 737 1518 781 1581; x_wconf 93' lang='lat' dir='ltr'><strong>illi</strong></span> <span class='ocrx_word' id='word_1_107' title='bbox 803 1521 848 1580; x_wconf 91' lang='lat' dir='ltr'><strong>sio</strong></span> <span class='ocrx_word' id='word_1_108' title='bbox 869 1529 1041 1600; x_wconf 86' lang='lat' dir='ltr'><strong>senserunt,</strong></span> 
     </span>
     <span class='ocr_line' id='line_1_17' title="bbox 125 1598 1042 1683; baseline 0.003 -21"><span class='ocrx_word' id='word_1_109' title='bbox 125 1602 180 1663; x_wconf 89' lang='lat' dir='ltr'><strong>sed</strong></span> <span class='ocrx_word' id='word_1_110' title='bbox 202 1603 229 1663; x_wconf 89' lang='lat' dir='ltr'><strong>si</strong></span> <span class='ocrx_word' id='word_1_111' title='bbox 251 1622 290 1663; x_wconf 89' lang='lat' dir='ltr'><strong>ex</strong></span> <span class='ocrx_word' id='word_1_112' title='bbox 311 1602 397 1667; x_wconf 82' lang='lat' dir='ltr'><strong>libris</strong></span> <span class='ocrx_word' id='word_1_113' title='bbox 414 1598 578 1663; x_wconf 78' lang='lat' dir='ltr'><strong>Canonieis</strong></span> <span class='ocrx_word' id='word_1_114' title='bbox 597 1601 649 1663; x_wconf 89' lang='lat' dir='ltr'><strong>vel</strong></span> <span class='ocrx_word' id='word_1_115' title='bbox 659 1598 811 1683; x_wconf 89' lang='lat' dir='ltr'><strong>probabili</strong></span> <span class='ocrx_word' id='word_1_116' title='bbox 826 1603 949 1669; x_wconf 86' lang='lat' dir='ltr'><strong>ratione</strong></span> <span class='ocrx_word' id='word_1_117' title='bbox 969 1603 1042 1681; x_wconf 87' lang='lat' dir='ltr'><strong>milri</strong></span> 
     </span>
     <span class='ocr_line' id='line_1_18' title="bbox 123 1682 813 1767; baseline -0.012 -21"><span class='ocrx_word' id='word_1_118' title='bbox 123 1684 310 1764; x_wconf 85' lang='lat' dir='ltr'><strong>persuadere</strong></span> <span class='ocrx_word' id='word_1_119' title='bbox 332 1688 504 1767; x_wconf 85' lang='lat' dir='ltr'><strong>potuerunt.</strong></span> <span class='ocrx_word' id='word_1_120' title='bbox 541 1682 546 1691; x_wconf 89' lang='lat'>&#39;</span> <span class='ocrx_word' id='word_1_121' title='bbox 808 1730 813 1738; x_wconf 91' lang='lat'><em>.</em></span> 
     </span>
    </p>

    <p class='ocr_par' dir='ltr' id='par_1_4' title="bbox 122 1764 1043 2263">
     <span class='ocr_line' id='line_1_19' title="bbox 187 1764 1042 1857; baseline 0.001 -28"><span class='ocrx_word' id='word_1_122' title='bbox 187 1767 266 1844; x_wconf 80' lang='lat' dir='ltr'><strong>Quin</strong></span> <span class='ocrx_word' id='word_1_123' title='bbox 290 1769 382 1831; x_wconf 87' lang='lat' dir='ltr'><strong>etiam</strong></span> <span class='ocrx_word' id='word_1_124' title='bbox 404 1767 462 1847; x_wconf 90' lang='lat' dir='ltr'><strong>ipsi</strong></span> <span class='ocrx_word' id='word_1_125' title='bbox 484 1765 626 1843; x_wconf 85' lang='lat' dir='ltr'><strong>Juristae,</strong></span> <span class='ocrx_word' id='word_1_126' title='bbox 647 1765 686 1828; x_wconf 90' lang='lat' dir='ltr'><strong>de</strong></span> <span class='ocrx_word' id='word_1_127' title='bbox 705 1765 815 1846; x_wconf 89' lang='lat' dir='ltr'><strong>quibus</strong></span> <span class='ocrx_word' id='word_1_128' title='bbox 837 1769 937 1830; x_wconf 88' lang='lat' dir='ltr'><strong>minus</strong></span> <span class='ocrx_word' id='word_1_129' title='bbox 959 1764 1042 1857; x_wconf 67' lang='lat' dir='ltr'><strong>vide3</strong></span> 
     </span>
     <span class='ocr_line' id='line_1_20' title="bbox 123 1844 1043 1933; baseline 0.004 -22"><span class='ocrx_word' id='word_1_130' title='bbox 123 1858 221 1930; x_wconf 89' lang='lat' dir='ltr'><strong>retur,</strong></span> <span class='ocrx_word' id='word_1_131' title='bbox 253 1852 284 1911; x_wconf 92' lang='lat' dir='ltr'><strong>in</strong></span> <span class='ocrx_word' id='word_1_132' title='bbox 306 1870 374 1933; x_wconf 87' lang='lat' dir='ltr'><strong>eap.</strong></span> <span class='ocrx_word' id='word_1_133' title='bbox 398 1849 428 1925; x_wconf 82' lang='grc'><strong>1)</strong></span> <span class='ocrx_word' id='word_1_134' title='bbox 454 1844 653 1929; x_wconf 73' lang='lat' dir='ltr'><strong>significasti,</strong></span> <span class='ocrx_word' id='word_1_135' title='bbox 689 1849 728 1910; x_wconf 89' lang='lat' dir='ltr'><strong>de</strong></span> <span class='ocrx_word' id='word_1_136' title='bbox 759 1850 849 1914; x_wconf 88' lang='lat' dir='ltr'><strong>eleot.</strong></span> <span class='ocrx_word' id='word_1_137' title='bbox 871 1852 1043 1930; x_wconf 84' lang='lat' dir='ltr'><strong>statuerint,</strong></span> 
     </span>
     <span class='ocr_line' id='line_1_21' title="bbox 145 1933 1042 2018; baseline 0.004 -23"><span class='ocrx_word' id='word_1_138' title='bbox 145 1935 303 1996; x_wconf 89' lang='lat' dir='ltr'><strong>raevalere</strong></span> <span class='ocrx_word' id='word_1_139' title='bbox 328 1934 416 1994; x_wconf 91' lang='lat' dir='ltr'><strong>unius</strong></span> <span class='ocrx_word' id='word_1_140' title='bbox 450 1933 561 2015; x_wconf 85' lang='lat' dir='ltr'><strong>privati</strong></span> <span class='ocrx_word' id='word_1_141' title='bbox 591 1933 724 1995; x_wconf 88' lang='lat' dir='ltr'><strong>hominis</strong></span> <span class='ocrx_word' id='word_1_142' title='bbox 764 1935 946 2018; x_wconf 85' lang='lat' dir='ltr'><strong>sententiam</strong></span> <span class='ocrx_word' id='word_1_143' title='bbox 979 1941 1042 1999; x_wconf 78' lang='lat' dir='ltr'><strong>tam</strong></span> 
     </span>
     <span class='ocr_line' id='line_1_22' title="bbox 123 1954 1042 2097; baseline 0.002 -19"><span class='ocrx_word' id='word_1_144' title='bbox 123 1954 335 2080; x_wconf 70' lang='lat' dir='ltr'><strong>lontifioiflo.</strong></span> <span class='ocrx_word' id='word_1_145' title='bbox 359 2035 450 2096; x_wconf 87' lang='lat' dir='ltr'><strong>qnam</strong></span> <span class='ocrx_word' id='word_1_146' title='bbox 473 2014 605 2078; x_wconf 88' lang='lat' dir='ltr'><strong>oonoilio</strong></span> <span class='ocrx_word' id='word_1_147' title='bbox 629 2021 659 2078; x_wconf 91' lang='lat' dir='ltr'><strong>et</strong></span> <span class='ocrx_word' id='word_1_148' title='bbox 672 2014 842 2097; x_wconf 80' lang='lat' dir='ltr'><strong>Eoolesiae,</strong></span> <span class='ocrx_word' id='word_1_149' title='bbox 864 2019 890 2079; x_wconf 85' lang='lat' dir='ltr'><strong>si</strong></span> <span class='ocrx_word' id='word_1_150' title='bbox 913 2016 1042 2085; x_wconf 87' lang='lat' dir='ltr'><strong>meliore</strong></span> 
     </span>
     <span class='ocr_line' id='line_1_23' title="bbox 123 2097 1042 2178; baseline 0 -16"><span class='ocrx_word' id='word_1_151' title='bbox 123 2102 286 2162; x_wconf 86' lang='lat' dir='ltr'><strong>autoritate</strong></span> <span class='ocrx_word' id='word_1_152' title='bbox 313 2100 403 2160; x_wconf 89' lang='lat' dir='ltr'><strong>nixus</strong></span> <span class='ocrx_word' id='word_1_153' title='bbox 429 2098 519 2159; x_wconf 85' lang='lat' dir='ltr'><strong>fuerit</strong></span> <span class='ocrx_word' id='word_1_154' title='bbox 546 2097 597 2159; x_wconf 91' lang='lat' dir='ltr'><strong>vel</strong></span> <span class='ocrx_word' id='word_1_155' title='bbox 618 2100 748 2162; x_wconf 87' lang='lat' dir='ltr'><strong>ratione.</strong></span> <span class='ocrx_word' id='word_1_156' title='bbox 777 2099 853 2163; x_wconf 88' lang='lat' dir='ltr'><strong>Ideo</strong></span> <span class='ocrx_word' id='word_1_157' title='bbox 886 2099 961 2161; x_wconf 89' lang='lat' dir='ltr'><strong>nihil</strong></span> <span class='ocrx_word' id='word_1_158' title='bbox 983 2107 1042 2178; x_wconf 90' lang='lat' dir='ltr'><strong>est,</strong></span> 
     </span>
     <span class='ocr_line' id='line_1_24' title="bbox 122 2178 1041 2263; baseline 0.002 -20"><span class='ocrx_word' id='word_1_159' title='bbox 122 2182 204 2263; x_wconf 91' lang='lat' dir='ltr'><strong>quod</strong></span> <span class='ocrx_word' id='word_1_160' title='bbox 226 2183 375 2246; x_wconf 85' lang='lat' dir='ltr'><strong>Dominus</strong></span> <span class='ocrx_word' id='word_1_161' title='bbox 397 2183 538 2263; x_wconf 84' lang='lat' dir='ltr'><strong>egregius</strong></span> <span class='ocrx_word' id='word_1_162' title='bbox 562 2178 695 2262; x_wconf 88' lang='lat' dir='ltr'><strong>Doetor,</strong></span> <span class='ocrx_word' id='word_1_163' title='bbox 717 2183 826 2245; x_wconf 91' lang='lat' dir='ltr'><strong>voleus</strong></span> <span class='ocrx_word' id='word_1_164' title='bbox 849 2203 888 2244; x_wconf 86' lang='lat' dir='ltr'><strong>ex</strong></span> <span class='ocrx_word' id='word_1_165' title='bbox 907 2183 974 2244; x_wconf 90' lang='lat' dir='ltr'><strong>iure</strong></span> <span class='ocrx_word' id='word_1_166' title='bbox 995 2180 1041 2245; x_wconf 85' lang='lat' dir='ltr'><strong>di-</strong></span> 
     </span>
    </p>
   </div>
   <div class='ocr_carea' id='block_1_4' title="bbox 1 2264 1041 2349">
    <p class='ocr_par' dir='ltr' id='par_1_5' title="bbox 1 2264 1041 2349">
     <span class='ocr_line' id='line_1_25' title="bbox 1 2264 1041 2349; baseline 0.001 -23"><span class='ocrx_word' id='word_1_167' title='bbox 1 2319 3 2326; x_wconf 84' lang='lat'>.</span> <span class='ocrx_word' id='word_1_168' title='bbox 121 2268 193 2329; x_wconf 85' lang='lat' dir='ltr'><strong>rino</strong></span> <span class='ocrx_word' id='word_1_169' title='bbox 219 2272 327 2327; x_wconf 82' lang='lat' dir='ltr'><strong>eontra</strong></span> <span class='ocrx_word' id='word_1_170' title='bbox 348 2285 397 2325; x_wconf 92' lang='lat' dir='ltr'><strong>me</strong></span> <span class='ocrx_word' id='word_1_171' title='bbox 418 2283 556 2345; x_wconf 80' lang='lat' dir='ltr'><strong>urguere,</strong></span> <span class='ocrx_word' id='word_1_172' title='bbox 578 2264 705 2326; x_wconf 89' lang='lat' dir='ltr'><strong>dimisso</strong></span> <span class='ocrx_word' id='word_1_173' title='bbox 726 2267 791 2327; x_wconf 90' lang='lat' dir='ltr'><strong>iure</strong></span> <span class='ocrx_word' id='word_1_174' title='bbox 814 2265 918 2334; x_wconf 80' lang='lat' dir='ltr'><strong>dirino</strong></span> <span class='ocrx_word' id='word_1_175' title='bbox 940 2266 1041 2349; x_wconf 82' lang='lat' dir='ltr'><strong>arguit</strong></span> 
     </span>
    </p>
   </div>
   <div class='ocr_carea' id='block_1_5' title="bbox 120 2349 1043 3683">
    <p class='ocr_par' dir='ltr' id='par_1_6' title="bbox 122 2349 1040 2496">
     <span class='ocr_line' id='line_1_26' title="bbox 122 2349 1040 2431; baseline 0.002 -22"><span class='ocrx_word' id='word_1_176' title='bbox 122 2357 230 2410; x_wconf 88' lang='lat' dir='ltr'><strong>eontra</strong></span> <span class='ocrx_word' id='word_1_177' title='bbox 251 2369 300 2409; x_wconf 88' lang='lat' dir='ltr'><strong>me</strong></span> <span class='ocrx_word' id='word_1_178' title='bbox 323 2368 363 2411; x_wconf 89' lang='lat' dir='ltr'><strong>ex</strong></span> <span class='ocrx_word' id='word_1_179' title='bbox 385 2349 583 2409; x_wconf 86' lang='lat' dir='ltr'><strong>eolleetaneis</strong></span> <span class='ocrx_word' id='word_1_180' title='bbox 609 2349 783 2411; x_wconf 78' lang='lat' dir='ltr'><strong>haereticae</strong></span> <span class='ocrx_word' id='word_1_181' title='bbox 810 2350 969 2431; x_wconf 86' lang='lat' dir='ltr'><strong>pravitatis</strong></span> <span class='ocrx_word' id='word_1_182' title='bbox 991 2349 1040 2411; x_wconf 88' lang='lat' dir='ltr'><strong>Iu·</strong></span> 
     </span>
     <span class='ocr_line' id='line_1_27' title="bbox 146 2433 316 2496; baseline 0.018 -3"><span class='ocrx_word' id='word_1_183' title='bbox 146 2433 316 2496; x_wconf 84' lang='lat' dir='ltr'><strong>uisitorum.</strong></span> 
     </span>
    </p>

    <p class='ocr_par' dir='ltr' id='par_1_7' title="bbox 121 2451 1041 3013">
     <span class='ocr_line' id='line_1_28' title="bbox 125 2451 1039 2595; baseline 0 -18"><span class='ocrx_word' id='word_1_184' title='bbox 125 2451 144 2511; x_wconf 76' lang='lat' dir='ltr'>q</span> <span class='ocrx_word' id='word_1_185' title='bbox 205 2513 338 2577; x_wconf 86' lang='lat' dir='ltr'><strong>Proinde</strong></span> <span class='ocrx_word' id='word_1_186' title='bbox 358 2514 419 2575; x_wconf 89' lang='lat' dir='ltr'><strong>ista</strong></span> <span class='ocrx_word' id='word_1_187' title='bbox 438 2513 611 2595; x_wconf 88' lang='lat' dir='ltr'><strong>propositio</strong></span> <span class='ocrx_word' id='word_1_188' title='bbox 633 2512 783 2577; x_wconf 83' lang='lat' dir='ltr'><strong>Johannis</strong></span> <span class='ocrx_word' id='word_1_189' title='bbox 796 2514 892 2576; x_wconf 88' lang='lat' dir='ltr'><strong>Huss:</strong></span> <span class='ocrx_word' id='word_1_190' title='bbox 916 2515 959 2577; x_wconf 92' lang='lat' dir='ltr'><strong>Pa</strong></span> <span class='ocrx_word' id='word_1_191' title='bbox 981 2512 1039 2577; x_wconf 89' lang='lat' dir='ltr'><strong>alie</strong></span> 
     </span>
     <span class='ocr_line' id='line_1_29' title="bbox 121 2594 1041 2681; baseline 0.001 -23"><span class='ocrx_word' id='word_1_192' title='bbox 121 2597 253 2681; x_wconf 82' lang='lat' dir='ltr'><strong>dignitas</strong></span> <span class='ocrx_word' id='word_1_193' title='bbox 276 2618 294 2660; x_wconf 92' lang='lat' dir='ltr'><strong>a</strong></span> <span class='ocrx_word' id='word_1_194' title='bbox 316 2597 448 2659; x_wconf 76' lang='lat' dir='ltr'><strong>Caesare</strong></span> <span class='ocrx_word' id='word_1_195' title='bbox 469 2597 618 2677; x_wconf 91' lang='lat' dir='ltr'><strong>inolevit,</strong></span> <span class='ocrx_word' id='word_1_196' title='bbox 646 2598 672 2657; x_wconf 89' lang='lat' dir='ltr'><strong>si</strong></span> <span class='ocrx_word' id='word_1_197' title='bbox 694 2603 742 2658; x_wconf 89' lang='lat' dir='ltr'><strong>est</strong></span> <span class='ocrx_word' id='word_1_198' title='bbox 763 2594 863 2677; x_wconf 83' lang='lat' dir='ltr'><strong>salse,</strong></span> <span class='ocrx_word' id='word_1_199' title='bbox 897 2617 915 2658; x_wconf 91' lang='lat' dir='ltr'><strong>e</strong></span> <span class='ocrx_word' id='word_1_200' title='bbox 972 2594 1041 2661; x_wconf 80' lang='lat' dir='ltr'><strong>atur</strong></span> 
     </span>
     <span class='ocr_line' id='line_1_30' title="bbox 121 2676 1038 2762; baseline -0.001 -19"><span class='ocrx_word' id='word_1_201' title='bbox 121 2680 252 2762; x_wconf 88' lang='lat' dir='ltr'><strong>Platyna</strong></span> <span class='ocrx_word' id='word_1_202' title='bbox 272 2682 304 2741; x_wconf 93' lang='lat' dir='ltr'><strong>in</strong></span> <span class='ocrx_word' id='word_1_203' title='bbox 326 2680 389 2741; x_wconf 87' lang='lat' dir='ltr'><strong>vita</strong></span> <span class='ocrx_word' id='word_1_204' title='bbox 409 2679 568 2742; x_wconf 87' lang='lat' dir='ltr'><strong>Benedioti</strong></span> <span class='ocrx_word' id='word_1_205' title='bbox 591 2679 735 2761; x_wconf 78' lang='lat' dir='ltr'><strong>secundi,</strong></span> <span class='ocrx_word' id='word_1_206' title='bbox 757 2678 808 2741; x_wconf 93' lang='lat' dir='ltr'><strong>ubi</strong></span> <span class='ocrx_word' id='word_1_207' title='bbox 831 2680 936 2743; x_wconf 89' lang='lat' dir='ltr'><strong>soribit</strong></span> <span class='ocrx_word' id='word_1_208' title='bbox 958 2676 1038 2743; x_wconf 75' lang='lat' dir='ltr'><strong>Con·</strong></span> 
     </span>
     <span class='ocr_line' id='line_1_31' title="bbox 121 2760 1037 2846; baseline 0.002 -22"><span class='ocrx_word' id='word_1_209' title='bbox 121 2766 266 2826; x_wconf 88' lang='lat' dir='ltr'><strong>stantium</strong></span> <span class='ocrx_word' id='word_1_210' title='bbox 278 2764 330 2827; x_wconf 90' lang='lat' dir='ltr'><strong>lV.</strong></span> <span class='ocrx_word' id='word_1_211' title='bbox 350 2764 570 2846; x_wconf 88' lang='lat' dir='ltr'><strong>Imperatorem</strong></span> <span class='ocrx_word' id='word_1_212' title='bbox 582 2762 769 2825; x_wconf 77' lang='lat' dir='ltr'><strong>Graecorum</strong></span> <span class='ocrx_word' id='word_1_213' title='bbox 791 2765 941 2845; x_wconf 86' lang='lat' dir='ltr'><strong>sanxisse,</strong></span> <span class='ocrx_word' id='word_1_214' title='bbox 956 2760 1037 2826; x_wconf 90' lang='lat' dir='ltr'><strong>Pon-</strong></span> 
     </span>
     <span class='ocr_line' id='line_1_32' title="bbox 122 2842 1041 2929; baseline 0.003 -21"><span class='ocrx_word' id='word_1_215' title='bbox 122 2846 235 2911; x_wconf 88' lang='lat' dir='ltr'><strong>tifioem</strong></span> <span class='ocrx_word' id='word_1_216' title='bbox 247 2847 337 2911; x_wconf 84' lang='lat' dir='ltr'><strong>Rom.</strong></span> <span class='ocrx_word' id='word_1_217' title='bbox 359 2864 427 2908; x_wconf 89' lang='lat' dir='ltr'><strong>esse</strong></span> <span class='ocrx_word' id='word_1_218' title='bbox 448 2847 595 2908; x_wconf 80' lang='lat' dir='ltr'><strong>vicarium</strong></span> <span class='ocrx_word' id='word_1_219' title='bbox 609 2842 720 2908; x_wconf 79' lang='lat' dir='ltr'><strong>(ihristi</strong></span> <span class='ocrx_word' id='word_1_220' title='bbox 733 2844 927 2929; x_wconf 80' lang='lat' dir='ltr'><strong>generalem„</strong></span> <span class='ocrx_word' id='word_1_221' title='bbox 947 2865 1041 2927; x_wconf 88' lang='lat' dir='ltr'><strong>quan-</strong></span> 
     </span>
     <span class='ocr_line' id='line_1_33' title="bbox 123 2928 1040 3013; baseline 0.004 -23"><span class='ocrx_word' id='word_1_222' title='bbox 123 2949 214 3011; x_wconf 88' lang='lat' dir='ltr'><strong>quam</strong></span> <span class='ocrx_word' id='word_1_223' title='bbox 237 2950 295 2994; x_wconf 92' lang='lat' dir='ltr'><strong>nee</strong></span> <span class='ocrx_word' id='word_1_224' title='bbox 320 2932 364 2993; x_wconf 90' lang='lat' dir='ltr'><strong>sio</strong></span> <span class='ocrx_word' id='word_1_225' title='bbox 386 2931 425 2991; x_wconf 90' lang='lat' dir='ltr'><strong>sit</strong></span> <span class='ocrx_word' id='word_1_226' title='bbox 446 2928 639 2993; x_wconf 87' lang='lat' dir='ltr'><strong>observatum</strong></span> <span class='ocrx_word' id='word_1_227' title='bbox 662 2949 681 2989; x_wconf 89' lang='lat' dir='ltr'><strong>a</strong></span> <span class='ocrx_word' id='word_1_228' title='bbox 703 2928 852 2993; x_wconf 81' lang='lat' dir='ltr'><strong>Graeeiae</strong></span> <span class='ocrx_word' id='word_1_229' title='bbox 873 2930 1040 3013; x_wconf 88' lang='lat' dir='ltr'><strong>episeopis.</strong></span> 
     </span>
    </p>

    <p class='ocr_par' dir='ltr' id='par_1_8' title="bbox 120 3012 1043 3683">
     <span class='ocr_line' id='line_1_34' title="bbox 204 3012 1042 3097; baseline 0.002 -23"><span class='ocrx_word' id='word_1_230' title='bbox 204 3013 323 3091; x_wconf 79' lang='lat' dir='ltr'><strong>Quare,</strong></span> <span class='ocrx_word' id='word_1_231' title='bbox 353 3020 498 3094; x_wconf 88' lang='lat' dir='ltr'><strong>quantum</strong></span> <span class='ocrx_word' id='word_1_232' title='bbox 521 3031 570 3073; x_wconf 90' lang='lat' dir='ltr'><strong>me</strong></span> <span class='ocrx_word' id='word_1_233' title='bbox 592 3019 680 3095; x_wconf 82' lang='lat' dir='ltr'><strong>urget</strong></span> <span class='ocrx_word' id='word_1_234' title='bbox 701 3015 841 3097; x_wconf 80' lang='lat' dir='ltr'><strong>egregius</strong></span> <span class='ocrx_word' id='word_1_235' title='bbox 861 3012 1042 3091; x_wconf 81' lang='lat' dir='ltr'><strong>D.&#39;Doetor</strong></span> 
     </span>
     <span class='ocr_line' id='line_1_35' title="bbox 120 3094 1041 3181; baseline 0.004 -24"><span class='ocrx_word' id='word_1_236' title='bbox 120 3117 176 3178; x_wconf 92' lang='lat' dir='ltr'><strong>per</strong></span> <span class='ocrx_word' id='word_1_237' title='bbox 187 3094 342 3160; x_wconf 90' lang='lat' dir='ltr'><strong>Bohemos</strong></span> <span class='ocrx_word' id='word_1_238' title='bbox 364 3095 501 3159; x_wconf 89' lang='lat' dir='ltr'><strong>nondum</strong></span> <span class='ocrx_word' id='word_1_239' title='bbox 522 3102 819 3177; x_wconf 82' lang='lat' dir='ltr'><strong>eentumannorurn,</strong></span> <span class='ocrx_word' id='word_1_240' title='bbox 840 3098 956 3159; x_wconf 84' lang='lat' dir='ltr'><strong>tanturn</strong></span> <span class='ocrx_word' id='word_1_241' title='bbox 980 3116 1041 3181; x_wconf 79' lang='lat' dir='ltr'><strong>ege</strong></span> 
     </span>
     <span class='ocr_line' id='line_1_36' title="bbox 121 3174 1039 3263; baseline 0 -22"><span class='ocrx_word' id='word_1_242' title='bbox 121 3200 216 3263; x_wconf 84' lang='lat' dir='ltr'><strong>urgeo</strong></span> <span class='ocrx_word' id='word_1_243' title='bbox 240 3199 309 3243; x_wconf 91' lang='lat' dir='ltr'><strong>eum</strong></span> <span class='ocrx_word' id='word_1_244' title='bbox 331 3200 386 3263; x_wconf 89' lang='lat' dir='ltr'><strong>per</strong></span> <span class='ocrx_word' id='word_1_245' title='bbox 401 3178 587 3240; x_wconf 84' lang='lat' dir='ltr'><strong>orientalem</strong></span> <span class='ocrx_word' id='word_1_246' title='bbox 599 3174 773 3259; x_wconf 79' lang='lat' dir='ltr'><strong>ecelesiam,</strong></span> <span class='ocrx_word' id='word_1_247' title='bbox 797 3179 956 3241; x_wconf 87' lang='lat' dir='ltr'><strong>meliorem</strong></span> <span class='ocrx_word' id='word_1_248' title='bbox 972 3200 1039 3260; x_wconf 91' lang='lat' dir='ltr'><strong>par·</strong></span> 
     </span>
     <span class='ocr_line' id='line_1_37' title="bbox 121 3260 1043 3349; baseline -0.003 -24"><span class='ocrx_word' id='word_1_249' title='bbox 121 3260 182 3325; x_wconf 81' lang='lat' dir='ltr'><strong>tem</strong></span> <span class='ocrx_word' id='word_1_250' title='bbox 205 3263 385 3326; x_wconf 88' lang='lat' dir='ltr'><strong>universalis</strong></span> <span class='ocrx_word' id='word_1_251' title='bbox 409 3262 569 3342; x_wconf 78' lang='lat' dir='ltr'><strong>ecelesiae,</strong></span> <span class='ocrx_word' id='word_1_252' title='bbox 591 3268 623 3323; x_wconf 89' lang='lat' dir='ltr'><strong>et</strong></span> <span class='ocrx_word' id='word_1_253' title='bbox 644 3263 728 3327; x_wconf 91' lang='lat' dir='ltr'><strong>mille</strong></span> <span class='ocrx_word' id='word_1_254' title='bbox 746 3263 1043 3349; x_wconf 30' lang='lat' dir='ltr'><strong>quadringentorum·</strong></span> 
     </span>
     <span class='ocr_line' id='line_1_38' title="bbox 121 3342 1040 3426; baseline 0.003 -19"><span class='ocrx_word' id='word_1_255' title='bbox 121 3367 281 3410; x_wconf 87' lang='lat' dir='ltr'><strong>annorum.</strong></span> <span class='ocrx_word' id='word_1_256' title='bbox 316 3347 347 3408; x_wconf 82' lang='lat' dir='ltr'><strong>Si</strong></span> <span class='ocrx_word' id='word_1_257' title='bbox 368 3344 413 3407; x_wconf 89' lang='lat' dir='ltr'><strong>illi</strong></span> <span class='ocrx_word' id='word_1_258' title='bbox 436 3351 507 3407; x_wconf 88' lang='lat' dir='ltr'><strong>sunt</strong></span> <span class='ocrx_word' id='word_1_259' title='bbox 529 3344 688 3426; x_wconf 85' lang='lat' dir='ltr'><strong>haeretiei,</strong></span> <span class='ocrx_word' id='word_1_260' title='bbox 710 3347 781 3426; x_wconf 86' lang='lat' dir='ltr'><strong>quia</strong></span> <span class='ocrx_word' id='word_1_261' title='bbox 802 3345 893 3407; x_wconf 88' lang='lat' dir='ltr'><strong>Rom.</strong></span> <span class='ocrx_word' id='word_1_262' title='bbox 916 3342 1040 3411; x_wconf 85' lang='lat' dir='ltr'><strong>Pontifi-</strong></span> 
     </span>
     <span class='ocr_line' id='line_1_39' title="bbox 120 3427 1040 3511; baseline 0.003 -23"><span class='ocrx_word' id='word_1_263' title='bbox 120 3448 187 3491; x_wconf 90' lang='lat' dir='ltr'><strong>oem</strong></span> <span class='ocrx_word' id='word_1_264' title='bbox 209 3451 273 3493; x_wconf 92' lang='lat' dir='ltr'><strong>non</strong></span> <span class='ocrx_word' id='word_1_265' title='bbox 296 3433 505 3511; x_wconf 83' lang='lat' dir='ltr'><strong>agnoverunt,</strong></span> <span class='ocrx_word' id='word_1_266' title='bbox 533 3428 722 3491; x_wconf 80' lang='lat' dir='ltr'><strong>hoereticum</strong></span> <span class='ocrx_word' id='word_1_267' title='bbox 752 3429 905 3491; x_wconf 86' lang='lat' dir='ltr'><strong>aoeusabo</strong></span> <span class='ocrx_word' id='word_1_268' title='bbox 934 3427 1040 3505; x_wconf 83' lang='lat' dir='ltr'><strong>adver-¹</strong></span> 
     </span>
     <span class='ocr_line' id='line_1_40' title="bbox 120 3508 1041 3593; baseline -0.001 -20"><span class='ocrx_word' id='word_1_269' title='bbox 120 3512 250 3592; x_wconf 87' lang='lat' dir='ltr'><strong>sarium,</strong></span> <span class='ocrx_word' id='word_1_270' title='bbox 274 3514 324 3593; x_wconf 92' lang='lat' dir='ltr'><strong>qui</strong></span> <span class='ocrx_word' id='word_1_271' title='bbox 347 3519 394 3574; x_wconf 89' lang='lat' dir='ltr'><strong>tot</strong></span> <span class='ocrx_word' id='word_1_272' title='bbox 416 3508 548 3574; x_wconf 82' lang='lat' dir='ltr'><strong>Sanotos</strong></span> <span class='ocrx_word' id='word_1_273' title='bbox 571 3532 625 3593; x_wconf 88' lang='lat' dir='ltr'><strong>per</strong></span> <span class='ocrx_word' id='word_1_274' title='bbox 647 3512 851 3577; x_wconf 86' lang='lat' dir='ltr'><strong>universalem</strong></span> <span class='ocrx_word' id='word_1_275' title='bbox 874 3510 1041 3581; x_wconf 72' lang='lat' dir='ltr'><strong>eeclesiam</strong></span> 
     </span>
     <span class='ocr_line' id='line_1_41' title="bbox 121 3593 1041 3683; baseline 0 -27"><span class='ocrx_word' id='word_1_276' title='bbox 121 3597 293 3659; x_wconf 75' lang='lat' dir='ltr'><strong>celebratos</strong></span> <span class='ocrx_word' id='word_1_277' title='bbox 315 3593 407 3657; x_wconf 83' lang='lat' dir='ltr'><strong>audet</strong></span> <span class='ocrx_word' id='word_1_278' title='bbox 428 3596 565 3683; x_wconf 80' lang='lat' dir='ltr'><strong>asserere</strong></span> <span class='ocrx_word' id='word_1_279' title='bbox 580 3594 752 3675; x_wconf 75' lang='lat' dir='ltr'><strong>damnatos.</strong></span> <span class='ocrx_word' id='word_1_280' title='bbox 774 3593 952 3683; x_wconf 76' lang='lat' dir='ltr'><strong>Pereadern</strong></span> <span class='ocrx_word' id='word_1_281' title='bbox 970 3594 1041 3677; x_wconf 73' lang='lat' dir='ltr'><strong>(lieo</strong></span> 
     </span>
    </p>
   </div>
   <div class='ocr_carea' id='block_1_6' title="bbox 149 3715 540 3727">
    <p class='ocr_par' dir='ltr' id='par_1_9' title="bbox 149 3715 540 3727">
     <span class='ocr_line' id='line_1_42' title="bbox 149 3715 540 3727; baseline 0.008 -5"><span class='ocrx_word' id='word_1_282' title='bbox 149 3715 218 3725; x_wconf 56' lang='grc' dir='ltr'>η--ιο-</span> <span class='ocrx_word' id='word_1_283' title='bbox 227 3718 300 3724; x_wconf 80' lang='grc'><em>-..--.</em></span> <span class='ocrx_word' id='word_1_284' title='bbox 317 3718 345 3725; x_wconf 66' lang='grc'><strong>..-</strong></span> <span class='ocrx_word' id='word_1_285' title='bbox 351 3719 356 3725; x_wconf 87' lang='grc'>.</span> <span class='ocrx_word' id='word_1_286' title='bbox 370 3719 387 3725; x_wconf 80' lang='lat'>-</span> <span class='ocrx_word' id='word_1_287' title='bbox 394 3718 429 3727; x_wconf 70' lang='lat'><em>...—</em></span> <span class='ocrx_word' id='word_1_288' title='bbox 435 3718 540 3727; x_wconf 59' lang='lat' dir='ltr'><strong>---n-...0</strong></span> 
     </span>
    </p>
   </div>
   <div class='ocr_carea' id='block_1_7' title="bbox 157 3767 440 3836">
    <p class='ocr_par' dir='ltr' id='par_1_10' title="bbox 157 3767 440 3836">
     <span class='ocr_line' id='line_1_43' title="bbox 157 3767 440 3836; baseline 0.004 -17"><span class='ocrx_word' id='word_1_289' title='bbox 157 3767 188 3836; x_wconf 87' lang='grc'><strong>1)</strong></span> <span class='ocrx_word' id='word_1_290' title='bbox 210 3768 360 3823; x_wconf 85' lang='lat' dir='ltr'><strong>Lnesoher:</strong></span> <span class='ocrx_word' id='word_1_291' title='bbox 381 3784 440 3821; x_wconf 85' lang='lat' dir='ltr'><strong>oen.</strong></span> 
     </span>
    </p>
   </div>
   <div class='ocr_carea' id='block_1_8' title="bbox 0 0 1178 4208">
    <p class='ocr_par' dir='ltr' id='par_1_11' title="bbox 0 0 1178 4208">
     <span class='ocr_line' id='line_1_44' title="bbox 0 0 1178 4208; baseline 0 1"><span class='ocrx_word' id='word_1_292' title='bbox 0 0 1178 4208; x_wconf 95' lang='lat' dir='ltr'><strong> </strong></span> 
     </span>
    </p>
   </div>
  </div>
 </body>
</html>
