2346 4208
326 283 426 333 eontra
441 293 550 334 errores
571 277 702 334 attath.
923 270 988 344 277

100 468 131 546 i)
155 465 336 528 Haeretieos
358 465 506 530 eombmi.
549 467 596 528 lta
620 468 846 548 existimantes,
868 488 930 530 non
953 469 986 530 li-

100 569 176 612 eere
208 550 262 612 tibi
292 568 476 630 quemqnam
497 548 686 630 interiiaere,
715 550 827 613 nedum
856 552 987 614 haereas

102 652 193 711 oum,
228 651 318 713 quem
352 632 482 714 abipso
507 634 638 713 primum
662 635 801 714 Christo,
834 634 946 697 deinde
962 654 987 698 n

100 715 201 779 Panlo
215 733 339 796 quoqne
351 717 452 776 iussus
466 735 511 795 es,
533 715 564 776 si·
577 718 712 778 monitus
733 736 795 780 non
817 720 986 800 resipiseat,

101 798 220 879 habere
240 806 387 879 tanquam
410 798 565 859 ethnicum
591 808 622 861 et
643 800 855 882 publinanum,
875 820 915 863 ae
936 798 987 863 de-

103 882 212 944 vitare.
254 881 364 961 Neque
396 882 469 942 item
492 881 667 944 eondnnere
690 884 744 945 tibi
767 885 986 961 existimamus,

103 966 204 1025 uteie
239 966 385 1026 attoniter
413 964 445 1025 in
474 963 534 1025 hos
567 968 727 1046 eonsules,
764 986 804 1028 ne
827 968 988 1029 eombuata

102 1048 248 1127 universa
274 1047 328 1109 illa
363 1056 415 1109 tna
437 1047 529 1108 Curia
560 1049 626 1130 (eat
647 1051 728 1111 enim
757 1069 798 1112 ex
824 1051 986 1112 haereticis

100 1131 355 1211 atraequioribns
377 1130 478 1192 adhue
491 1130 617 1212 multo)
633 1142 664 1193 ιε
687 1152 810 1214 quoque
832 1135 862 1195 in
884 1136 987 1197 vieino

101 1213 158 1277 tibi
179 1213 325 1277 inoendio
349 1212 533 1294 conflagres.

145 1296 204 1368 34)
229 1295 424 1374 Proeliarik)
448 1295 597 1358 adversus
610 1297 726 1360 Tureas
748 1308 796 1361 est
815 1319 988 1385 repugnare

58 1382 130 1442 Deo
154 1381 289 1443 visitanti
311 1381 488 1460 iniquitates
511 1380 690 1458 nostras1).

101 1464 143 1540 k)
168 1461 264 1526 Vobis
287 1463 408 1543 quidem
421 1456 621 1524 Pontificibus
641 1465 703 1526 hoa
716 1464 858 1545 proeliari
880 1472 990 1538 eontra

102 1545 219 1608 Tureae
241 1565 337 1626 saepe
357 1548 418 1607 iam
441 1564 556 1625 magno
579 1547 636 1608 fnit
657 1547 759 1626 luero,
796 1544 878 1609 dnm
897 1568 989 1629 peen-

100 1629 185 1690 niam
207 1630 355 1710 exegistis
377 1631 408 1690 in
431 1629 600 1690 Germania
623 1636 770 1710 quantem
791 1627 897 1711 lib'nit,
927 1650 988 1710 qua

103 1710 335 1792 expeditionem
363 1712 445 1773 hene
474 1709 523 1788 (id
545 1713 628 1791 quod
650 1733 806 1794 nunquam
829 1712 988 1795 nominatis

102 1796 206 1864 aerio).
224 1796 497 1876 prosequeremini.
530 1795 609 1857 Nam
631 1798 658 1857 si
679 1798 775 1858 semel
798 1794 989 1858 debellaren-

71 1936 74 1940 .
102 1887 152 1940 tur
172 1877 309 1957 Tureae,
331 1897 422 1959 quem
445 1888 555 1960 postea
576 1879 697 1941 hostem
719 1879 836 1961 fingere
857 1879 987 1950 velletis,

69 2009 73 2017 .
102 1968 267 2043 tantopere
290 1962 553 2044 oppugnandum?
576 1962 678 2039 Quare
701 1963 802 2024 mitius
816 1963 881 2024 Leo
896 1964 988 2023 iraeai

105 2043 203 2107 debes
226 2044 427 2124 Germaniae,
463 2046 546 2127 quod
569 2046 693 2108 biennio
715 2045 828 2107 adhine
849 2065 912 2107 non
936 2066 987 2106 au-

102 2128 181 2189 divit
202 2134 286 2190 tuam
307 2130 338 2189 in
360 2129 475 2191 Turnat
509 2129 769 2192 exhortationem.
810 2128 881 2190 Non
904 2130 985 2190 enim

103 2209 266 2272 videbatur
286 2231 356 2271 esee
376 2213 436 2272 nisi
456 2215 644 2294 impostura,
679 2219 711 2273 et
743 2231 811 2272 oum
834 2211 907 2273 dolo
931 2232 987 2292 per

105 2293 303 2355 oenasionem
326 2296 483 2358 avaritiae.

146 2374 205 2459 35)
228 2375 328 2438 Nemo
351 2384 399 2438 est
420 2385 537 2455 certus,
570 2396 604 2438 se
625 2396 688 2439 non
713 2397 835 2457 semper
857 2397 988 2458 peceare

64 2458 252 2538 mortaliter,
281 2466 407 2540 propter
428 2460 667 2521 occultissimum
689 2459 851 2540 superbiae
871 2462 988 2522 vitium.

131 2539 192 2623 36)
212 2541 524 2605 Liberum-arbitrium
539 2548 611 2623 poet
627 2548 787 2622 peeoatum
810 2549 858 2603 eet
878 2563 928 2604 res
950 2543 989 2603 de

63 2624 132 2686 solo
158 2624 264 2704 titulo,
296 2632 328 2686 et
357 2624 429 2686 dum
453 2626 534 2704 feeit,
563 2623 646 2704 quod
674 2626 704 2685 in
728 2643 762 2685 se
783 2631 845 2704 est,
878 2632 988 2706 peooat

63 2707 244 2769 mortaliter.

148 2789 206 2874 37)
232 2790 445 2873 purgatorium
468 2810 531 2853 non
562 2797 666 2872 potest
687 2790 811 2871 probari
837 2811 876 2850 ex
900 2808 988 2851 saera

64 2875 232 2956 Scriptura,
256 2893 335 2954 quae
357 2876 447 2935 sitin
473 2874 610 2937 Oenone.

148 2958 205 3032 38)
230 2957 363 3019 Animae
384 2959 416 3018 in
430 2957 686 3039 Purgatorionon
709 2962 780 3016 sunt
801 2974 928 3017 securae
951 2956 990 3017 de
1105 2985 1117 2995 ·

64 3061 172 3102 eorum
189 3039 220 3114 ²)
246 3040 361 3118 salute,
389 3040 498 3102 saltem
522 3060 646 3118 omnes,
680 3058 739 3101 nee
760 3039 921 3119 probatum
944 3049 991 3100 est

64 3124 146 3187 aliie,
159 3133 214 3183 ant
234 3123 404 3185 rationibus
426 3131 479 3184 ant
499 3123 681 3204 seripturis,
704 3123 787 3203 ipsas
812 3141 880 3183 esse
903 3131 990 3182 extra

63 3214 178 3269 statum
202 3206 339 3267 merendi
362 3215 415 3267 aut
436 3205 597 3287 augendae
620 3207 765 3267 tentatie.

148 3289 207 3372 39)
232 3288 364 3351 Animae
378 3291 408 3349 in
422 3290 599 3370 purgatorio
616 3297 746 3369 peeaant
761 3290 829 3349 eine
840 3288 990 3356 intermis-

65 3375 167 3450 sione,
209 3373 333 3433 uamdiu
346 3382 497 3452 quaerunt
516 3373 652 3453 requiem
675 3378 707 3432 et
717 3371 844 3432 horrent
863 3389 989 3450 poenas.

97 3502 100 3507 -
151 3391 211 3537 43)
235 3457 365 3516 Animae
380 3475 419 3516 ex
432 3456 613 3537 ¹purgatorio
628 3455 774 3516 liberatae
786 3453 937 3534 suffrsgiie
949 3454 991 3512 vi-

65 3539 204 3599 ventium
235 3540 333 3598 minus
365 3539 510 3615 beantur,
541 3557 631 3618 quam
662 3540 686 3598 ei
716 3557 771 3617 per
793 3556 827 3597 se
848 3538 924 3597 satis
950 3536 991 3596 fe·

65 3624 193 3682 eissent.

99 3768 353 3874 timentium.
362 3791 549 3848 additnmest:
560 3807 611 3861 per
621 3791 695 3857 illos.
714 3790 874 3859 2JJbidem:
887 3807 992 3847 aarum·
