2346 4208
428 248 462 303 de
481 251 683 303 matrimonio..
950 246 1013 312 449

92 431 118 490 si
141 431 209 509 quis
232 440 325 510 queat
342 434 473 512 assequi.
515 431 574 507 Qui
597 440 698 493 autem
720 451 783 492 uon
805 441 917 513 potest,
939 452 1011 494 cou-

90 513 193 573 trahat
225 513 395 594 legitimum
428 517 666 578 matrimonium.
709 515 811 576 Satius
847 517 928 576 enim
963 526 1012 577 est

91 596 274 657 contrahere
296 617 388 678 quam
409 600 455 660 uri
469 598 525 678 ⁸⁸¹),
559 605 590 659 et
623 607 723 660 tamen
746 599 856 660 melior
875 600 1010 678 casatas,

91 680 117 738 si
140 680 190 739 cui
210 683 379 762 contingat.

174 761 331 842 Ceterum,
374 764 518 824 doctores
563 765 643 824 circa
683 767 910 826 matrimonium
944 767 1010 826 tria

92 845 175 906 bona
196 849 427 944 excogitarunt,
456 848 503 907 his
531 855 692 916 caventes
719 868 759 908 ne
786 849 916 909 carnalis
939 867 1010 909 cou-

90 929 281 1008 cupiscentia
308 932 433 992 omnino
464 937 547 991 esset
569 931 733 992 mortifera.
777 931 894 1006 Primo,
928 931 1009 1010 quod

92 1020 330 1074 connumeratur
355 1016 435 1074 inter
456 1021 658 1076 sacramenta
701 1014 931 1076 Sacramentum
954 1017 1009 1074 sci·
1091 1025 1094 1028 ’

91 1095 165 1156 licet
185 1098 230 1156 rei
252 1115 358 1157 sacrae
381 1098 502 1176 siguum
525 1104 581 1174 est,
604 1097 760 1176 spirituale
772 1116 930 1178 quipplam
951 1099 1010 1178 sig·

91 1176 241 1257 nificare,
277 1180 413 1240 coeleste
447 1187 479 1239 et
510 1186 561 1239 aet
562 1199 677 1241 eruum
727 1180 870 1260 Exempli
902 1182 1010 1260 gratia,

91 1260 270 1340 baptismus,
293 1282 354 1343 quo
377 1262 549 1342 presbyteri
572 1282 683 1359 pueros
706 1262 842 1339 abluunt,
865 1264 1009 1338 divinam,

91 1352 231 1405 sanctam
258 1354 290 1406 et
317 1352 473 1406 aeternam
502 1346 560 1405 Dei
591 1347 720 1426 gratiam
742 1347 901 1426 designat,
931 1366 1010 1426 quae

91 1427 181 1488 simul
202 1428 369 1488 infunditur
389 1430 420 1488 in
443 1447 554 1507 corpus
576 1436 608 1488 et
630 1430 764 1489 animam
787 1429 948 1509 baptizati,
980 1439 1011 1491 et

90 1528 170 1589 quae
201 1518 312 1591 purgat
350 1531 368 1570 a
403 1519 531 1590 peccato
567 1512 724 1591 originali4
753 1513 869 1573 faciens
907 1515 1011 1574 omnia

90 1593 205 1654 munda
226 1594 434 1674 templumque
458 1595 524 1655 Dei.
567 1595 662 1672 Haec,
685 1596 819 1674 inquam,
842 1596 1010 1675 spiritualia

89 1683 160 1736 sunt
189 1683 233 1737 et¹
248 1678 459 1756 corporalibus
490 1678 687 1755 externisque
714 1679 804 1738 rebus
831 1678 926 1758 longe
949 1697 1008 1738 ma
1075 1744 1079 1750 ,

90 1760 168 1835 iota,
189 1779 244 1839 per
266 1779 345 1839 quae
356 1767 633 1839 repraesentantur.

172 1842 397 1903 Matrimonium
430 1863 505 1922 ergo
536 1850 760 1903 sacramentum
789 1842 909 1904 dicitur.
954 1844 1008 1905 usa

88 1944 222 2004 namque
245 1934 336 2007 typus
357 1928 402 1987 rei
423 1926 633 1987 nobilissimae
659 1933 690 1985 et
704 1927 926 2004 sanctissimae,
948 1927 1008 1988 hoc

87 2015 146 2086 est,
163 2011 285 2070 unionis
307 2009 459 2069 humanae
482 2016 513 2068 et
535 2009 657 2069 divinae
678 2015 806 2069 naturae
827 2011 858 2069 in
877 2009 1008 2071 Christo.

88 2090 168 2151 Hinc
190 2093 288 2172 inquit
310 2092 421 2152 Paulus
436 2092 488 2167 *):
525 2091 789 2166 Quemadmodum
819 2095 865 2153 vir
892 2101 923 2153 et
945 2114 1007 2153 mu·

89 2174 146 2234 lier
174 2175 234 2235 duo
268 2175 418 2254 quaedam
448 2194 541 2234 unum
569 2184 639 2235 sunt
672 2177 702 2235 in
735 2195 827 2236 carne
855 2196 929 2253 una,
966 2179 1009 2237 ita

88 2258 171 2317 Deus
194 2271 225 2317 et
246 2259 338 2318 homo
359 2278 437 2317 unus
460 2258 613 2336 Christus,
635 2260 678 2319 ita
700 2259 837 2319 Christus
859 2268 889 2320 et
911 2261 1007 2320 eccle·

88 2343 135 2399 sia
157 2343 403 2421 unum'corpus‚
438 2341 521 2420 quod
549 2343 688 2421 profecto
716 2363 859 2422 magnum
890 2350 937 2404 est
963 2363 1008 2403 sa·

89 2433 289 2484 uramentum.

172 2507 304 2567 Omnino
327 2509 431 2587 itaque
463 2526 511 2566 res
536 2513 643 2566 sancta
672 2515 719 2567 est
746 2515 776 2566 et
798 2528 886 2568 sacra
908 2511 1007 2568 matri·

89 2593 243 2669 monium,
278 2592 302 2650 si
331 2593 387 2650 rite
414 2592 504 2650 fuerit
525 2590 734 2667 observatum,
772 2593 802 2649 iu
825 2592 909 2650 cuius
931 2599 1006 2672 typo

87 2674 277 2754 significatur
297 2675 338 2752 is,
361 2675 430 2752 qui,
452 2693 521 2733 cum
544 2673 626 2732 Deus
649 2681 740 2752 esset7
762 2674 859 2732 factus
883 2684 930 2733 est
953 2675 1005 2735 ho·

87 2776 148 2834 mo,
173 2759 224 2836 qui
246 2776 315 2816 cum
337 2759 368 2817 in
390 2757 505 2833 coelia,
527 2756 676 2816 habitavit
696 2757 727 2815 in
749 2757 938 2838 hominihus,
961 2777 1005 2817 se·

87 2848 151 2901 met
173 2841 232 2900 illis
255 2842 449 2919 impartiens,
487 2841 572 2899 cuius
596 2840 739 2919 exemplo
762 2841 910 2919 coniuges
933 2859 1005 2918 quo-

87 2943 148 3003 que
170 2926 284 2983 vivant.

169 3005 399 3066 Adverteudum
424 3013 471 3066 est
491 3005 558 3081 hic,
594 3005 643 3065 vel
676 3013 801 3086 propter
823 3006 878 3065 Dei
910 3006 1005 3065 hono-

86 3110 166 3168 rem,
200 3110 290 3170 quam
315 3096 542 3149 sacrosanctam
564 3108 626 3148 rem
650 3096 862 3168 repraesentet
883 3087 1005 3168 copula·
1031 3126 1037 3144 .

86 3176 129 3233 tio
152 3175 208 3233 viri
230 3181 261 3233 et
281 3172 431 3250 mulieris,
455 3181 537 3232 certe
559 3172 779 3232 humanitatem
803 3171 914 3231 Christi
936 3172 1005 3231 lesu

85 3259 261 3317 servatoris.
297 3256 324 3314 A
348 3275 408 3335 quo
431 3256 491 3314 hoc
514 3255 664 3334 privilegii
686 3256 830 3333 manavit,
854 3274 892 3314 ne
915 3254 1003 3314 affec-

85 3347 134 3398 tus
158 3341 257 3399 earnis
279 3357 402 3418 prorsus
433 3346 537 3397 essent
558 3338 676 3398 letales.
731 3338 769 3397 Hi
792 3339 872 3397 enim
895 3339 926 3397 in
948 3358 1003 3397 no-

87 3422 133 3482 bis
152 3424 313 3500 exstirpari
336 3441 398 3481 uon
421 3427 551 3501 possunt
573 3423 708 3500 penitus,
733 3421 879 3480 mortiferi
903 3430 1003 3481 tamen

86 3513 167 3583 sunt,
192 3507 312 3584 quoties
335 3511 422 3564 extra
443 3505 672 3563 matrimonium
696 3512 922 3569 consumantur.

170 3588 363 3667 Quapropter
394 3588 542 3666 coniuges
570 3586 749 3666 dignitatem
782 3587 869 3646 huius
904 3607 1004 3647 sacra·

125 3781 150 3845 *)
171 3780 195 3832 1.
208 3777 331 3831 Corinth.
352 3777 376 3831 7.
403 3775 450 3842 ”l
469 3776 538 3844 Eph.
559 3778 583 3831 5.

112 3879 205 3920 humeri
219 3890 269 3929 opp.
285 3880 309 3921 V.
322 3882 349 3921 Δ.
366 3882 448 3923 adrat
461 3881 511 3923 hist
525 3883 540 3922 l.
554 3893 577 3933 p.
593 3882 643 3928 Vol.
657 3883 698 3923 lll.
800 3850 843 3915 (ὣ
