2346 4208
350 259 384 314 ue
400 259 527 315 libertate
545 258 710 314 cussum
921 253 984 322 2ῡὺ

57 444 132 525 quia
161 464 217 505 usu
240 446 376 506 omnium
408 444 616 526 legislatorum
640 451 829 505 terrenorum
857 444 888 504 iu
912 463 983 504 euu-

57 528 130 589 dem
154 547 277 588 sensum
301 535 349 589 est
369 530 505 588 exercitu
520 528 692 606 otfirmato,
713 527 904 608 impossibile
926 534 983 606 est,

58 618 94 672 ut
129 630 240 692 perse
264 612 362 692 ipsam
385 632 418 671 se
442 617 536 672 exuat
557 631 575 671 a
598 613 745 672 servitute
767 610 820 671 illo
842 612 984 690 operaris

45 695 90 754 *iu
113 693 285 756 libertatem
307 694 378 754 fidei
402 694 662 775 cognoscendam.

145 777 220 838 Ideo
243 778 385 838 oratioue
407 797 484 857 opus
507 784 562 855 est,
586 785 619 838 ut
632 778 783 837 Dominus
804 795 862 836 nos
872 777 984 854 trahat,

59 868 93 922 ot
117 860 348 938 theodidootos
370 859 400 920 id
423 869 480 937 est
503 860 620 921 dooiles
642 861 709 921 Deo
731 860 840 937 faciat,
813 865 895 921 tet
915 862 983 942 ipse

56 945 89 1004 in
116 942 259 1005 cordibus
281 907 394 1004 nostris
428 945 524 1017 (siout
544 945 702 1024 promisit)
727 944 826 1024 legem
860 944 982 1024 scribut,

57 1026 196 1122 alioquin
228 1034 331 1091 uotum
366 1033 414 1088 est
444 1026 483 1087 ds
505 1027 604 1089 uobis.
647 1026 715 1110 Nisi
737 1028 819 1087 euim
840 1029 907 1108 ipse
929 1027 982 1091 do

57 1116 129 1171 oe‘at
150 1110 230 1175 intus
243 1108 324 1171 huno
334 1110 567 1190 sap1ent1am1n
591 1099 737 1191 myste'rio
759 1108 981 1190 absconditam,

56 1199 170 1253 uatum
187 1206 254 1253 uon
274 1199 382 1273 potest
402 1194 460 1254 uisi
483 1192 630 1254 damnare
652 1208 719 1254 som
743 1200 774 1253 et
794 1193 980 1256 hoereticum

58 1275 210 1352 iudicare,
238 1278 310 1355 quis
331 1276 583 1337 scandulisatur'
575 1297 605 1336 iu
630 1296 682 1353 ea,
712 1287 741 1336 et
764 1277 857 1337 stultu
879 1278 907 1337 ei
928 1297 981 1358 op·

55 1365 161 1440 putet,
198 1360 276 1426 siout
294 1358 370 1421 ‚olim
392 1361 424 1420 iu
446 1360 605 1440 prophetis
627 1367 659 1420 et
679 1359 829 1439 apostolis
852 1362 983 1430 vidimus

57 1440 225 1520 assiduae,
253 1442 336 1503 siout
357 1448 388 1503 et
408 1461 491 1505 uuuo
511 1442 585 1507 mihi
607 1449 638 1503 ot
657 1443 717 1503 mei
739 1443 889 1505 similibus
909 1444 981 1506 loui-

56 1531 115 1591 uut
135 1525 219 1604 impii
242 1533 274 1587 st
296 1527 381 1586 oueoi
403 1524 568 1606 pontifices
589 1545 658 1587 oum
677 1527 739 1587 suis
761 1524 981 1604 adulatoribus,

57 1626 189 1687 quorum
211 1606 379 1687 'aliquando
401 1608 560 1671 uobiscum
578 1607 609 1687 ¹)
633 1611 814 1671 misereatur
835 1609 928 1689 Deus,
949 1619 982 1677 st

55 1711 151 1770 super
171 1709 226 1751 eos
242 1689 394 1752 illuminet
406 1692 520 1754 vultum
539 1712 636 1773 suum,
658 1700 691 1754 ut
703 1711 928 1774 cognoscamus
949 1698 980 1757 iu

57 1783 142 1837 terro
162 1775 243 1836 vium
267 1777 347 1854 eius,
370 1778 400 1835 iu
422 1777 562 1839 omuibus
584 1776 727 1858 gentibus
750 1777 882 1838 solutore
906 1780 981 1860 eius,

56 1857 111 1938 qui
133 1863 181 1918 est
201 1821 412 1919 benediot’us
403 1880 434 1918 uu
459 1861 572 1938 seculo,
596 1861 706 1922 Amen
748 1861 840 1921 Auno
864 1827 981 1922 domiui

52 1939 299 2022 uumxxo.

410 2170 617 2181 *...-

52 2512 475 2521 W

92 2564 123 2624 1)
143 2561 173 2615 lu
185 2562 249 2617 odit
271 2561 333 2618 1521
348 2560 436 2613 deest:
455 2561 611 2615 uobiscum.
630 2560 663 2627 2)
684 2559 803 2615 ibidem:
826 2560 977 2614 u.1).xx1.
