2346 4208
290 284 377 354 Epist.
397 283 456 339 Ich,
475 282 550 338 flacii
580 283 615 336 sd
633 280 694 338 dac.
713 280 908 336 Eochstratsn.
980 274 1043 344 475

123 470 283 550 'externplo
308 464 527 531 Melanchthon
557 467 666 530 ecdem
695 487 802 528 mense
832 485 920 527 suum
948 478 1043 546 oppo-

124 556 186 615 suit
231 555 376 632 scriptum
416 552 695 633 elegantissimum:
730 551 922 612 Defensio
955 549 1043 610 Phi·

123 639 227 717 lippi
266 637 585 698 Melanchthonis
640 643 777 696 contra
826 633 1043 694 Iohannem

123 722 282 781 Eccium
306 720 563 802 Theologiae
585 719 871 780 Professorem.

208 803 380 883 Epistulam
403 803 487 864 Ecoii
511 803 549 863 ad
573 804 633 863 Iac.
655 802 859 863 Hoohstraten
889 800 991 861 datam
1015 805 1046 862 et

123 888 288 1031 epglffil'am
305 886 551 1030 Melanoptthopis
572 884 902 1030 αόᾩὸοοὴῐῖρῗξίηῃι
921 883 1045 1031 mipggpr

121 991 157 1032 re
200 989 310 1030 rrmus
338 990 473 1034 exer.
521 989 628 1029 enensr
723 1016 729 1029 .
782 989 801 1028 u
837 988 929 1029 erra.

122 1053 175 1116 ubi
196 1053 339 1133 leguntur
360 1053 394 1117 T.
417 1054 438 1115 l.
462 1074 491 1133 p.
515 1055 574 1118 359
598 1072 665 1132 sqq.
679 990 721 1122 pp
765 1053 797 1112 ln
820 1051 891 1114 edit.
914 1013 1046 1112 Witten3
1090 1133 1091 1138 ἵ

122 1138 207 1217 berg.
231 1137 290 1196 hoe
313 1137 465 1216 epistolae
485 1143 518 1197 et
539 1134 657 1216 reliqua
671 1153 751 1214 quae
772 1140 941 1214 sequuntur
964 1135 1056 1194 iuvet

124 1223 248 1281 niuntur
280 1219 314 1280 T.
342 1218 363 1280 l.
387 1240 416 1298 p.
435 1222 494 1284 335
518 1239 603 1299 sqqe,
635 1219 812 1299 germanice
842 1219 986 1298 leguntur
1013 1218 1043 1277 iu

123 1303 259 1364 Walohii
282 1300 353 1362 edit.
377 1301 456 1382 Opp.
480 1302 566 1366 Luth.
590 1302 624 1378 T.
647 1301 714 1380 XV,
737 1322 766 1382 p.
791 1303 869 1365 1443
893 1321 961 1380 sqq.

207 1387 339 1446 Textum
365 1385 584 1446 Excusatiouis
606 1382 761 1445 Ecoianae
783 1385 983 1463 repetivimus
1007 1403 1046 1444 ex

123 1471 266 1531 editione
288 1470 441 1548 principe,
465 1488 544 1546 quae
566 1469 680 1549 prodiit
701 1468 757 1529 sub
780 1468 840 1528 hoc
862 1467 965 1530 titulo:

164 1552 381 1613 Excusatio
408 1550 520 1612 Eckii
554 1550 599 1612 ad
632 1571 676 1612 ea
706 1570 806 1630 quae
833 1550 939 1611 falso
972 1549 1047 1611 sibi

164 1636 370 1716 philippus
422 1634 708 1695 Melanchthon
763 1635 1047 1713 grammaticus

165 1717 492 1798 Vuittenbergeu.
523 1736 638 1796 super
659 1711 903 1792 Theologica
926 1716 1047 1796 dispu-

164 1804 320 1862 tatione
349 1800 506 1880 lipsica
533 1800 761 1880 adscripsit.
805 1797 897 1859 Tituli
934 1800 1048 1880 pagina

165 1904 224 1945 nec
245 1904 359 1944 anuum
388 1903 446 1943 nec
468 1885 587 1962 locum,
622 1903 682 1963 quo
712 1882 833 1944 libellus
863 1881 962 1943 editus
992 1887 1048 1960 est,

165 1967 291 2045 indicat,
314 1967 409 2047 signis
427 1973 529 2027 autern
552 1967 783 2048 typographicis
807 1972 917 2027 ornata
939 1977 995 2042 est,
1017 1966 1047 2026 iu

165 2050 273 2129 quibus
310 2051 430 2130 insigne
465 2050 547 2110 urbis
575 2049 697 2130 Lipsiae
737 2049 879 2110 cernitur.
922 2048 957 2109 ln
986 2047 1048 2108 line

166 2134 290 2213 legitur:
335 2132 423 2192 Cum
453 2131 687 2212 Privilegio.

209 2217 355 2276 Defensio
385 2215 459 2278 Phil.
494 2215 740 2276 Melanchthcnis
775 2214 894 2276 reddita
923 2221 970 2275 est
1009 2235 1048 2275 ex

123 2300 261 2360 editione
287 2300 443 2377 originali,
479 2319 557 2377 quae
580 2319 661 2359 anno
687 2300 766 2363 tolo
791 2299 846 2359 sub
874 2299 935 2358 hoc
958 2297 1046 2358 titulo

122 2384 245 2462 Lipsiae
268 2381 398 2462 prodiit:

166 2464 887 2543 DefensioPhilippiMelauchthonis
911 2471 1050 2524 contra

164 2549 353 2612 Ioannem
378 2548 543 2606 Eckium
577 2546 819 2626 Theologiae
843 2548 1048 2626 professo-

162 2651 247 2692 rem.
290 2631 382 2690 Tituli
406 2630 520 2709 pagina
554 2649 611 2688 neo
645 2630 745 2689 locum
778 2650 836 2690 nec
863 2650 976 2690 annum
1005 2632 1047 2690 in-

167 2715 249 2774 dicat
270 2733 371 2792 neque
393 2712 488 2772 ullum
510 2732 583 2791 prae
605 2733 638 2772 se
652 2713 709 2773 fert
735 2721 946 2773 ornamentum
960 2720 1047 2794 typo-

165 2798 352 2878 graphicum.
396 2797 430 2855 ln
455 2795 516 2854 fine
538 2795 663 2876 legitur:
688 2797 769 2876 Lipsi
789 2798 868 2875 (sic)
894 2798 1049 2876 impressit

166 2880 380 2960 Vuolfgaugus
403 2879 598 2938 Monacensis
624 2882 713 2944 1519.

209 2964 284 3023 Cum
309 2962 494 3022 editionibus
510 2963 709 3042 originalibus
729 2962 913 3022 contulimus
930 2969 1046 3021 textum

199 3154 226 3213 1)
249 3151 324 3202 Haec
343 3152 417 3203 Eccii
439 3151 557 3217 epistola
583 3150 616 3201 ad
640 3152 691 3203 lac.
713 3151 895 3203 Hochstrateu
917 3150 1000 3200 missa
1019 3152 1046 3202 in

125 3230 200 3275 tomo
221 3223 344 3275 secundo
364 3223 493 3274 editionis
505 3223 629 3274 lenensis
651 3222 719 3290 Opp.
742 3223 816 3274 Luth.
840 3218 930 3288 [1494
948 3220 1047 3274 iisdem

124 3295 214 3347 verbis
243 3302 285 3345 est
305 3297 420 3361 repetita
447 3295 498 3345 sub
527 3295 578 3344 huc
599 3296 791 3361 inscriptionez
822 3293 948 3361 Epistola
967 3293 1048 3345 Nota·

124 3367 251 3418 bilissimi
266 3365 320 3415 Viri
344 3372 369 3417 et
389 3367 512 3433 Magistri
533 3366 657 3433 Magistri
679 3367 788 3417 loannis
808 3365 885 3416 Eckii
906 3367 991 3415 missa
1013 3381 1048 3416 ex

122 3438 215 3503 Lipsia
235 3437 269 3487 ad
290 3440 428 3488 famosum
449 3443 475 3488 et
494 3437 676 3488 reverendum
697 3438 806 3489 Putrem
827 3437 949 3488 Fratrem
970 3437 1048 3489 Jaco-

124 3512 188 3560 bum
211 3509 472 3572 Hoohstratensem7
505 3509 666 3576 Magistrum
694 3512 721 3560 in
741 3509 896 3576 Theologia
920 3517 1046 3561 nostrum

124 3588 175 3632 eto.
195 3597 277 3646 quarn
299 3581 345 3632 ille
366 3587 496 3647 tunquam
516 3582 668 3647 pretiosum
702 3583 861 3632 thesaurum
883 3581 1049 3633 cordialissi·

125 3655 176 3702 nris
197 3653 291 3702 ominis
312 3669 373 3702 cum
387 3668 489 3719 magna
502 3653 593 3721 glorio
614 3653 743 3719 ostendit,
764 3668 845 3717 quarn
867 3654 948 3703 etiam
969 3653 1048 3704 multi

122 3723 262 3776 looobitae
280 3725 498 3792 excopiaverunt
520 3723 565 3789 (ln
586 3725 639 3776 fine
657 3725 725 3793 leg:
752 3724 795 3775 Ex
816 3723 905 3789 Lipsia
924 3723 966 3777 24.
987 3724 1047 3777 Iulii

126 3799 208 3847 Anno
229 3797 335 3864 gratiae
354 3795 474 3849 Μ.Ι).ΧΧ
497 3794 578 3862 (sic).
