2346 4208
119 244 184 325 stt
361 304 365 312 .
438 251 755 323 Disputationes
801 258 814 293 ÷.

186 449 236 512 30.
261 444 364 507 Sensit
379 447 615 526 etAristoteles‚
636 453 797 507 aeternum
812 442 1043 521 seu'infinitum,

122 531 155 591 in
179 536 326 608 quantum
350 532 519 611 eiusmodi,
553 551 622 593 esse
653 532 793 611 ignotum
822 536 856 590 et
876 528 1045 608 incompre-

125 613 287 674 hausibile.

189 698 238 759 31.
266 696 332 757 lmo
362 697 495 760 affimat
524 698 675 758 infinitum
711 715 766 758 acu
799 702 984 770 aeternum,
1016 693 1044 753 in

127 784 275 857 qnantum
297 780 491 859 huiusmodi,
514 784 648 843 existere
670 798 732 843 non
755 790 867 862 posse,
891 785 923 839 et
943 795 1046 838 secun·

126 860 199 924 dum
220 863 373 925 rationem
398 866 481 927 visus
505 872 552 927 est
572 875 656 927 recte
678 863 791 926 dicere.

168 948 239 1012 32.
267 944 329 1008 Sed
357 950 611 1028 consequentiam
641 967 704 1010 non
738 945 829 1024 vidit,
861 944 914 1006 vel
946 945 1045 1024 potins

125 1027 231 1091 videre
252 1030 366 1111 noluit,
394 1031 512 1093 scilicet
540 1032 622 1112 quod
646 1031 728 1113 apud
750 1031 904 1092 rationem
927 1047 967 1088 ex
989 1026 1046 1088 hoc

125 1114 272 1192 seqnitur,
293 1114 393 1174 Deum
414 1135 478 1177 non
501 1135 580 1194 esse,
603 1136 661 1176 nec
683 1134 753 1176 osse
773 1131 880 1194 posse.

191 1197 240 1260 33.
262 1196 338 1258 Ideo
362 1206 423 1258 tam
446 1199 556 1280 frigide
577 1200 691 1279 ubique
712 1198 752 1259 de
772 1196 926 1277 religione
948 1193 1046 1274 dispu-

127 1285 182 1357 tat,
205 1286 237 1338 et
258 1281 287 1339 in
310 1287 380 1340 cute
402 1282 556 1362 perfectus
579 1289 626 1344 est
648 1281 808 1362 Epicurus.

190 1363 238 1425 34.
264 1362 415 1425 Concedit
436 1371 556 1443 tamen,
589 1365 739 1426 infinitum
762 1363 906 1445 potentia
927 1368 961 1422 et
981 1379 1045 1421 esse

127 1451 160 1505 et
182 1448 331 1526 cognosci
355 1467 463 1527 posse,
498 1450 554 1510 etsi
588 1451 697 1510 iterum
719 1447 770 1509 hic
790 1445 899 1507 mnndi
920 1443 1045 1506 aeterni-

128 1533 175 1588 tas
198 1547 267 1589 eum
291 1529 438 1592 confudit.

193 1613 242 1676 35.
270 1611 300 1673 S.
323 1613 434 1676 Paulus
457 1615 548 1676 Rom.
571 1619 599 1677 1.
623 1619 707 1677 recte
729 1612 818 1673 dicit:
848 1609 972 1675 Notum
994 1609 1045 1670 Dei

129 1695 323 1755 manifestum
360 1717 430 1759 esse
461 1698 618 1780 gentibus,
650 1697 681 1758 id
712 1705 772 1774 est,
805 1697 951 1756 virtutem
986 1693 1046 1754 eiua

128 1785 285 1839 aeternam
309 1786 340 1840 et
361 1780 561 1843 divinitatem.
626 1844 629 1849 ,
943 1782 946 1787 ’

191 1863 241 1925 36.
270 1861 331 1922 Sed
362 1884 401 1924 ea
432 1865 541 1926 notitia
576 1864 708 1926 obscura
744 1871 774 1925 et
815 1881 855 1922 ex
884 1866 975 1941 parte
1006 1863 1049 1918 est

132 1945 325 2025 (quanquam
349 1956 379 2009 et
399 1946 535 2009 fidelium
558 1948 668 2010 notitia
690 1966 745 2007 suo
769 1943 864 2006 modo
893 1944 935 2005 e'x
966 1947 1050 2023 parte

131 2032 208 2106 est),
243 2029 322 2088 sicut
357 2030 440 2092 linea
470 2032 569 2112 tangit
601 2030 763 2113 sphaeram
792 2033 905 2105 totam,
936 2025 993 2088 sed
1021 2025 1049 2086 in

130 2117 254 2190 puncto,
271 2110 336 2172 'nec
360 2117 458 2174 totum
481 2112 726 2195 comprehendit.

193 2196 243 2257 37.
274 2193 332 2268 Qui
369 2197 535 2257 scrutando
575 2216 637 2256 non
675 2196 761 2256 volet
788 2191 959 2273 'errare¹)‚
997 2209 1053 2251 neo

129 2294 149 2335 a
170 2278 339 2336 maiestatis
361 2279 461 2358 gloria
484 2280 629 2360 opprimi,
662 2281 688 2338 is
721 2276 782 2338 fide
812 2282 921 2355 tangat
950 2281 983 2335 et
1004 2294 1052 2355 ap-

128 2358 301 2439 prehendat
322 2360 430 2420 Filium
453 2363 511 2422 Dei
534 2365 565 2422 in
589 2381 680 2422 carne
703 2358 990 2437 manifestatum).

193 2441 242 2506 38.
271 2443 328 2502 Hic
358 2446 438 2504 enim
468 2446 616 2525 splendor
643 2445 761 2527 gloriae
783 2450 935 2524 paternae
958 2441 1054 2522 tangit

131 2525 302 2603 obiectum,
333 2536 364 2588 et
393 2528 427 2588 tit
448 2529 551 2590 radius
573 2529 705 2590 reflexus
726 2528 904 2588 illuminans
929 2543 1053 2586 omnem

130 2608 288 2671 hominem
312 2612 488 2672 venientem
510 2615 541 2672 in
565 2613 646 2673 hunc
667 2609 822 2673 mundum.

129 2837 360 2916 Disputatio
388 2843 639 2925 Theologica
669 2847 705 2906 D.
735 2844 841 2906 Mart.
870 2843 982 2904 Luth.
1015 2842 1056 2902 de

166 2919 428 2987 distinctione
450 2947 705 3008 personarum
728 2929 766 2987 in
789 2927 1019 2988 divinitate.

574 3082 610 3144 ΙΙ.

216 3214 238 3272 l.
270 3213 403 3275 Verbum
432 3217 462 3275 in
486 3216 648 3278 divinitate
670 3221 798 3286 uocatur
820 3203 980 3295 sapientia
1006 3216 1060 3276 Pa·

126 3292 195 3379 tris,
228 3295 277 3354 vel
301 3306 333 3355 ut
357 3297 386 3360 S.
412 3299 524 3360 Paulus
547 3301 606 3380 ait,
638 3299 791 3380 sapientia
813 3305 845 3358 et
867 3298 968 3360 virtus
993 3299 1059 3370 Dei,

130 3377 143 3436 1
170 3373 307 3437 Corinth.
333 3383 359 3441 1.

208 3460 237 3522 2.
259 3459 329 3521 Noc
352 3464 404 3542 ita,
430 3471 462 3524 ut
484 3466 626 3526 Peterin
651 3485 707 3526 sua
729 3484 875 3546 persona,
899 3485 959 3546 per
983 3466 1058 3528 Ver·

128 3621 550 3638 ...Μ-...Μ

120 3781 134 3838 s
167 3785 178 3838 t
197 3703 228 3771 1)
251 3704 282 3759 ic
302 3705 345 3760 ed.
363 3705 436 3760 den:
460 3707 534 3761 votet
553 3724 609 3761 non
630 3723 731 3762 errare.
804 3705 837 3775 2)
857 3702 950 3763 Ibid.:
976 3712 1064 3763 mani·

132 3796 163 3839 68
179 3797 238 3839 lim.
698 3796 700 3801 ’
