2346 4208
313 338 317 346 ,
384 296 403 334 s
419 280 542 359 dicteriis
561 287 684 351 excepta.
944 280 985 348 W

72 466 164 526 uritate
191 467 223 525 is
245 465 300 526 tali
321 463 524 526 tsmslatione
545 471 576 526 et
599 465 779 546 metaphora
802 467 986 548 usurpetur?

71 550 111 611 Sic
131 557 163 609 ct
183 568 220 609 os
242 549 456 628 apostolorum
480 549 598 627 dicitur,
620 549 703 628 quod
725 566 820 630 saepe
842 569 898 629 pro
920 570 985 611 orn-

69 633 144 692 nibus
158 632 312 712 apostolis
334 633 424 692 luerit
445 632 575 709 locutus,
598 631 682 711 quod
704 639 736 692 et
757 632 984 714 B.Gbrysosto··

70 735 122 776 nus
146 714 311 795 ponderat.
916 748 919 754 ·

136 799 185 858 De
205 799 346 858 Decretis
369 796 452 875 dicit,
473 797 528 857 illa
549 816 619 858 esse
640 797 837 878 frigidissima
850 797 986 877 decreto,

10 920 12 927 ·
68 881 177 961 dequo
202 881 367 961 plurimum
392 881 500 959 miror,
529 900 596 940 cum
629 880 660 940 in
690 880 899 962 disputatione
927 901 984 942 sus

66 967 207 1045 punierit,
235 965 324 1027 Rom.
349 963 512 1023 ecclesiam
543 982 612 1024 esse
640 963 782 1024 omnibus
804 965 982 1045 aliis'supe-

65 1050 175 1124 riorem,
196 1046 348 1128 probatur
366 1045 621 1126 sudrigidissimls
633 1047 722 1107 Rom.
737 1045 918 1126 pontificum
931 1047 983 1108 de-

65 1134 169 1208 cretis,
198 1132 283 1190 iutra
305 1129 547 1209 quadringentos
570 1144 669 1190 annot
691 1131 791 1207 natis,
820 1138 851 1190 et
872 1145 932 1211 ego
955 1132 983 1190 ci

64 1215 180 1274 nultum
204 1214 378 1273 vetustiora
399 1212 590 1292 adduxerim,
612 1219 778 1292 antequam
800 1214 918 1293 incepit
936 1232 984 1272 ra-

62 1297 221 1379 frigescere
243 1297 358 1356 caritaa
378 1295 552 1355 inultorum.

132 1380 368 1459 subterfugium
380 1396 468 1438 suum
492 1397 556 1439 non
571 1378 702 1458 accipio,
726 1397 788 1457 quo
798 1384 893 1458 negat
908 1396 981 1437 con-

62 1465 244 1524 stitutionem
275 1463 358 1520 illam
388 1481 456 1521 esse
479 1461 641 1536 Anacleti,
669 1480 739 1520 narn
771 1463 815 1520 sic
844 1460 980 1521 omnium

64 1547 259 1607 mneiliorum
282 1552 315 1604 et
336 1560 524 1604 summorum
548 1543 730 1605 Pontificum
763 1543 887 1603 decreta
910 1543 982 1602 inibi

65 1630 208 1709 sigillatim
233 1627 450 1705 eluderentur,
481 1635 522 1705 et
542 1628 587 1686 sic
616 1634 683 1687 tota
698 1625 832 1686 'facultas
854 1626 982 1686 iuridicis

65 1710 193 1773 salsitatis
217 1711 445 1771 insimularetur
465 1711 514 1789 ¹),
550 1711 635 1788 quasi
669 1709 753 1768 falsis
775 1710 981 1769 fundamentis

63 1794 220 1871 ulinnixa,
231 1796 262 1854 in
278 1793 473 1872 lectionibus,
494 1791 710 1871 decisionibus,
725 1791 844 1873 iudiciis
858 1799 889 1852 et
901 1793 979 1851 simi-

13 1926 19 1948 ,
61 1875 135 1939 libus.
152 1878 196 1939 Et
208 1878 255 1938 sio
270 1877 336 1937 iura
348 1884 453 1936 eoru'rn
466 1875 624 1957 pontificis
638 1881 727 1936 erunt
748 1874 787 1934 de
800 1877 887 1956 nigra
900 1872 979 1953 laba,

61 1961 107 2022 nisi
122 1979 284 2022 consensu
299 1962 393 2020 totius
411 1959 640 2019 christianitatis
669 1957 781 2019 tuerint
799 1959 979 2039 approbata.

61 2041 139 2105 Unde
167 2043 257 2103 nullo
286 2049 379 2122 pacto
412 2041 591 2124 recipienda
620 2051 666 2101 est
695 2041 856 2102 reverendi
883 2041 980 2100 Patris

61 2128 223 2204 sententia,
254 2144 323 2186 oum
354 2126 490 2185 omnium
513 2130 699 2184 summorum
722 2122 905 2184 Pontificum
928 2124 981 2183 ds-

63 2220 137 2270 creta
160 2217 192 2271 et
228 2208 430 2269 conciliorum
459 2211 489 2267 in
525 2208 661 2288 pluribus
684 2207 761 2268 locis
782 2209 982 2288 reperiantur,

63 2300 85 2352 el
103 2303 136 2354 ut
161 2302 209 2353 est
223 2292 326 2352 audax
344 2292 500 2352 hominum
520 2310 627 2372 genua,
651 2291 763 2350 dudum
784 2293 913 2351 fuissent
936 2311 979 2352 rc-

62 2379 139 2455 perti,
164 2378 217 2456 qui
241 2376 361 2434 simiam
384 2376 466 2434 illam
482 2372 626 2434 A'nacleti
646 2374 771 2434 leonina
793 2375 873 2454 pelle
896 2376 978 2434 inoe-

63 2457 173 2519 dentem
198 2458 406 2538 diripuissent.
434 2458 501 2518 Nisi
533 2476 607 2538 ergo
631 2457 800 2518 ostenderit
828 2459 857 2516 in
881 2455 978 2538 Origi-

64 2543 172 2603 nslibns
196 2542 252 2601 illa
274 2560 336 2601 non
360 2541 474 2618 haberi,
498 2539 589 2600 tidem
613 2542 724 2601 cinon
748 2541 890 2601 adhibeo.

132 2626 296 2686 Postremo
336 2624 374 2683 de
405 2624 549 2684 Bohemis
578 2622 673 2698 dixit,
711 2632 792 2684 certe
821 2643 883 2684 non
913 2625 978 2683 sine

63 2708 288 2770 christianorum
334 2707 495 2767 doctorum
532 2706 738 2786 contumelia,
773 2707 875 2786 plures
909 2723 978 2767 esse

63 2793 265 2852 criminatores
294 2791 517 2868 bohemorum,
547 2790 598 2850 ubi
627 2791 688 2850 sint
717 2791 767 2868 qui
790 2810 829 2849 ex
852 2792 978 2849 caritate

63 2882 85 2933 et
102 2875 186 2935 bono
211 2874 279 2933 zelo
305 2882 489 2933 contraeas
515 2873 650 2932 scribant
680 2881 710 2932 et
732 2892 786 2933 eos
817 2873 977 2934 exhorten-

63 2963 106 3037 tur,
119 2959 162 3018 ibi
174 2963 342 3018 exerceant
358 2958 516 3037 ingenium
532 2963 563 3015 et
577 2958 765 3016 memoriam.
789 2949 869 3030 Quid
882 2956 974 3016 surdo

63 3058 204 3102 narrarem
232 3037 391 3102 fabulam?
428 3039 469 3098 At
491 3038 673 3098 christianus
703 3048 902 3120 negarenon
926 3041 977 3099 de-

64 3120 101 3184 bet
127 3125 278 3204 plurimos
307 3123 425 3201 optimo
455 3122 523 3181 zelo
559 3130 659 3182 motos
690 3130 797 3182 contra
818 3123 974 3184 Bohemos

64 3209 219 3288 scripsisse,
236 3206 343 3286 quales
356 3207 476 3264 luerunt
489 3205 594 3283 Patres
610 3207 640 3264 in
657 3205 974 3266 ConstantiensiCou-

63 3290 119 3352 cilio
144 3290 293 3370 deputati,
317 3289 415 3367 qualis
444 3288 500 3348 fuit
522 3289 639 3349 Doctor
661 3289 852 3368 respondens
877 3289 974 3350 Bohe·

64 3375 106 3433 nis
128 3376 157 3433 in
182 3372 322 3433 Concilio
347 3368 573 3450 Herbipolensi,
597 3373 694 3450 qualis
717 3372 878 3452 Ragusius,
902 3393 973 3452 qua-

62 3452 88 3514 lis
108 3460 244 3536 optimae
270 3455 430 3533 probitatis
460 3465 490 3513 et
514 3455 673 3514 doctrinae
701 3456 859 3515 lohannes
883 3457 971 3536 Capi·
1062 3472 1065 3477 ·

63 3549 186 3617 εῑωηυε,
215 3540 252 3600 D.
280 3537 434 3596 Francisci
464 3539 625 3616 sacerdos,
655 3539 796 3598 omnibus
830 3539 970 3599 fidelibus

101 3799 130 3867 l)
151 3798 181 3851 ln
200 3797 243 3852 ed.
263 3799 352 3864 orig.:
381 3794 565 3848 insimulatur.

678 3867 823 3932 5*'
