2346 4208
120 249 185 317 278
368 251 460 305 Resol.
480 253 507 306 Ι..
526 268 611 320 super
630 252 817 320 Proposition.

121 437 220 499 Habel
238 435 366 519 (inquo
388 437 446 499 sibi
460 433 593 518 planet),
616 442 649 497 et
667 437 714 497 sio
726 434 852 505 tandem
874 435 916 499 od
938 454 1031 516 opera

122 522 191 582 Hoo
212 530 269 597 est,
291 520 373 599 quod
397 520 463 580 vult
476 520 658 600 Apostolus,
680 519 765 599 quod
785 518 856 581 solu
876 519 941 581 fido
959 520 1032 583 inst

122 604 344 749 ῗᾝὲἓυιέιυ
360 603 515 684 operibus,
538 604 609 663 lieet
622 622 719 683 opera
729 605 790 665 iarn
810 603 968 665 iustidueti
980 622 1034 671 non

205 788 246 848 Et
266 787 338 848 inde
359 788 451 847 latius
473 785 566 846 audet
586 785 699 859 disere,
720 787 869 865 quodlex
890 788 1035 849 instonor

124 880 172 934 est
192 872 310 951 posita,
339 872 412 949 quia
432 871 496 930 iam
517 872 615 929 iustus
637 889 677 929 ex
698 868 760 930 tide
787 889 851 931 non
874 876 949 951 aget
966 871 1035 953 iege,

124 955 179 1015 sed
202 973 258 1014 sua
281 964 392 1034 sponte
415 953 488 1012 iaeit
510 971 615 1032 opera.
658 952 749 1013 Hune
779 952 931 1032 loquendi
951 960 984 1015 et
999 954 1036 1015 in·

125 1036 283 1116 telligendi
304 1036 429 1096 modurn
459 1039 489 1095 in
520 1036 665 1115 operibus
687 1038 750 1096 suis
771 1036 940 1113 submersi,
971 1054 1036 1097 nnn·

125 1141 216 1200 quam
238 1121 414 1198 intelligunt
434 1118 599 1198 Sophistae
626 1118 813 1180 huiusmodi.
855 1120 937 1181 Nam
963 1116 1035 1198 quod

124 1205 255 1265 Roman.
277 1205 306 1265 2.
330 1202 419 1262 dioit:
451 1202 522 1261 Non
544 1201 700 1262 auditores
723 1202 811 1282 legis,
834 1203 1037 1271 sedssotoret

124 1288 202 1367 legis
223 1285 475 1361 iustitioabuntur,
500 1285 642 1363 loquitur,
664 1284 748 1364 quod
770 1286 1036 1365 reputanturiurd,

127 1389 188 1430 non
212 1368 294 1447 quod
316 1388 372 1447 per
383 1388 479 1448 opera
491 1367 701 1445 iustidoentur,
722 1376 817 1446 atque
832 1369 1037 1451 saoerelogen

125 1460 173 1513 est
194 1452 324 1533 implere
345 1451 464 1531 legem,
498 1451 581 1530 quod
612 1458 661 1511 est
681 1450 807 1511 erodere
827 1453 859 1512 in
883 1451 1037 1513 Christum.

209 1568 301 1645 Quod
332 1575 434 1628 autem
457 1567 568 1629 Jaoobi
597 1567 732 1648 apostoli
753 1567 925 1631 inducitur:
958 1568 1038 1633 udo

126 1650 192 1713 sine
215 1651 358 1732 operibus
388 1658 595 1729 mortuaest,
625 1652 755 1731 primum
777 1652 866 1713 stilus
895 1650 1037 1734 epistolae

125 1736 206 1796 illius
227 1735 322 1816 longe
346 1741 394 1794 est
415 1734 493 1794 infra
520 1734 723 1814 apostolicam
755 1736 968 1815 maiestatem,
989 1750 1038 1795 neo

126 1839 193 1878 oum
218 1818 345 1878 Paulino
370 1817 432 1877 ullo
456 1817 550 1877 modo
574 1816 810 1895 comparandus.
854 1816 978 1880 Deinde
1006 1816 1037 1877 de

125 1901 187 1962 fide
208 1902 280 1961 viva
301 1901 436 1979 loquitur
457 1900 580 1960 Paulus.
623 1899 703 1960 Nam
727 1899 803 1960 fides
840 1908 966 1963 mortun
985 1916 1039 1961 nor

126 1992 174 2045 est
194 1983 281 2057 tides,
305 1983 360 2042 sed
372 1984 491 2063 opinio.
513 1983 555 2043 At
572 1981 643 2043 vide
662 1982 839 2063 theologos,
861 1983 1038 2045 hsoounurn
1069 2008 1074 2019 ·

126 2069 322 2127 autoritatem
345 2066 500 2126 mordicus
522 2074 638 2141 tenent,
659 2065 735 2126 nihil
757 2086 882 2146 prorsus
895 2076 1039 2141 ournntss,

127 2150 208 2229 quod
231 2158 296 2210 tota
320 2149 382 2209 alia
402 2149 559 2230 Scriptura
582 2148 675 2209 fldem
709 2150 776 2209 sine
796 2149 946 2229 operibus
967 2168 1039 2213 oon

126 2232 259 2294 mandet.
303 2232 360 2291 Hie
384 2233 463 2291 enim
485 2251 552 2292 mos
575 2251 682 2292 eorum
716 2239 779 2309 est,
818 2251 881 2292 uno
918 2233 1041 2315 obrepb

126 2315 317 2412 oratiuncula
338 2323 441 2375 textus
464 2323 573 2375 eontra
593 2322 690 2376 totam
713 2315 909 2396 Soripturam
932 2332 1041 2379 oornu

126 2417 253 2479 engere.

214 2515 379 2576 Debebunt
406 2534 480 2595 ergo
500 2514 546 2592 hi,
584 2517 636 2594 qui
669 2513 758 2575 titulo
791 2514 973 2595 theologiae
1005 2516 1041 2575 in·

126 2598 253 2673 flentur,
289 2598 407 2659 disoere
429 2600 577 2677 primum,
597 2598 668 2677 quid
692 2605 775 2658 esset
796 2597 873 2658 fides
897 2604 930 2658 et
954 2614 1041 2679 opert

126 2684 211 2743 iuxta
235 2682 424 2762 Scripturas,
459 2700 497 2740 ae
518 2701 579 2740 non
607 2679 865 2753 merdarium,
899 2677 1040 2760 quidquid

127 2772 235 2825 eontra
255 2784 326 2825 suas
339 2766 506 2845 opiniones
522 2766 708 2826 inveteratas
720 2762 935 2824 offendissent
959 2760 1041 2839 Quod

127 2850 152 2908 si
174 2849 305 2928 populus
329 2848 376 2907 his
399 2845 580 2923 offenditur,
616 2849 679 2907 suis
700 2848 853 2925 imputent
873 2846 1041 2909 infertum

127 2931 252 3007 studiis,
288 2930 371 3011 quod
402 2930 549 3072 poputum
572 2950 633 2990 non
666 2929 838 2990 doouerunt
873 2928 1043 3011 intelligere

127 3013 221 3076 verba
242 3015 300 3075 Dei
322 3020 354 3074 et
372 3020 440 3092 trop
465 3013 670 3093 sSoripturae
689 3013 884 3073 necessarios
906 3012 948 3073 ad
971 3012 1041 3073 sah·

126 3103 197 3157 tem.
245 3097 307 3177 lpsi
340 3102 463 3156 autores
500 3103 571 3157 sunt
609 3094 825 3156 seandalorum
861 3092 1040 3157 huiusmodi.

127 3179 223 3239 Multo
246 3180 383 3260 perieulo
406 3178 623 3258 praedicantur
644 3197 741 3257 opera
761 3196 835 3258 prae
857 3176 937 3239 dds:
970 3176 1039 3238 fidet

128 3269 229 3323 autern
252 3264 319 3323 sine
337 3281 432 3342 opere
453 3262 539 3324 nullo
562 3262 697 3343 perieuto
719 3261 930 3341 praedieatur,
958 3276 1038 3341 prop

127 3352 212 3406 terea
234 3344 317 3424 quod
340 3346 437 3405 facitis
460 3354 507 3405 est
530 3353 561 3406 et
581 3344 727 3426 proclivis
749 3344 884 3425 populus
912 3345 945 3405 in
974 3341 1038 3405 fldu·

128 3430 205 3489 eiam
235 3446 379 3508 operum,
414 3435 445 3488 et
466 3448 562 3507 opera
592 3428 684 3489 facite
714 3414 947 3508 'praeponderat
966 3422 1037 3489 urst

127 3512 185 3573 Ubi
217 3519 334 3577 autern.
354 3531 430 3591 pura
460 3511 537 3572 fides
560 3518 644 3572 reate
667 3510 812 3584 dooetnr,
847 3518 962 3590 sponte
981 3524 1036 3581 sut,

128 3602 160 3656 et
180 3596 246 3655 sine
266 3595 404 3674 periculo
426 3596 551 3655 venient
567 3612 673 3677 opera,
695 3592 766 3653 dum
789 3590 961 3671 didioerint,
984 3606 1035 3653 nr

127 3679 225 3739 iorem
247 3679 318 3754 vim,
339 3679 403 3738 imo
426 3684 532 3754 totam,
553 3679 586 3738 in
607 3677 669 3738 fide
686 3678 830 3757 positam,
853 3674 1035 3756 quassato

129 3779 233 3841 opera.
