2346 4208
403 262 438 317 ds
457 264 638 318 sacramento
651 263 792 333 baptismi.
919 301 937 328 0
999 258 1060 328 397

135 444 226 509 Noha
260 467 329 508 oum
357 447 453 511 tribus
475 447 545 510 liliis
568 466 737 527 eorumque
764 446 924 526 uxoribus,
960 466 1061 529 neque

136 532 219 592 enim
240 531 344 612 plures
365 551 457 611 quam
480 542 552 594 outo
574 533 605 593 in
627 550 699 593 aros
720 539 792 592 sunt
812 533 935 594 servati.
969 530 1060 608 Quod

135 615 227 694 igitur
248 615 389 677 homines
414 615 530 676 diluvio
552 616 729 695 perierunt,
761 613 914 696 signifieat
934 617 965 676 in
988 615 1060 697 bap·

136 699 228 759 tismo
259 698 395 780 demergi
417 705 523 762 nostra
545 707 688 780 peecata,
718 718 843 774 verum,
882 698 964 778 quod
987 709 1059 762 uolo

134 781 276 844 homines
297 789 457 843 servantur
468 802 536 843 uum
560 783 645 843 omni
666 797 780 862 genere
791 782 976 860 animalium,
998 783 1059 864 sig.-

136 864 241 926 nilioat
262 884 318 945 per
338 865 522 946 baptismum
545 865 700 927 homiuem
722 865 844 928 salvari.
867 864 952 927 Siout
964 865 995 927 S.
1005 865 1060 927 Pe·

135 957 198 1010 trus
219 950 251 1009 in
274 951 372 1029 prima
399 970 456 1011 sus
484 950 615 1030 epistola
642 948 724 1009 hano
750 948 879 1030 figuram
909 949 947 1011 de
969 949 1060 1013 Noha

133 1054 173 1096 ex
196 1033 271 1096 unit.

173 1054 311 1196 pPorro
334 1116 430 1176 multo
452 1116 543 1176 letius
568 1120 654 1195 patet
678 1115 863 1196 baptismus,
895 1136 987 1197 quam
1015 1116 1058 1181 di·

133 1201 247 1261 invium
270 1197 354 1260 illud.
377 1199 455 1259 Nam
480 1199 637 1276 diluvium,
659 1198 741 1278 quod
758 1199 847 1260 Noha
869 1199 1058 1282 temporibus

132 1283 198 1362 init,
220 1283 310 1343 unius
327 1283 400 1342 anni
424 1283 566 1344 homines
588 1280 740 1362 perdidit,
763 1282 931 1363 baptismus
954 1291 1056 1346 autem

133 1367 234 1428 adhue
254 1385 311 1447 per
331 1371 429 1427 totum
452 1365 598 1427 mundum
620 1365 761 1426 aOhristi
783 1364 935 1446 baptismo
959 1367 1058 1448 unse,

133 1456 164 1511 et
185 1449 307 1512 durabit
328 1468 426 1529 usque
448 1449 487 1510 ad
509 1449 711 1511 novissimum
733 1448 836 1527 diem,
859 1457 891 1511 et
912 1458 959 1512 est
980 1450 1057 1514 dilu-

133 1535 215 1594 vium
236 1534 365 1614 gratiae,
390 1534 466 1593 siout
487 1533 561 1594 illud
583 1538 650 1594 erat
669 1531 902 1595 inaediluvium.
925 1533 1057 1615 quuud

133 1616 271 1678 Psalmus
305 1634 429 1696 quoque
451 1618 499 1680 29.
527 1614 694 1697 praedixit:
722 1616 872 1677 Dominus
909 1616 1057 1681 diluvium

131 1700 303 1761 inhabitare
324 1700 407 1762 fauit.
437 1700 549 1761 Prooul
572 1697 665 1761 dubio
688 1700 770 1760 enim
791 1699 893 1780 plures
915 1701 1058 1765 homines

132 1783 335 1864 baptizantur,
357 1802 449 1862 quam
472 1783 526 1844 illo
550 1783 666 1844 diluvio
690 1783 845 1863 perierint.

214 1866 369 1948 Septimo,
400 1886 439 1927 ex
468 1867 515 1927 his
537 1869 628 1948 igilur
650 1866 823 1948 colligimus
846 1887 951 1929 verum
975 1888 1056 1947 esse,

131 1949 224 2029 quod
239 1951 334 2012 homo
363 1951 464 2010 statim
490 1970 508 2011 a
529 1950 682 2031 baptismo
707 1951 773 2011 sine
798 1952 935 2032 pecualis
965 1953 1005 2014 sit
1026 1960 1058 2015 st

130 2033 222 2112 plane
256 2035 417 2094 innocens.
462 2033 574 2094 Verum
597 2033 791 2113 multisunt,
829 2037 880 2114 qui
910 2035 970 2096 hoo
992 2056 1056 2099 non

131 2123 214 2178 reule
235 2117 420 2197 intelligunt.
455 2116 506 2178 Siu
528 2118 608 2178 enim
632 2116 755 2196 quidam
779 2120 950 2196 somniant,
986 2139 1056 2181 oum

131 2201 246 2261 nullum
270 2201 362 2280 plane
383 2202 423 2260 sit
442 2201 592 2281 reliquum
614 2208 776 2280 peooalum
799 2221 817 2261 a
836 2202 1000 2283 baptismo,
1022 2204 1056 2264 li·

131 2303 201 2345 uere
223 2285 281 2353 ¹sibi
304 2286 413 2345 otiosis
436 2304 526 2363 esse,
565 2303 665 2363 neque
694 2304 827 2364 unquam
856 2288 995 2367 cogitant
1015 2288 1056 2349 de

131 2366 344 2429 mortificanda
376 2367 430 2428 illa
450 2370 586 2447 pensatis
615 2368 708 2448 plena
741 2375 869 2448 natura,
907 2370 938 2431 id
972 2373 1055 2451 quod

131 2452 215 2511 multi
248 2470 372 2530 quoque
400 2472 419 2511 a
452 2453 648 2512 oonl'essione
675 2452 778 2513 solent
804 2452 928 2515 fauere·
960 2454 1056 2517 Reate

28 2536 31 2540 ’
129 2535 220 2617 igitur
241 2535 327 2613 haee,
351 2540 383 2594 ut
405 2555 497 2615 supra
519 2537 708 2613 monuimus,
731 2543 801 2596 sunt
821 2537 1003 2618 surripienda
1025 2546 1056 2600 et

129 2618 298 2697 suiendum,
320 2616 402 2697 qnod
426 2618 505 2679 haee
526 2627 632 2679 nostra
647 2638 729 2700 earo,
752 2618 896 2698 quamdiu
915 2622 1056 2702 vivimus,

129 2702 211 2762 mala
232 2704 271 2762 sit
293 2710 324 2762 et
345 2703 437 2782 plena
459 2703 608 2782 pecualis,
631 2705 679 2762 uui
703 2703 840 2764 nonalia
860 2706 980 2766 ratione
1001 2724 1057 2787 po·

129 2787 185 2846 tuit
214 2785 376 2846 consulere
406 2787 505 2866 Deus,
535 2805 626 2866 quam
650 2788 676 2847 si
705 2792 801 2848 lolam
832 2786 997 2868 refingeret
1024 2791 1056 2851 et

128 2868 318 2930 reformaret.
354 2868 439 2930 Siout
471 2870 583 2930 darem.
603 2870 720 2930 indicat
748 2889 813 2951 uap.
837 2872 884 2935 18.
929 2873 1053 2954 Figulus

128 2971 197 3012 oum
220 2951 304 3014 videt
324 2953 416 3013 sliam
439 2972 507 3013 esse
529 2955 590 3014 iam
613 2952 676 3014 fieti
697 2956 779 3014 vasis
802 2954 942 3034 formam,
962 2975 1055 3036 quam

127 3037 194 3115 ipse
216 3038 305 3116 velit,
341 3036 453 3117 redigit
473 3039 505 3097 in
528 3037 641 3117 lutum,
664 3046 696 3098 et
716 3036 840 3119 refingit
866 3039 934 3114 (Sia
956 3040 1056 3119 inquit

126 3119 210 3179 Deus
233 3120 314 3200 apud
337 3120 539 3200 Prophetam:
564 3121 649 3182 Siout
670 3121 766 3183 lutum
789 3124 821 3183 in
844 3144 935 3184 manu
957 3122 1055 3205 figuli,

127 3204 171 3263 siu
193 3222 248 3263 vos
272 3205 302 3264 in
327 3224 418 3265 manu
440 3223 510 3264 mea
532 3206 636 3282 estis).
1138 3270 1140 3275 ,

210 3285 290 3361 Quia
310 3292 412 3348 aulem
434 3289 549 3368 primus
572 3298 677 3369 partus
707 3292 774 3370 ipse
802 3310 866 3352 non
896 3291 1069 3372 probatur,

127 3370 212 3449 quod
232 3373 272 3431 sit
293 3380 468 3452 corruptus,
504 3373 576 3433 ideo
604 3375 767 3435 interram
791 3395 848 3436 nos
873 3375 974 3436 denuo
998 3394 1053 3456 per

127 3463 256 3516 mortem
279 3457 398 3537 redigit,
420 3459 452 3517 in
474 3459 644 3520 novissimo
666 3457 768 3519 autem
792 3458 841 3520 die
857 3458 997 3540 refingat,
1020 3467 1053 3522 ut

126 3541 235 3620 integri
258 3548 289 3601 et
310 3543 377 3602 sine
399 3545 534 3622 pecualis
557 3547 660 3606 simus.
684 3543 813 3623 Hocque
824 3544 986 3617 eonsilium
1008 3545 1053 3605 in·

126 3624 218 3687 ohoat
239 3626 323 3687 Dens
345 3629 376 3687 in
399 3629 568 3708 baptismo,
597 3629 649 3707 qui
671 3628 776 3688 mortis
805 3632 836 3687 et
857 3628 1053 3690 resurreetio-

125 3713 172 3772 nis
197 3713 365 3786 ,novissimi
389 3711 449 3772 diei
485 3724 531 3774 est
559 3720 659 3794 typus.
701 3710 855 3785 Quantum
884 3712 977 3792 igitur
1011 3712 1053 3772 ad

125 3798 253 3878 liguram
277 3807 308 3860 et
341 3797 379 3858 ad
412 3800 532 3879 signum
562 3798 747 3859 sacramenti
768 3795 895 3877 attinet,
931 3802 1059 3859 mortus.
