2346 4208
153 226 156 231 ’
197 226 260 301 w&
517 229 662 291 Laetatur
679 229 794 287 Lutheri
853 282 856 289 ,
911 270 914 283 2

197 415 1117 497 noncommovereadmirationem.SeolrendortiusiuHiete

196 499 370 563 riaLuther.
382 499 434 561 lib.
447 500 458 560 l
471 501 499 579 S.
509 502 561 579 67,
574 521 603 581 p.
620 502 660 567 98
673 500 712 565 de
725 519 764 562 ea
776 500 855 563 haee
867 498 991 573 soribit:
1012 501 1117 580 „Tem-

197 602 306 663 perare
326 583 399 655 mihi
421 602 485 645 non
508 602 645 664 possum,
666 585 740 663 quin
757 602 875 661 omnes,
899 584 1115 655 attentatus

196 667 331 736 ranismo
351 666 520 746 infremens
540 686 603 746 qua¹
630 686 760 747 possum
778 667 875 737 animi
911 669 1118 748 eontentione,

196 756 375 831 rogem‚,.ut‚
393 750 496 830 legere
525 749 610 817 illam
632 757 665 811 et
684 751 824 831 relegere
852 752 1059 832 repositoque
1079 752 1118 815 al·

196 833 277 893 feotu
301 851 472 913 agnoscere
494 833 606 910 velint,
639 839 771 912 quantus
791 834 823 895 in
845 833 956 896 ultimo
989 834 1053 897 hoe
1074 854 1120 897 oo

198 922 273 977 natu
302 916 342 977 ad
378 914 565 977 mouendum
587 916 746 978 Pontitioia
768 918 929 996 animum,¹
959 924 994 978 ut
1010 916 1120 987 :serite

196 999 408 1061 reformationi
436 1017 563 1079 operam
594 998 698 1077 daret,
732 1001 772 1060 eit
800 1000 925 1081 spiritua
946 1007 1120 1082 quantaque

196 1082 325 1145 solertia
345 1081 494 1145 invidiam
515 1102 534 1143 a
555 1081 660 1144 Leone
683 1084 837 1147 moventis
858 1089 892 1153 et
909 1083 1049 1166 eulpam¹
1073 1104 1120 1147 ex·

199 1170 362 1244 asperatae
375 1183 503 1229 oaussae
517 1165 550 1226 in
564 1165 790 1227 Caietanumet
802 1166 932 1237 Ideaium
955 1166 1119 1231 desolven-

198 1248 248 1326 tie‚
269 1252 303 1306 ut
323 1247 462 1328 profesto
485 1249 564 1313 inter
584 1267 653 1311 rara
674 1254 706 1311 et
721 1248 925 1313 admiratione
939 1248 1119 1331 dignissima

196 1331 311 1411 seripta
342 1331 447 1395 referri
481 1332 588 1393 merito
624 1331 746 1394 debeat.
789 1332 898 1413 Neque
923 1333 1009 1399 aine.
1023 1334 1120 1414 prori-

196 1412 301 1483 deutia
321 1413 425 1485 divina
443 1414 594 1491 saeidiase
614 1414 717 1493 oredo,
741 1422 775 1476 ut
795 1416 905 1485 literae
926 1422 991 1479 tam
1007 1418 1120 1481 auimo

196 1515 250 1565 sae
271 1516 341 1557 eum
364 1497 510 1559 adiuueto
533 1498 610 1560 libro
633 1517 731 1579 opera
744 1498 866 1577 Miltitii,
887 1499 1017 1580 Papalis
1039 1499 1121 1561 mini·

196 1581 260 1658 stri,
269 1580 406 1650 Romam
421 1580 634 1661 perferrentur,
651 1582 860 1643 testimonium
874 1580 1120 1663 simplicissimae

196 1663 333 1731 veritatis
355 1672 536 1745 perpetuum
563 1665 713 1727 futurae.“
754 1665 846 1728 Libro
872 1671 996 1745 autem,
1027 1684 1119 1746 ,quem

77 1734 83 1749 Χ
196 1746 240 1819 de
258 1746 400 1819 libertate
430 1747 595 1819 ohristiaira
615 1747 765 1809 Lutherus
785 1749 858 1810 huie
887 1748 1046 1830 epistolae
1072 1747 1119 1811 ad·

195 1830 304 1909 iunxit,
321 1832 576 1911 praestantiorem
591 1830 716 1899 nullum
738 1850 872 1912 unquam
884 1831 983 1903 abae
1007 1831 1119 1907 editum

199 1932 271 1977 esse
293 1912 396 1999 nemo'
409 1934 473 1977 non
493 1913 669 1995 profiteturt
684 1914 840 1977 Luther-us
861 1915 930 1995 ipae
943 1934 1018 1977 eum
1040 1934 1117 1981 eoru·

196 1996 313 2078 pendio
346 1997 424 2069 dixit
450 1999 533 2059 vitae
562 1997 747 2060 christianae
781 2004 965 2080 congestum
1000 2005 1036 2060 et
1067 2016 1119 2080 pro

109 2115 112 2120 ν
196 2081 368 2160 speeimine
390 2080 542 2164 exhibuit,
577 2078 686 2161 quihus
720 2078 829 2143 studiis
862 2081 929 2162 ipae
963 2081 1076 2144 mallet
1092 2086 1120 2143 et

196 2170 304 2244 posset
335 2165 519 2225 fructuosius
553 2164 712 2244 occupari,
754 2166 779 2224 ai
823 2183 879 2245 per
922 2162 1117 2227 adversarios

195 2247 312 2308 lioeret.

198 2376 222 2401 -’
281 2365 514 2424 Vetustissimae
536 2365 643 2424 horum
667 2362 840 2425 libellorum
864 2362 1021 2426 editiones
1041 2371 1118 2427 eunt:

242 2464 244 2475 ·
278 2448 420 2532 Epistola
439 2447 624 2509 Lutheriana
648 2446 700 2508 Ad
711 2446 847 2508 Leonem
862 2447 1026 2509 Deeimum
1039 2448 1119 2510 Sum·

196 2550 277 2591 mum
299 2530 493 2592 Pontificem.
1006 2548 1010 2561 ·

210 2648 214 2653 -
276 2614 437 2675 'll-aetatus
450 2613 490 2674 de
503 2613 644 2674 libertate
658 2613 832 2675 christiana.
856 2613 1118 2697 Virittembergaa

193 2697 230 2761 In
252 2698 331 2758 line:
355 2697 447 2759 Anno
471 2697 594 2757 Domini
618 2695 658 2758 M.
680 2697 717 2756 D.
740 2696 805 2759 XX.
827 2698 855 2758 4.

773 2779 910 2854 (Panzer
930 2778 984 2857 IX,
1008 2782 1082 2858 77).

274 2863 419 2944 lilpiatola
461 2861 582 2923 Martini
616 2859 738 2923 Lutheri
774 2860 812 2921 ed
844 2862 983 2923 Leonem
1018 2865 1057 2926 X.
1094 2870 1120 2924 et

194 2948 356 3008 Tractatus
391 2945 430 3006 de
455 2945 596 3006 libertate
627 2944 802 3006 christiana.
844 2942 1039 3026 Antve'rpiae
1072 2964 1121 3030 per

196 3030 338 3091 MichaeL
361 3029 536 3090 Hillenium.
559 3029 590 3088 M
611 3030 638 3088 D
663 3027 728 3106 XX,
750 3030 779 3090 4.

196 3148 200 3155 -
775 3110 910 3188 (Panner
930 3110 986 3191 w,-
1008 3109 1082 3196 7)).

276 3195 419 3275 Epistola
438 3193 625 3256 Lutheriana
646 3193 686 3254 ad
707 3193 843 3255 Leonem
861 3193 1020 3254 deeimum
1046 3214 1120 3257 sum

195 3316 217 3327 Ι·
275 3297 365 3423 {didi
379 3297 425 3422 dd
427 3275 598 3422 1dddddddna
611 3360 762 3438 libertate,
785 3359 947 3421 continens
970 3379 1120 3424 summam

277 3443 436 3507 doetrinae
457 3444 667 3526 evangelicae,
689 3441 802 3523 quoad
824 3442 1020 3504 formandam
1041 3462 1119 3507 meu

275 3535 337 3590 tem
371 3534 403 3589 et
429 3528 478 3588 ad.
494 3525 726 3608 intelligendam
756 3525 909 3606 evangelii
947 3522 1016 3587 vim
1050 3525 1120 3589 nilril

197 3650 201 3655 -
229 3648 232 3655 ·
274 3611 455 3690 absolutius,·
476 3609 551 3671 nihil
574 3607 797 3672 oonduoibilius
818 3625 920 3687 neque
933 3627 953 3668 a
965 3611 1120 3675 retentus

275 3712 376 3775 neque
397 3693 647 3756 areoentioribus
669 3690 869 3773 eoriptoribus
890 3684 1055 3771 proditum
1070 3700 1120 3757 ast

273 3778 329 3859 Tu,
351 3777 524 3839 Christiane
537 3777 644 3857 leotor,
660 3774 766 3856 relege
772 3776 886 3837 iterum
899 3780 997 3855 atque
1007 3778 1117 3841 iterum
