2346 4208
177 267 242 333 444
358 321 364 328 .
444 271 489 324 iv.
525 271 630 326 conus
649 272 682 326 u.
702 273 735 327 ιι.
756 272 833 327 sua.-

177 456 224 516 lta
251 457 331 516 enim
364 464 395 517 et
418 456 601 532 Sqlaoobus
623 457 732 534 ait*):
770 459 891 538 Siquis
915 477 933 518 a
954 457 1021 518 Deo
1045 457 1099 518 ali·

179 540 251 619 quid
274 540 420 619 postulat,
443 541 580 620 postulet
602 561 669 601 anm
692 540 814 621 fiducia,
836 542 912 603 nihil
931 541 1098 601 haesitans.

178 622 256 683 Nam
282 624 331 702 qui
353 623 493 702 haesitat,
515 627 542 684 is
565 624 671 685 similis
694 632 742 685 est
761 625 865 685 fluctui
887 625 990 704 maris,
1006 624 1058 704 qni
1081 643 1100 682 a

178 714 272 767 vento
307 715 448 767 movetur
482 715 512 768 et
543 708 658 788 impetu
691 710 816 788 rapitur.
870 708 978 786 Neque
1016 707 1098 766 enim

179 789 335 851 existimet
367 791 461 850 homo
490 790 560 867 ille,
596 811 630 851 se
664 793 827 871 qnisquam
847 811 867 851 a
889 790 957 851 Deo
990 809 1098 869 aceep-

179 878 289 933 turum.
341 872 428 948 Quae
460 873 562 935 iacobi
596 874 691 935 verba
727 876 771 935 sio
797 872 978 954 adeipienda
1011 881 1096 933 sunt:

178 954 249 1016 ideo
284 956 359 1016 nihil
381 976 399 1016 a
422 956 489 1018 Deo
519 957 700 1038 impetrant,
736 960 787 1036 qui
808 957 976 1036 haesitant,
1014 956 1097 1035 quod

168 1038 313 1101 ‘eorda'
305 1057 440 1136 ipsorum
474 1059 536 1101 non
571 1042 632 1102 sint
665 1048 748 1102 serta
778 1059 815 1102 aa
844 1041 957 1120 quieta
1005 1038 1098 1099 Fides

177 1127 279 1182 sutem
302 1141 357 1182 eor
379 1123 513 1201 quietum
536 1125 661 1202 retinet,
695 1126 856 1204 utpossit
883 1123 985 1183 divina
1014 1121 1098 1182 dona

176 1205 341 1285 suscipere.

260 1287 398 1349 Alterum
422 1296 538 1368 autern,
568 1292 683 1369 inquo
711 1296 857 1370 peceant,
887 1292 912 1349 si
935 1286 1008 1367 quid
1030 1290 1097 1348 siae

177 1370 238 1432 tide
261 1372 441 1448 orantphoo
463 1379 524 1449 est,
547 1372 629 1452 quod
650 1371 734 1434 fideli
757 1392 794 1433 ao
816 1374 917 1433 verani
939 1371 1017 1446 Deo,
1040 1389 1096 1431 oen

178 1453 318 1515 mendaci
340 1474 377 1515 as
399 1455 488 1516 intuli
511 1456 592 1532 viro,
614 1474 677 1516 non
700 1456 816 1518 habent
837 1454 945 1531 fldem,
968 1452 1113 1534 perinde‘

179 1542 270 1618 atque
292 1539 445 1617 promissa
465 1538 567 1599 faeere
579 1539 629 1599 vel
643 1558 703 1600 non
722 1540 822 1618 possit
836 1538 886 1599 vel
909 1536 987 1598 nolit
1001 1536 1095 1598 Deus.

178 1621 280 1700 Atque
303 1621 333 1680 hi
355 1621 484 1702 gloriam
521 1641 557 1681 ao
580 1640 691 1683 nomen
721 1641 840 1682 summo
855 1621 930 1682 'Deo
953 1621 1095 1699 eripiunt,

198 1703 261 1764 nod
290 1723 353 1764 non
384 1704 514 1765 eredunt
541 1725 610 1765 eum
644 1704 766 1765 fidelem
797 1713 828 1765 et
850 1722 991 1764 veraoem
1014 1722 1092 1764 esse.

176 1721 307 1848 iustum
331 1795 434 1849 autem
456 1788 517 1849 hoe
540 1793 588 1848 est
610 1794 781 1869 peceatum,
803 1795 837 1848 ut
858 1806 896 1848 ex
920 1786 1094 1848 Christiano

177 1870 332 1932 ethnicum
358 1871 458 1949 faeiat,
482 1878 512 1930 et
534 1889 596 1931 non
619 1871 718 1932 solum
734 1877 864 1952 negatur
884 1870 946 1931 hoo
962 1875 1093 1949 peoeato

175 1953 276 2031 Deus,
299 1953 353 2014 sed
376 1972 500 2034 prorsus
526 1955 690 2033 amittitur,
713 1973 814 2033 neque
837 1953 900 2013 ullu
921 1972 992 2032 spes
1015 1952 1095 2012 salu-

175 2037 214 2098 tis
237 2043 293 2111 ast
316 2035 460 2115 quamdiu
481 2037 512 2095 in
534 2036 734 2117 hospeeeato
757 2038 968 2097 manserimus.
1003 2034 1094 2132 Quod

176 2120 202 2180 si
224 2118 335 2180 assidit
323 2119 540 2198 taliquaudo,
572 2127 605 2181 ut
626 2121 791 2201 impetrent
812 2117 977 2217 aliquid‚'
978 2120 1030 2200 qni
1051 2119 1096 2178 sio
1136 2171 1139 2176 .

176 2203 243 2263 sine
264 2201 377 2261 fiduoin
399 2203 563 2282 oraverint,
541 2203 674 2264 tdatur
697 2205 741 2264 eis
764 2203 864 2265 illud
857 2223 955 2284 ipsum
979 2201 1093 2262 donum

176 2283 215 2345 ad
237 2286 401 2364 perniciem
430 2292 492 2345 tum
528 2288 665 2366 eorporis
698 2296 760 2347 turn
789 2288 911 2346 animae
947 2285 986 2345 ab
1015 2287 1094 2346 irato

175 2367 253 2445 Deo,
276 2375 309 2428 ut
329 2368 479 2430 habeatur
500 2370 608 2429 saltem
632 2369 853 2449 honosaliquis
876 2369 1095 2445 saerisverbis,

176 2469 256 2532 quae
278 2451 500 2512 abhominibus
513 2459 653 2531 peceato
611 2451 837 2513 tointidelitat
825 2459 899 2513 ttae
913 2458 1092 2558 contemptu

176 2532 237 2594 Dei
258 2534 358 2614 plenis
380 2535 583 2615 proferuntur.

259 2616 389 2695 Quarto,
413 2637 513 2697 neque
533 2617 577 2679 illi
599 2619 688 2679 reete
703 2621 852 2694 sentiunt
883 2619 933 2696 qui
956 2625 1018 2677 tum
1042 2638 1095 2698 pu·

176 2704 242 2760 tant
270 2720 303 2761 se
327 2700 445 2761 orando
475 2700 589 2780 aliquid
613 2703 777 2781 impetrare
800 2721 911 2780 posse,
950 2701 975 2759 si
1009 2700 1094 2782 digni

175 2782 215 2843 ad
238 2783 386 2844 orandum
409 2784 568 2845 aoaedant.
611 2784 679 2845 Non
704 2790 805 2844 autern
840 2791 887 2844 est
920 2783 981 2843 hoo
1009 2803 1095 2864 spee-

177 2866 312 2942 tandum,
336 2866 445 2948 dignus
467 2887 506 2926 an
528 2866 671 2948 indignus
693 2869 745 2943 sis,
771 2869 921 2946 quiores.
958 2865 988 2927 si
1012 2869 1094 2928 enim

177 2969 239 3010 non
273 2956 344 3010 ante
372 2949 461 3010 nobis
495 2949 642 3029 orandum
671 2958 750 3026 erat,
788 2969 878 3030 quarn
912 2951 1095 3010 sentiremus

176 3034 186 3093 i
210 3035 235 3092 si
256 3053 314 3094 nos
336 3032 448 3114 dignos
471 3040 502 3094 et
519 3040 619 3114 aptos,
641 3052 796 3112 nunquam
811 3052 973 3114 possemus
996 3052 1094 3094 orare.

205 3123 289 3178 ostra
319 3117 400 3176 enim
425 3118 537 3195 oratio,
571 3118 649 3177 sieut
670 3125 743 3177 ante
764 3119 953 3194 monuimus,
990 3117 1096 3177 nititur

176 3217 238 3260 non
263 3201 293 3259 in
317 3198 481 3280 dignitate,
505 3219 594 3279 quum
618 3219 675 3260 nos
699 3198 868 3276 afferimus,
892 3198 998 3260 sedin
1023 3219 1094 3261 oon-

176 3284 269 3343 stanti
305 3284 432 3343 veritate
467 3282 590 3343 divinae
621 3284 843 3364 promissionis.
892 3282 933 3342 Et
965 3301 1041 3342 suns
1070 3283 1095 3342 si

176 3366 275 3426 oratio
298 3365 348 3425 vel
369 3367 399 3425 in
424 3385 457 3425 se
480 3365 528 3426 vel
551 3367 581 3425 in
609 3366 671 3426 alio
694 3365 825 3444 quodam
849 3367 977 3443 nitatur,
1016 3385 1095 3426 vanu

176 3455 223 3509 est
245 3456 277 3507 et
296 3449 476 3526 frustrares,
499 3451 617 3509 etiamsi
641 3469 681 3508 ex
695 3449 795 3510 cordis
820 3451 871 3530 pio
889 3447 1000 3510 affeetu
1024 3469 1094 3529 pro·
1143 3448 1150 3465 ⁸

176 3550 284 3612 gressa
304 3531 453 3610 videatur,
477 3540 507 3593 et
529 3532 611 3594 oculi
631 3552 695 3606 non
715 3551 836 3612 aquam,
859 3532 913 3592 sed
936 3535 1095 3612 sanguinis

175 3619 278 3694 guttas
301 3614 491 3674 lacrimando
515 3613 680 3677 effundant.
