2346 4208
328 256 435 315 additio
451 258 486 315 Β.
505 258 584 315 uara
602 259 722 317 Luthsrl.
944 259 986 326 41

59 441 165 520 verbi,
197 461 291 522 quam
312 445 474 507 servienh's
504 445 668 527 potestatis
689 445 893 524 perverbum
915 466 986 509 oon·

59 526 197 604 stitutus,
218 544 292 586 eura
312 526 454 604 sollicita,
476 528 573 590 Leoni
595 527 631 590 Χ.
654 527 705 589 vel
726 529 829 609 potius
851 529 907 591 sub
929 550 986 592 uo·

59 609 143 669 mine
158 607 272 671 Leonis
288 609 325 674 X.
348 610 559 673 adulatoribus
571 611 752 691 furentibus,
775 611 987 693 appellatione

57 692 257 772 interposita,
288 694 404 754 resistit
435 712 538 756 ooram
575 694 733 772 omnibus,
766 695 845 756 siout
872 695 986 758 Paulus

59 775 163 848 Petro,
184 773 255 838 (lul.
276 778 306 840 2.

144 857 247 937 Atque
269 859 384 921 utinam
407 859 552 940 exemplo
575 860 635 921 isto
659 858 922 923 Christianissimo
942 861 987 922 ita

59 941 199 1002 inserent
220 942 332 1022 singuli
355 943 505 1023 episeopi‚
528 943 640 1023 singuli
661 942 810 1022 Abbates,
832 949 986 1023 pastores,

59 1024 232 1105 prinsipes,
269 1026 479 1106 magistratus,
513 1024 646 1104 denique
677 1027 790 1108 singuli
812 1025 987 1105 Christiani,

59 1107 183 1187 quoties
204 1125 245 1167 ex
258 1106 342 1170 Urbe
363 1109 420 1171 sub
432 1109 558 1170 nomine
570 1126 671 1188 papae
686 1109 827 1173 viderent
848 1115 987 1173 munstre

59 1188 209 1288 advepsus
231 1191 422 1272 evangelium
436 1191 549 1253 Christi
561 1191 693 1271 prodire.
716 1191 889 1274 Evangelio
904 1193 986 1255 enim

58 1273 684 1436 lulli:tll‘ttljltlltlt'ltl:
705 1274 987 1438 ttlzttlt'ltlz

57 1438 174 1520 galium
187 1438 298 1501 Christi
311 1440 476 1520 quidquam
490 1441 623 1517 molitur,
646 1461 705 1503 nee
720 1441 802 1503 Patri
816 1460 876 1503 neo
888 1443 986 1521 metri,

57 1523 139 1583 sieut
160 1520 235 1583 dioit
252 1522 449 1598 Christusll:
473 1523 532 1599 Qui
554 1531 639 1586 amet
661 1532 781 1605 patrem
801 1525 870 1605 plus
892 1543 986 1604 quam

59 1623 126 1683 me,
147 1623 211 1665 non
234 1612 282 1666 est
303 1625 353 1668 me
374 1606 495 1688 dignus.

80 1695 82 1699 ’
142 1686 275 1762 Quando
297 1690 380 1750 enim
401 1709 485 1771 papa
506 1691 635 1770 patitur,
667 1694 702 1753 ut
723 1696 831 1752 eontra
859 1709 894 1751 se
914 1709 985 1771 aga·

58 1781 109 1833 tur
128 1788 185 1852 pro
208 1771 377 1853 episeopo?
414 1773 526 1834 Nonne
555 1779 700 1853 tanquam
730 1773 869 1854 superior
899 1791 986 1853 prae·

58 1853 130 1915 ferri
151 1853 217 1914 vult
238 1855 387 1936 episeopo
416 1856 448 1915 in
471 1853 636 1919 omnibus?
671 1875 724 1916 eur
752 1874 827 1936 ergo
860 1875 922 1917 non
955 1861 987 1916 et

59 1936 258 2017 evangelium
281 1938 428 2018 praeferri
451 1938 508 1999 sibi
531 1940 680 2019 patiatur,
711 1945 742 2000 et
763 1937 932 2001 seeundum
956 1936 986 1999 id

58 2019 199 2097 iudieari,
220 2019 304 2100 apud
317 2039 532 2102 quemcunque
549 2021 672 2083 tandem
695 2023 786 2082 fuerit
805 2020 987 2082 inventum?

60 2102 109 2163 An
133 2103 328 2183 evangelium
352 2103 463 2167 sedere
487 2106 581 2181 volet,
604 2113 637 2165 ut
658 2105 715 2167 sibi
737 2103 987 2185 obtemperetur?

59 2185 162 2261 Absit,
185 2187 242 2246 uisi
265 2186 340 2247 velit
362 2206 424 2248 non
445 2188 525 2249 inter
547 2188 738 2249 Christianos
760 2195 911 2268 pastores,
931 2187 986 2252 sed

57 2271 139 2330 inter
174 2288 314 2349 paganos
343 2277 492 2333 tranuoe
520 2271 643 2347 haberi,
681 2277 753 2332 tuno
794 2271 875 2332 euim
910 2269 985 2330 illud

59 2351 179 2412 dioetur
200 2353 335 2432 apostoli
370 2356 404 2430 ):
428 2353 508 2428 Quid
531 2355 603 2414 mihi
627 2354 666 2414 de
688 2355 724 2414 iis
747 2355 799 2432 qui
820 2353 893 2415 loris
916 2358 987 2413 sunt

59 2434 217 2494 iudicare?
260 2435 371 2496 Nonne
407 2445 439 2497 et
472 2455 528 2497 vos
563 2437 601 2497 de
630 2438 666 2497 iis
702 2456 780 2516 quae
802 2438 883 2497 intus
916 2443 987 2497 sunt

58 2516 222 2579 iudicatis?

144 2599 211 2662 Stat
247 2620 321 2681 ergo
352 2601 544 2662 Christianae
577 2604 660 2662 vitae
699 2602 807 2682 regula
839 2603 926 2661 iuxta
953 2601 984 2663 S.

59 2684 183 2743 Petrum
196 2683 273 2761 **)‚
305 2692 338 2744 ut
367 2704 474 2746 omnes
500 2687 632 2746 invioem
655 2686 844 2744 insinuemus
867 2683 984 2743 humili·
1062 2707 1066 2712 ·

23 2811 28 2816 ι
60 2770 165 2828 tatem.
199 2766 315 2827 Omnes
328 2766 433 2828 disens
446 2769 598 2828 neminem
622 2769 746 2847 exeipit
768 2784 827 2826 neo
838 2766 984 2827 humilem

59 2868 130 2909 esse
152 2849 273 2927 suffieit,
297 2850 352 2910 sed
374 2852 520 2911 insinuari
543 2859 574 2912 et
587 2852 708 2912 ostendi
722 2850 814 2911 dehet
835 2850 865 2909 iu
889 2868 984 2929 opere

58 2938 92 2992 et
128 2933 268 2994 veritate.
319 2932 379 2994 Sed
413 2941 444 2994 et
475 2934 509 2998 Β.
539 2934 706 3014 Gregorius
740 2933 985 3013 praeclarissime

58 3014 133 3074 dioit
160 3016 190 3074 in
220 3015 370 3095 deoretis,
406 3036 512 3077 omnes
541 3038 599 3078 nos
629 3037 698 3078 esse
720 3015 879 3095 aequales,
915 3015 985 3077 sola

59 3097 151 3178 eulpa
179 3098 253 3159 feeit
280 3099 456 3177 inferiores,
494 3102 573 3161 sieut
600 3108 632 3160 et
662 3100 742 3164 Psal.
766 3102 825 3163 122
843 3097 874 3172 ²)
911 3098 984 3158 diei-

59 3188 121 3241 tur:
165 3180 231 3241 lllie
263 3181 410 3243 sederunt
443 3183 533 3243 sedes
567 3185 597 3242 in
630 3183 752 3245 iudicis.
797 3180 899 3256 Quare
932 3181 983 3242 ubi

58 3263 151 3344 eulpa
173 3271 234 3340 est,
255 3264 299 3324 ibi
320 3266 380 3325 iam
404 3264 509 3326 iudieii
531 3267 618 3327 loeus
641 3274 703 3343 est,
726 3273 757 3326 et
777 3264 904 3325 inferior
927 3271 983 3341 est,

59 3347 112 3426 qui
131 3365 199 3407 eam
221 3346 315 3408 hahet
336 3348 494 3423 omnihus,
533 3351 583 3428 qui
612 3369 675 3410 non
696 3348 827 3429 Jhabeut.
871 3346 983 3406 Nonne

59 3437 92 3490 et
126 3429 187 3490 hoe
220 3431 387 3509 aliquando
411 3432 541 3492 Romani
571 3431 735 3512 pontifices
765 3430 980 3509 exhibuerunt,

132 3704 162 3772 ⁴)
185 3706 209 3758 1.
233 3703 298 3758 Cor.
316 3705 342 3760 6.
382 3704 431 3769 ”l
453 3708 477 3760 1.
494 3707 551 3761 Pet.
571 3709 596 3763 5.

132 3778 163 3840 1)
185 3776 214 3828 lu
233 3775 275 3830 ed.
296 3778 366 3846 orig.
386 3776 476 3830 deest:
496 3776 632 3831 Christus.
669 3777 702 3846 2)
723 3776 807 3833 Ibid.:
828 3777 900 3832 Paul:
