2346 4208
187 263 250 327 444
500 262 652 331 Disputatio
671 259 704 314 D.
725 261 757 314 Μ.
776 261 804 314 l..

190 445 312 508 modion
328 451 360 505 et
380 446 507 523 inoerto,
530 451 562 506 et
574 465 630 526 pro
653 446 689 506 iis
700 447 843 527 oeoipere
856 446 970 522 aliene,
984 446 1107 527 plurimo

188 538 223 591 et
244 529 424 590 certissime.

252 615 302 677 16.
324 611 461 673 Christus
473 617 575 672 eutem
591 611 674 689 dioit,
685 611 850 673 vendende
863 616 896 674 et
911 609 1108 691 relinquendo

189 715 258 757 esse
271 696 375 756 omnio
397 695 531 775 proprie,
552 694 633 755 houd
656 694 747 757 dubie
764 695 862 755 multo
887 695 987 775 megin
1011 695 1110 754 omnia

190 779 292 839 aliene
314 784 345 838 et
367 779 553 838 communio.

254 865 301 925 17.
327 861 421 940 lgitur
442 862 467 921 si
497 862 668 921 moneelioo
696 880 789 921 sensu
811 860 920 921 volent
940 859 1110 938 relinquere

124 969 129 975 ·
190 952 223 1005 et
244 943 379 1004 vendere
401 945 515 1022 omnio,
539 950 663 1025 oportet
685 962 740 1004 eos
754 945 839 1004 exire
858 943 897 1004 de
914 941 1109 1005 hoomundo.

252 1026 386 1090 18.1m0
417 1027 502 1087 exire
533 1032 658 1107 oportet
685 1027 775 1107 ilino,
809 1026 861 1087 ubi
895 1046 960 1088 non
997 1026 1110 1103 vivitur,

189 1109 299 1187 editur,
324 1109 445 1189 bibitur,
469 1110 607 1188 vertitur,
630 1108 793 1186 habitatur,
815 1109 907 1172 uteie
922 1128 998 1170 vere
1013 1110 1111 1169 omnin

190 1193 373 1271 relinquent.
750 1194 755 1201 '
1054 1234 1064 1249 .

255 1278 302 1338 19.
319 1274 397 1334 Nem
424 1274 496 1350 vito,
519 1292 573 1334 eeu
589 1275 672 1354 quod
688 1277 776 1354 vivis,
798 1275 873 1355 edio,
897 1276 989 1352 bibio,
1014 1276 1111 1354 vestis,

191 1359 295 1437 loono,
317 1358 393 1417 hore
416 1363 447 1417 et
469 1357 597 1433 similia,
620 1358 729 1438 quibus
750 1361 859 1438 uteris,
883 1366 936 1420 tue
954 1364 1029 1420 sunt
1048 1360 1112 1439 ipoo

190 1461 257 1501 uen.
1131 1454 1135 1463 '

253 1526 302 1588 20.
325 1522 357 1584 Si
379 1541 453 1583 vero
472 1529 526 1583 tue
547 1542 609 1584 non
633 1531 719 1600 eunt,
740 1526 800 1586 iem
824 1526 870 1585 inr
892 1533 945 1587 ont
967 1527 1050 1589 latro
1073 1547 1114 1605 eo,

191 1607 292 1668 alieno
315 1624 440 1681 rorone,
464 1613 496 1666 et
518 1626 574 1686 pro
598 1609 657 1667 tuis
679 1628 839 1688 usurpans.

253 1691 303 1753 21.
326 1688 464 1749 Christus
486 1690 623 1769 loquitur
645 1689 684 1751 de
704 1691 913 1771 relinquendis
937 1698 971 1752 et
984 1692 1115 1754 venden-

192 1773 238 1833 dis
262 1771 404 1833 omnibns
426 1780 553 1853 propter
574 1775 703 1852 primam
735 1775 885 1854 tabulam,
918 1794 975 1836 seu
1000 1777 1115 1838 oonles·

191 1858 312 1917 sionem
336 1862 367 1916 et
390 1873 519 1916 oensem
545 1856 702 1936 publicam
722 1856 804 1920 fldei.

244 1942 303 2003 22.
328 1939 361 2000 ln
393 1957 486 1999 onore
530 1940 610 2000 enim
647 1941 764 2021 primae
797 1940 921 2002 tabulae
955 1941 1117 2003 retinendo

192 2021 385 2101 emendeque
406 2023 467 2081 iste
482 2041 606 2104 gemme
628 2025 716 2103 regni
738 2024 908 2101 ooelorurn,
932 2025 1115 2086 vendendus

193 2114 240 2166 est
263 2125 346 2186 ager,
368 2105 571 2185 relinquendo
594 2114 624 2167 et
645 2105 815 2167 emittendo
836 2114 907 2167 eunt
929 2109 1048 2168 omnio.
1068 2140 1082 2163 .

253 2192 304 2253 23.
326 2189 413 2248 Tune
445 2191 526 2249 enim
560 2189 642 2268 quod
674 2189 862 2250 insecundo
897 2189 1005 2251 tebulo
1040 2193 1115 2253 iuste

193 2270 289 2332 hebes
312 2279 343 2331 et
364 2271 505 2351 possides
527 2291 583 2353 pro
606 2271 665 2333 heo
687 2273 759 2350 vito,
782 2274 1054 2353 propterprimern
1078 2282 1116 2335 te·

194 2354 311 2433 bolam,
334 2353 365 2414 id
389 2360 449 2432 ent,
474 2356 567 2415 vitem
591 2362 764 2434 oeternum,
801 2362 848 2415 est
870 2356 1011 2418 hilariter
1033 2359 1114 2418 omit--

195 2437 331 2498 tendum.

255 2523 304 2584 24.
327 2520 424 2581 Extra
446 2539 570 2581 oensem
595 2521 713 2600 primae
736 2519 868 2597 tabulae,
892 2541 947 2582 seu
971 2523 1113 2585 confessi-

194 2606 283 2681 onis,
316 2610 387 2664 sunt
410 2605 513 2664 omnio
535 2603 689 2683 parando,
712 2604 879 2683 servande,
911 2604 1114 2684 defendendo,

193 2685 448 2748 administrando.

255 2772 303 2832 25.
328 2769 407 2845 Quia
428 2776 568 2829 tenemur
590 2767 714 2830 tobuloe
736 2769 893 2830 secundae
916 2770 1066 2850 obedire,
1087 2771 1112 2832 id

193 2857 250 2927 est,
271 2852 336 2911 inre
359 2852 462 2913 divino
493 2858 524 2912 et
544 2852 674 2912 notureli
708 2870 819 2932 eorpus
853 2860 884 2912 et
917 2853 1000 2914 hono
1024 2856 1113 2916 vitoni

194 2931 310 3010 fovere,
333 2934 426 3013 olere,
448 2935 536 3012 tueri,
558 2933 780 2995 administrare.
992 2987 994 2990 Α

256 3018 304 3078 26.
327 3016 424 3077 Extra
458 3037 581 3077 oensem
604 3019 721 3098 primoe
745 3016 888 3095 tabulae,
918 3037 976 3079 eeu
999 3023 1115 3083 confes·

193 3098 306 3174 sionis,
339 3101 364 3158 si
387 3102 454 3178 quis
477 3098 582 3172 eniel)
609 3119 671 3161 non
693 3099 853 3180 providet,
886 3100 981 3162 fidem
1015 3112 1115 3186 negot

192 3185 223 3239 et
245 3187 292 3241 est
312 3180 427 3241 infideli
457 3182 600 3243 deterior.
644 3182 685 3243 Et
706 3182 860 3244 Christus:
883 3183 955 3244 Non
992 3198 1115 3267 separet

193 3261 298 3337 homo,
322 3282 399 3341 qnos
423 3265 505 3325 Deus
528 3266 699 3327 coniunxit.

256 3349 304 3410 27.
327 3345 396 3407 Hoo
417 3355 473 3422 est,
495 3349 538 3408 ita
559 3348 762 3428 relinquendo
794 3367 867 3409 euos
897 3355 929 3410 et
953 3352 1118 3415 vendendo

193 3446 267 3524 sue,
299 3429 388 3488 simul
411 3429 490 3493 ultro
512 3429 647 3492 tabulam
676 3430 861 3508 secundem,
898 3443 1015 3513 peooet
1038 3445 1071 3498 et
1091 3439 1119 3498 in

192 3530 332 3590 pnmern.

263 3771 295 3850 t)
314 3772 348 3832 ln
367 3773 412 3833 od.
431 3775 518 3847 enge.
534 3730 618 3831 onor.
