2346 4208
196 267 241 334 'lo
413 271 500 340 Epicu
520 275 625 340 septen
637 276 746 340 prust
764 272 890 326 virorum

199 460 334 536 nisime,
369 461 394 520 si
429 459 617 539 aliquamdiu
640 466 671 521 te
692 463 772 521 intra
804 464 933 540 penates
956 467 1028 524 tuos
1048 480 1118 524 cnn·

197 543 314 618 tineas,
342 550 373 604 et
393 543 533 620 laudem,
556 562 647 622 quem
668 565 732 606 nou
756 551 846 624 potes
867 547 992 624 assequi
1014 544 1117 607 verbo

200 627 300 706 nitate,
324 627 447 688 silentio
469 627 523 687 tibi
546 628 694 688 vindices.
724 627 893 706 Equidem‚'
909 648 1008 708 qnam·
1023 631 1119 710 impur

199 729 268 770 cum
294 711 393 772 doctis
416 712 504 771 ineas
527 719 701 783 certamen,
735 711 808 772 hinc
845 714 1010 774 aestimare
1038 713 1119 788 liccl,

198 793 282 873 quod
304 813 365 854 nec
383 792 517 855 indoctis
538 794 740 856 formidabilis
752 815 821 856 esse
833 797 990 875 coeperin-
1013 795 1119 874 Neque

199 877 252 938 tibi
274 879 434 938 victoriam
475 895 515 938 ex
544 878 634 938 nobis
664 885 782 939 temere
811 879 999 960 polliceare,
1034 879 1119 940 multi

199 980 305 1022 sumus
326 960 460 1037 indocti,
496 967 527 1021 et
555 963 695 1039 quamvis
728 980 790 1022 non
813 982 921 1023 omnes
944 963 1120 1044 sophisticis

202 1044 328 1123 spiculis
350 1050 468 1103 certare
487 1045 650 1118 callemus,
687 1065 750 1105 non
780 1047 873 1126 pauci
901 1053 1006 1107 tamen
1039 1045 1119 1107 docti

201 1127 322 1188 validos
344 1127 456 1187 librare
478 1134 603 1205 contos,
632 1147 709 1208 quos
732 1127 887 1191 declinare
908 1147 972 1191 non
993 1131 1120 1211 poteris,

199 1210 258 1270 nisi
282 1211 391 1290 positis
414 1213 561 1272 conviciis
584 1218 614 1271 et
636 1213 773 1292 profanis
796 1213 1016 1274 nrtibnsverae
1036 1213 1120 1275 meo

201 1293 304 1371 legiae
337 1300 369 1355 et
391 1293 529 1358 Ohristos
548 1296 666 1375 optimo
699 1298 835 1357 maximo
871 1302 970 1357 totum
1001 1302 1034 1358 te
1063 1303 1120 1357 tra

199 1375 369 1458 dideris*).
879 1390 882 1395 ’

613 1461 707 1522 Finis.
929 1473 944 1506 ⁹
1009 1484 1013 1489 ’

577 1600 762 1607 -——--———--

464 1698 680 1781 Epistulae
701 1700 854 1780 sapiam

199 1833 420 1910 praestantium
444 1839 475 1894 et
505 1833 607 1913 magni
631 1833 764 1896 nominis
792 1810 937 1908 virorum,
959 1831 991 1901 iu
1015 1829 1121 1913 quibus

240 1915 355 1977 mendo
383 1913 418 1976 fit
439 1915 478 1978 de
510 1915 783 2083 negztppsilctprtppn
815 1921 846 1978 et
865 1915 1086 1997 disputatione

650 2160 760 2226 Lm?
860 2161 879 2170 ''

394 2299 518 2382 Staupitii
541 2299 574 2361 ad
596 2300 736 2380 Georgium
760 2298 932 2381 Spoletinum.

282 2413 418 2477 Salutem
443 2423 473 2476 et
495 2419 627 2497 gratiam
650 2417 775 2478 Domini
791 2415 980 2488 mostrilesu
1003 2413 1124 2483 Christi.

200 2496 289 2572 Quod
313 2496 351 2557 de
373 2499 505 2560 Martino
527 2500 661 2561 Luthero
684 2507 790 2561 nostro
814 2499 942 2570 scribis,
960 2498 1062 2565 amice
1083 2497 1123 2559 iu·

200 2582 378 2660 tegerrime,
413 2584 444 2643 in
467 2604 500 2644 se
523 2583 646 2662 quidem
669 2583 790 2661 durum,
813 2589 866 2647 tuo
890 2580 1041 2649 dulcescit
1062 2578 1122 2642 elo·

200 2664 282 2742 quio,
306 2665 420 2745 quippe
442 2668 493 2747 qui
516 2686 653 2729 amorem
677 2667 792 2747 spiras,
816 2663 960 2731 terrendo
983 2663 1123 2733 roboras.

199 2744 269 2808 Non
292 2745 371 2808 fallit
393 2750 444 2828 qui
467 2769 501 2809 se
523 2751 644 2815 tertium
668 2751 827 2830 promisit,
859 2745 1123 2813 consentientibus

199 2831 249 2908 pie
271 2829 391 2891 duobus
413 2833 444 2891 in
467 2853 569 2893 unum.

282 2912 357 2973 Cum
382 2916 473 2994 igitur
502 2923 583 2978 tuam
619 2915 835 2978 excellentiam
871 2933 978 2975 amore
1005 2913 1122 2975 fervere

199 3002 302 3056 mente
325 3002 489 3076 pertracto,
512 3008 543 3060 et
565 3019 654 3080 quam
669 3000 714 3061 sis:
734 2997 894 3074 sollicitus,
915 3003 950 3058 ut
969 2995 1001 3057 id
1023 2998 1122 3076 ipsum

147 3080 151 3087 “
198 3078 385 3158 persuadeas
417 3080 502 3158 aliis,
535 3103 626 3143 unam
660 3101 719 3142 uec
740 3081 896 3147 minimam
919 3078 1053 3161 abegisti
1073 3078 1122 3141 de·

199 3162 342 3241 sperandi
366 3166 572 3226 occasionem.
623 3163 694 3229 Non
721 3166 802 3224 enim
832 3170 964 3244 possunt
992 3182 1122 3225 consen-

200 3251 290 3311 tanea
313 3265 375 3307 nou
399 3248 537 3308 exaudiri
559 3250 610 3329 pia
633 3255 715 3310 vota.
750 3247 777 3308 Ε
800 3247 889 3309 coelo
913 3266 1039 3327 quoque
1061 3265 1122 3309 vox

211 3384 334 3391 ...κ--..ψῃ
338 3384 382 3391 ..υ-

271 3450 302 3519 *)
324 3452 353 3503 In
382 3452 425 3506 ed.
454 3450 517 3505 Jcn.
547 3457 574 3505 et
592 3453 722 3505 Vittemb.
742 3450 866 3504 additum
897 3452 1016 3520 legitur:
1046 3450 1121 3506 vua
1149 3503 1152 3508 .

198 3523 280 3577 Auno
299 3522 333 3576 Μ.
356 3524 386 3576 Ι).
406 3525 478 3576 xlx.
530 3525 578 3582 ”t
600 3525 654 3578 Has
685 3523 836 3592 epistolas,
865 3538 937 3590 quac
962 3525 991 3575 in
1023 3522 1120 3579 collac-

198 3597 272 3649 tioue
310 3593 426 3650 Jensnsi
465 3595 533 3663 Opp.
564 3594 672 3649 luth.l
711 3611 738 3662 p.
759 3594 811 3650 384
840 3610 900 3664 sqq.
936 3597 1122 3662 reperiuntur,

199 3683 249 3720 nos
278 3682 387 3735 quoque
425 3669 498 3735 typis
525 3667 570 3718 hic
601 3666 757 3721 reddendas
799 3682 865 3719 esse>
892 3666 1052 3734 censuimus
1089 3664 1121 3723 cd

198 3737 342 3795 historiam
374 3740 588 3804 Reformationis
626 3741 717 3813 magis
736 3737 948 3814 illustrandam,¹
969 3742 996 3793 et
1014 3742 1121 3799 textum

198 3824 292 3866 aarum
311 3811 493 3882 repetivimus
512 3826 549 3865 ex
567 3810 610 3864 ed.
631 3810 744 3864 lenensi
764 3824 787 3862 a.
807 3808 886 3866 1556.
