2346 4208
310 284 371 337 suis
389 282 499 353 Lipsiae
518 282 665 351 disputetis
685 299 711 336 s.
731 282 802 357 m·
957 278 1021 347 255

115 463 228 525 deuotus
252 472 322 525 oret
347 485 405 545 pro
426 467 586 546 impietate
609 467 727 546 peccati
751 465 813 542 sui,
835 466 897 527 hoc
917 473 1019 528 eutem

114 556 150 607 est
169 549 330 629 poenitere
343 551 458 629 utique,
483 569 540 608 nec
554 553 657 628 potest
669 549 739 625 dici,
762 549 843 627 quod
856 568 912 630 pro
935 570 1021 630 pree·

112 632 188 691 terito
199 638 253 691 eut
274 650 332 710 pro
354 651 459 712 poeno
475 633 631 712 praeteriti
646 633 766 711 peccati
789 641 865 710 oret,
888 633 942 692 sed
964 654 1020 714 pro

111 715 261 794 promenti.
273 714 352 774 Nem
368 722 402 775 ut
414 715 474 775 hoc
487 712 674 793 ostenderet,
688 713 814 775 adiecit:
828 715 1019 795 impietatem

109 799 217 877 pcccati
234 799 306 875 mei,
316 816 374 876 pro
397 798 455 857 hec
478 797 585 875 orabit,
600 817 663 858 non
675 797 793 857 scilicet
806 818 862 878 pro
880 810 1019 878 peccato,

108 896 160 959 quo
179 879 349 959 otiquendo
371 899 475 961 poene
495 879 698 960 significetur,
721 880 775 940 sed
797 882 1021 961 proimpietste

107 965 230 1043 pcccati,
254 980 335 1041 quse
356 964 514 1043 estculpc,
536 983 606 1023 nem
629 982 685 1043 pro
707 963 891 1024 remittenda
908 972 1020 1043 oratur,

107 1064 156 1125 pro
175 1047 307 1106 remisse
328 1048 443 1126 gratias
466 1048 596 1127 egimus.

179 1128 315 1206 Quarto,
337 1128 413 1189 illud
438 1134 465 1193 1.
486 1129 620 1192 Timoth.
650 1134 679 1190 t:
708 1129 801 1188 Venit
821 1129 911 1188 desus
935 1130 1018 1191 Chri·

108 1221 163 1271 stus
183 1220 366 1292 peccatores
388 1212 492 1273 seiros
515 1213 631 1290 fecere,
665 1230 792 1290 quorum
823 1214 936 1292 primus
959 1232 1019 1293 ego

108 1314 180 1374 snm3
203 1314 266 1354 uon
290 1294 365 1355 dicit
385 1293 479 1377 iui¹)‚
501 1294 555 1355 sed
578 1315 643 1354 sum
663 1303 818 1374 peccator,
838 1297 923 1354 iuxta
943 1295 1018 1355 iliud

108 1377 185 1440 Rom.
208 1382 244 1440 i:
282 1377 371 1451 Scio,
402 1376 484 1459 quod
507 1397 569 1451 non
593 1376 763 1437 habitatin
787 1396 852 1452 me,
880 1378 941 1437 boo
963 1385 1019 1455 est,

109 1461 135 1519 in
154 1479 246 1521 cerne
258 1480 338 1540 mss,
361 1461 492 1539 bonum3
514 1459 596 1541 quod
609 1459 684 1520 nolo
703 1461 826 1538 molum,
849 1460 908 1520 hoo
928 1461 1019 1522 iccio.

110 1542 154 1603 st:
176 1542 244 1624 Ego
269 1552 371 1604 eutem
393 1544 525 1604 carnaiis
547 1562 630 1620 sum,
654 1543 847 1604 venundatus
870 1542 926 1603 sub
948 1562 1018 1623 pee-

109 1634 185 1704 csto3
207 1629 252 1687 sio
266 1625 380 1690 Gebbz
405 1627 484 1686 Coro
497 1628 688 1706 concupiscit
699 1627 846 1686 adversus
870 1628 1019 1705 spiritum,

110 1716 140 1768 et'
154 1711 279 1789 spiritus
300 1709 448 1769 adversus
470 1728 604 1771 curnem.
647 1709 688 1768 At
704 1710 925 1789 concupiscere
947 1728 1018 1769 cou-

110 1802 148 1851 ιη
165 1794 319 1872 spiritum,
354 1801 514 1872 peecatum
537 1801 600 1870 est,
632 1794 703 1871 quie
723 1792 908 1872 prohibitum
932 1810 1017 1871 prue—

109 1883 189 1954 ospto
211 1875 285 1935 Dei:
308 1875 377 1935 Non
395 1877 608 1956 concupisces.
651 1874 752 1948 Quare
777 1874 836 1934 hoc
857 1884 1018 1954 peccatum

109 1966 149 2016 est
165 1959 292 2038 proprie
313 1966 492 2037 peccatum,
528 1965 558 2018 et
581 1977 635 2037 per
657 1960 878 2038 poenitentiam
902 1957 1018 2017 diluen-

109 2030 190 2119 rod,
224 2043 305 2100 sicut
325 2041 414 2103 Rom.
437 2043 465 2104 6.
489 2041 596 2117 docet,
619 2040 732 2101 destrui
755 2059 866 2120 eorpus
888 2043 1017 2121 peccati,

108 2132 133 2182 et
152 2144 213 2184 non
237 2124 366 2184 obedire
388 2124 546 2184 desideriis
570 2126 679 2184 cernis.
724 2125 765 2183 At
786 2123 939 2183 desiderio
956 2143 1018 2183 eer-

108 2207 147 2266 nis
166 2214 298 2287 peccota
320 2218 351 2266 et
373 2217 481 2267 contro
519 2209 618 2287 legem
644 2216 714 2266 sunt
736 2206 886 2284 divinem,
924 2227 1018 2286 quare

108 2291 289 2367 poenitentia
311 2310 366 2370 pro
391 2293 435 2349 eis
458 2309 536 2370 opus
560 2301 615 2350 est.

178 2374 305 2451 Quinto,
329 2375 399 2433 Luc.
428 2375 481 2438 13:
509 2375 639 2450 Putatis,
673 2373 745 2450 quie
776 2373 833 2451 ipsi
863 2371 1019 2433 debitores

108 2455 219 2516 fuerunt
257 2477 332 2535 pree
355 2457 496 2517 omnibns
527 2455 702 2516 hominibus
730 2455 951 2515 habitatoribus
975 2457 1017 2515 le·

107 2541 250 2599 moelem?
276 2559 354 2617 non,
378 2539 448 2600 dico
471 2541 575 2615 vobis,
599 2541 656 2598 nisi
680 2539 901 2617 poenitentiam
925 2538 1017 2598 bebu-

108 2624 191 2703 eritis,
216 2642 326 2682 omnes
343 2624 432 2682 simul
446 2625 593 2702 peribitis.
636 2622 728 2699 Ecce,
752 2621 894 2680 omnibus
911 2625 1017 2701 poeni-

108 2707 223 2766 tentium
246 2706 362 2769 indicit.
405 2708 451 2765 lta
472 2707 582 2769 Lucae.
606 2703 709 2786 24²J:
735 2704 878 2785 Oportuit
898 2705 1017 2783 proedi-

107 2791 158 2848 ori
178 2791 210 2849 in
233 2791 360 2849 nomine
379 2792 444 2849 eius
467 2792 688 2869 poenitentiam
712 2787 780 2869 et³)
805 2789 1016 2847 remissionem

108 2882 309 2950 peccatorum,
342 2876 372 2934 in
407 2893 514 2933 omues
538 2881 656 2953 gentes.
701 2872 782 2931 Ecce
805 2877 902 2930 totum
926 2890 1016 2929 evan-

110 2956 209 3032 gelium
240 2957 313 3015 nihii
353 2971 415 3032 est,
455 2976 544 3035 quarn
580 2954 768 3035 praedicatio
799 2955 1016 3034 poenitentioe.

111 3037 179 3118 drgo
209 3042 273 3100 vite
294 3041 475 3120 evangelicu
498 3050 544 3100 est
566 3038 648 3097 aliud
671 3039 760 3115 nihil,
799 3057 888 3116 quern
912 3038 1018 3116 poeni·

112 3125 203 3182 tentia.
248 3123 322 3183 ideo
348 3124 518 3183 Bernurdue
543 3133 625 3181 recte
647 3121 734 3180 dicit:
763 3122 821 3195 Qui
850 3140 912 3179 non
944 3123 1015 3179 assi-

113 3201 159 3263 due
179 3206 217 3265 ed
240 3209 463 3288 poenitentiam
481 3208 614 3282 festinet,
637 3205 717 3264 fecto
732 3204 867 3264 ostendit
889 3223 922 3262 se
944 3223 1016 3282 poe·

116 3287 226 3349 nitentia
248 3310 310 3350 non
333 3310 444 3370 egere,
473 3291 560 3369 quasi
593 3288 711 3347 scilicet
741 3289 780 3347 sit
800 3288 894 3367 longe
916 3286 1017 3347 absur-

117 3367 264 3453 dissimum,
288 3394 357 3435 esse
380 3375 529 3452 aliquem,
552 3373 601 3451 qui
616 3373 808 3452 poenitentia
831 3391 891 3429 non
916 3379 1015 3449 egeat.

182 3458 293 3535 Sexto,
321 3460 387 3518 totd
419 3458 567 3533 ecclesis,
597 3462 676 3514 teste
710 3456 897 3535 Augustin0,
922 3473 1018 3532 usque

121 3533 141 3592 iu
157 3539 241 3601 tinem
267 3543 370 3601 mundi
393 3549 476 3600 oret:
508 3541 635 3599 Dimitte
664 3539 754 3597 nobis
776 3537 879 3597 debita
902 3546 1015 3598 nostro.

123 3616 185 3682 Haec
204 3634 304 3686 eutem
335 3645 396 3685 vox
426 3632 472 3683 est
493 3625 717 3703 poeniteutiae,
756 3624 799 3680 ite
821 3629 854 3680 ut
875 3622 1012 3681 Christus

154 3797 172 3859 t)
190 3799 214 3849 in
234 3801 275 3850 ed.
296 3802 381 3864 briga
403 3799 460 3849 suit.
481 3798 512 3855 2t
536 3796 564 3846 In
584 3795 643 3847 edd.
664 3794 808 3863 orig.:ult..
829 3795 859 3855 3)
880 3794 961 3846 ibid:
981 3794 1017 3844 in.
1097 3866 1104 3879 Ο
