2346 4208
191 223 234 306 34
399 240 443 294 Ao
462 239 866 319 Aagnmrmamlluseueouto

192 425 390 522 haereticum,
413 444 504 504 quem
526 426 585 487 nisi
607 424 809 505 prohibueris,
832 443 892 506 ego
914 431 945 487 te
967 443 1036 493 ιιιιιι
1056 424 1112 491 ιιι-

192 509 240 569 'oio
263 515 315 569 tuo
337 509 522 587 haereticos,
543 505 729 577 Asianorum
751 515 917 589 patronos,
950 509 1113 575 Romanae

163 626 164 630 =
192 591 345 652 ecclesiae
363 591 632 672 blasphematores
653 591 885 671 pronunciabo,
920 597 1015 671 etque
1034 591 1113 661 heac

192 694 256 736 non
276 675 394 737 lubrico
404 673 593 756 ,ambigua
621 674 792 756 simulato,
823 673 879 736 sed
911 682 1113 756 apertosw

191 777 293 821 mone

275 841 350 919 Scis,
381 860 471 920 quarn
496 840 709 905 dissimulabat
730 849 798 903 tuns
827 816 993 920 theologus
1014 818 1113 938 fortis·

193 926 286 984 simus
309 924 386 984 haec
407 924 546 1003 audiens,
569 943 659 1003 quam
682 908 847 1004 fugitabat
876 943 967 1004 quam
995 924 1114 1003 quand

193 1007 288 1086 tabat,
310 1025 400 1085 quam
424 1007 581 1087 reptabat,
603 1017 634 1068 et
656 1015 760 1071 tamen
781 1007 874 1103 hodie
897 1006 999 1083 adhuc
1016 1013 1111 1086 acea

192 1090 248 1152 sed
284 1097 315 1149 et
349 1096 381 1149 tu
415 1090 598 1172 fortissimus
626 1090 792 1170 discipulus
828 1091 893 1151 eius
921 1089 1053 1155 fortiter.
1074 1087 1114 1157 od

193 1170 272 1233 haec
294 1181 388 1245 taces,
409 1174 463 1252 qui
483 1181 585 1241 tamen
608 1173 809 1237 conciliorum
827 1174 1115 1254 interpretationem

192 1255 311 1317 nobis
303 1275 349 1315 rus
372 1220 507 1317 divinum
530 1257 639 1334 fecisti,
661 1257 747 1336 quasi
769 1257 905 1323 hicnon
927 1257 1022 1329 totius
1044 1274 1114 1353 ffl-

193 1357 247 1399 sae
270 1358 389 1399 summa
410 1339 554 1421 pendeat
591 1340 663 1408 Alia
684 1358 758 1400 vero
772 1340 845 1403 satis
868 1339 965 1409 multa
975 1339 1116 1419 cophne

194 1420 319 1500 affertis,
343 1441 403 1501 quo
425 1424 470 1484 int
472 1424 548 1485 erim
570 1423 648 1504 haec
668 1419 905 1502 praeterfluens,
936 1410 1058 1502 quibus
1069 1442 1116 1489 ute

193 1505 257 1586 geri
278 1524 334 1565 vos
358 1504 487 1569 sentitis.
1068 1549 1071 1555 -

278 1587 349 1670 lpse
370 1590 525 1649 vixrisum
550 1596 656 1657 tenere
669 1589 767 1669 potui,
791 1606 858 1649 oum
857 1556 1011 1668 legerem
1030 1552 1115 1669 meg

195 1659 318 1732 nificam
342 1680 424 1732 tuam
447 1673 608 1734 exclamat
589 1679 714 1751 tionem,
737 1670 764 1732 Ο
779 1673 922 1739 miserum
935 1670 1114 1751 liutherius,

194 1756 221 1814 si
243 1746 445 1815 exsecrandis
475 1763 507 1815 et
541 1717 799 1817 abominabilibus
826 1755 957 1821 istorum
985 1754 1116 1834 piaculis

194 1837 347 1917 confisus,
381 1857 418 1898 ae
440 1858 503 1898 non
530 1833 663 1919 potius
655 1838 719 1918 rugi
741 1824 967 1916 Scripttuarurn
988 1836 1118 1911 media.

132 1918 134 1922 ”
196 1922 280 1996 tione
312 1921 422 1998 fretus,
462 1940 530 1981 cum
560 1921 727 1989 fortissimo
771 1918 988 2001 theologorum
1018 1918 1118 1991 Esaia

193 2023 328 2084 pugnam
351 2004 446 2066 ineat
490 2002 575 2100 Quos
597 2005 648 2065 hio
674 2002 835 2072 confutas?
861 2003 1041 2077 Bohemosl
1074 2000 1120 2071 Δι’,

196 2089 297 2174 qnist
285 2084 339 2147 tihi
362 2085 439 2146 dixit
459 2086 561 2147 illos
553 2107 584 2147 ιιι
612 2087 673 2148 hoe
708 2106 817 2166 orere
844 2087 928 2166 quod
955 2086 1115 2155 crederent

194 2188 245 2228 me
267 2167 452 2228 confisurum
474 2171 536 2230 suis
559 2166 707 2253 piaculis?
730 2168 792 2233 Sed
810 2168 1005 2235 Stesichorus
1027 2187 1116 2233 meus

194 2254 237 2312 ita
259 2253 337 2327 inter
359 2253 508 2332 vituperia
531 2260 562 2314 et
583 2254 690 2315 laudes
712 2252 836 2316 Martini
856 2252 1000 2333 fluctuat,
1023 2262 1058 2315 ut
1079 2252 1118 2316 ab

195 2333 270 2396 ebrii
292 2332 484 2396 sermonibus
507 2355 570 2396 non
593 2337 721 2398 multum
744 2334 870 2397 abludat
878 2344 950 2415 ,et
971 2299 1117 2416 qhantum

195 2417 309 2494 audio
358 2419 433 2479 velis
485 2439 535 2480 me
578 2418 692 2482 fiducia
734 2419 900 2481 meditatae
942 2419 1118 2500 scripturas

215 2521 235 2559 u
259 2502 342 2563 nare.

193 2521 212 2582 p
236 2518 258 2582 g
279 2583 353 2661 Quis
373 2603 515 2682 unquam·
530 2584 626 2646 felicit
614 2591 660 2645 ter
704 2586 840 2664 ognovit,
862 2584 1034 2664 mihimet,
1055 2586 1117 2647 suis

194 2667 288 2728 fretus
312 2676 365 2728 aut
387 2668 533 2729 doctrinis
555 2675 608 2728 aut
630 2604 760 2746 viribus,
788 2668 846 2730 nisi
877 2669 956 2731 forte
979 2678 1011 2730 tu
1032 2667 1118 2733 solus

194 2753 226 2811 in
247 2751 307 2811 hac
329 2751 484 2833 epistola?
506 2750 608 2832 Ego
590 2752 654 2812 scio
670 2749 760 2810 illud:
783 2751 933 2813 Dominus
953 2757 1118 2821 conterens

195 2834 292 2913 bella,
316 2844 347 2894 et
368 2833 442 2894 illud
454 2835 548 2896 ludio
572 2841 606 2903 5:
631 2825 812 2894 nominis
804 2854 872 2915 ipse
895 2835 1068 2913 dimicavit
1087 2841 1118 2895 et

196 2917 235 2978 de
258 2917 347 2978 eoelo
370 2918 546 2989 dimicatum
586 2924 633 2979 est
660 2923 767 2977 annua
797 2936 861 2978 eos.
909 2917 1020 2997 Neque
1048 2937 1117 2978 cum

197 2996 392 3079 fortissimis,
425 3020 525 3080 neque
548 3020 615 3061 oum
637 2997 852 3063 infirmissimis
880 3012 1019 3080 uuquam
1044 3020 1117 3082 pug-

197 3104 271 3144 nare
292 3083 390 3160 volui,
412 3103 504 3144 omne
526 3084 754 3165 propositumf
752 3084 797 3144 uit
818 3085 851 3145 in
872 3084 986 3164 ungulo
1011 3084 1120 3157 latera

196 3167 356 3227 Nunct
303 3187 341 3226 au
345 3175 413 3226 tem
423 3169 520 3227 unica
541 3166 691 3231 schedula
714 3167 940 3248 disputatoria,
970 3167 1057 3229 velut
1075 3166 1117 3231 lor

196 3251 277 3310 cinia
298 3250 527 3332 apprehensus,
550 3253 609 3310 ιι
601 3271 632 3309 ιιι
653 3249 807 3331 publicum
831 3269 887 3331 per
909 3251 971 3311 vim
993 3257 1117 3328 tractus,

196 3330 320 3394 Domini
342 3333 501 3409 voluntate
523 3335 567 3393 ita
587 3332 701 3395 factum
723 3333 869 3411 credens,
898 3352 964 3401 nou
992 3333 1128 3410 timebo..

198 3416 238 3476 mi
258 3412 382 3494 Emser,
413 3436 471 3476 nec
493 3416 691 3477 fortissimum
728 3435 787 3487 nec
808 3415 1038 3485 vocalissimum
1060 3415 1120 3494 lies.

199 3500 277 3559 cium
292 3510 387 3580 tuum
410 3501 559 3560 sicutneo
580 3500 923 3580 teimpotentissimtun,
946 3488 1120 3578 antulium

198 3582 442 3644 indoctissimum
479 3591 692 3660 contemnam,
726 3590 799 3645 tunc
831 3602 905 3661 vero
941 3584 1034 3651 ιιιιιιι
1066 3601 1119 3645 ero

200 3665 365 3743 Lutherus,
394 3667 420 3725 si
443 3673 495 3726 tuo
519 3667 649 3726 consilio
674 3665 873 3726 meditatione
897 3663 1119 3763 scripturarum

200 3749 295 3809 fretus
317 3769 464 3830 pugnem,
486 3768 524 3808 ac
545 3768 607 3811 non
629 3758 686 3830 pot
686 3752 732 3831 ius
755 3747 817 3823 tide
839 3750 1025 3832 operantis
1017 3770 1049 3821 ιιι
1071 3767 1120 3810 me
