2346 4208
121 266 187 335 422
439 263 757 338 unp-monna

123 540 343 601 Recentiornm
382 538 614 600 commentaria
649 554 759 617 parom
796 535 857 597 eibi
893 541 1036 612 constant,

122 623 234 683 alieubi
254 623 336 682 enim
359 642 451 703 pure,
473 621 586 682 alieubi
612 622 732 700 impure
754 620 882 682 modnm
905 619 1035 680 inutilita-

465 706 558 766 tionis
579 703 713 764 tradunt

312 822 382 882 Pori
405 831 476 883 aunt
496 843 536 884 ex
559 821 661 882 multis
683 822 777 903 panai
799 821 861 882 isti.

209 943 237 1002 1.
265 939 415 1000 Lutherna
440 942 472 1000 in
502 939 693 1020 praefatione
714 938 754 1000 ad
775 939 938 1000 Romanos
959 937 1039 998 dicit:

125 1022 171 1087 aa
207 1023 277 1084 tritt
317 1024 455 1097 ollentnrt
491 1025 589 1100 turno
618 1021 808 1103 &angelium
834 1021 943 1088 &nitet
970 1019 1041 1096 Sam

126 1121 182 1168 ron
211 1104 334 1181 blanel
363 1109 431 1167 ibet
456 1107 509 1168 ulte
539 1105 702 1183 lllenldrn,
732 1124 780 1168 um
808 1107 886 1183 ittet
916 1106 1040 1184 gotttrlor

125 1187 241 1265 {delent
263 1193 320 1250 unt
342 1190 492 1267 Untugent
514 1190 620 1251 millen.

208 1274 237 1334 2.
263 1272 340 1331 ltem
375 1274 406 1331 in
439 1272 630 1351 praefatione
661 1271 692 1330 in
721 1269 898 1350 Epistolam
927 1269 1041 1332 Iaoobi:

126 1353 197 1417 itit
225 1362 256 1414 et
282 1355 334 1416 mit
361 1353 556 1429 &oleandum
586 1354 757 1430 oottidrtrn,
787 1357 842 1416 tot
873 1354 916 1415 tie
939 1353 1043 1431 &polet

125 1437 177 1498 mit
198 1435 301 1516 {lirion
323 1456 371 1516 3111
390 1437 469 1502 liele
497 1439 662 1514 nutriatur.
704 1435 772 1496 Hoo
804 1438 934 1497 nomine
968 1437 1043 1497 dam-

126 1524 230 1595 natur,
253 1526 399 1600 tanquam
421 1540 485 1581 non
507 1522 548 1580 ait
568 1518 758 1601 apoatolioa,
779 1519 888 1581 laoobi
911 1521 1045 1600 epistola.

209 1605 238 1666 3.
266 1603 301 1662 ln
336 1604 470 1683 epistola
504 1603 544 1663 ad
579 1603 737 1663 Romanos
774 1609 928 1683 perpetuo
964 1609 1046 1685 urget

126 1683 297 1765 Philippus,
317 1687 349 1746 in
372 1706 456 1747 novo
478 1686 679 1747 Testamento
703 1703 771 1745 ease
794 1685 967 1766 ungendam
990 1688 1066 1747 vio·

127 1766 274 1828 lationem
296 1769 375 1848 Filii,
398 1789 462 1830 non
484 1769 684 1830 violationem
706 1767 794 1848 legia.

209 1852 238 1912 4.
261 1851 410 1913 Lutherua
432 1855 464 1912 in
485 1853 656 1912 summariis
677 1851 888 1926 Psalmorum,
911 1851 1048 1912 Psalmo:

127 1931 215 1993 Coeli
237 1940 382 1996 enarrant
401 1936 533 2016 gloriam
554 1935 630 1995 Dei:
673 1935 736 1996 llut
759 1935 847 1996 boarit
875 1935 941 2012 dett
962 1953 991 1998 et
1011 1952 1049 2013 guz

129 2013 211 2094 gizid)
234 2019 283 2091 out
305 2021 358 2081 tot
383 2022 438 2081 otte
460 2017 561 2097 dalet,
578 2020 690 2093 meimet
712 2034 746 2079 rc.

210 2103 240 2164 5.
268 2101 310 2161 Et
335 2102 367 2161 in
387 2101 651 2162 Annotationibua
678 2099 798 2160 nonsart
818 2098 956 2180 gloriam
978 2099 1048 2180 legit

129 2200 198 2241 oum
221 2184 399 2264 evangelio,
422 2184 601 2264 expendens
625 2182 806 2264 diligenter,
829 2201 885 2241 our
908 2183 991 2243 ooeli
1011 2191 1047 2242 ra

129 2264 233 2325 velent
256 2266 387 2346 gloriam
409 2268 476 2328 Dei.
512 2268 553 2327 Et
573 2269 653 2327 inter
675 2266 737 2326 alia
756 2265 866 2344 inquit,
890 2285 962 2325 oum
986 2266 1046 2325 doo-

129 2347 208 2407 trina
230 2348 311 2429 legis
333 2351 437 2428 potius
456 2350 586 2431 gloriam
609 2350 767 2409 hominum
796 2353 828 2408 et
849 2349 1044 2428 ignominiam

127 2430 185 2490 Dei
207 2439 368 2512 operetur,
402 2432 534 2512 dumque
557 2452 613 2513 per
635 2451 730 2511 opera
751 2429 829 2510 legia
852 2439 909 2491 aut
931 2431 1046 2514 auperti

128 2523 335 2593 praesumunt,
358 2524 412 2575 aut
434 2517 589 2596 desperati
609 2516 708 2576 Deum
727 2513 870 2592 oderunt,
894 2515 1044 2576 coelorum

127 2597 205 2658 haee
226 2605 274 2658 est
295 2601 458 2662 enarratio.

211 2683 239 2743 6.
262 2681 338 2761 Cap.
361 2684 410 2748 40.
433 2682 508 2743 lea:
545 2680 647 2743 Debet
668 2682 749 2740 enim
771 2678 823 2740 lex
847 2699 919 2740 esse
943 2679 1043 2762 paeda·

127 2781 226 2844 gogus
248 2766 394 2844 eorporis.
424 2764 466 2825 At
481 2767 531 2843 qui
554 2784 609 2845 per
632 2783 700 2825 eam
721 2763 869 2823 iustitiam
894 2769 1043 2843 quaerunt

128 2846 319 2906 constituunt
356 2867 423 2908 eam
459 2847 690 2928 paedagogum
710 2846 932 2907 conscientiae.
993 2842 1041 2906 Sed

127 2945 218 3004 qnam
250 2929 345 3010 longe
379 2932 500 2991 eoelum
537 2951 556 2991 a
591 2938 671 2991 terra
703 2935 871 2989 semotum·
891 2937 958 3006 eat,
992 2937 1041 2989 tam

127 3009 220 3090 longe
244 3011 346 3091 legem
369 3034 388 3073 a
410 3015 601 3075 conscientia
624 3031 768 3092 separare
792 3011 956 3073 debemus.

208 3097 235 3156 7.
270 3098 360 3172 item,
392 3096 443 3156 lex
471 3095 628 3178 alliganda
656 3101 703 3156 eet
729 3095 769 3155 ad
800 3114 916 3175 oorpua
950 3104 982 3157 et
1002 3113 1042 3155 ex·

127 3176 240 3236 teriora
262 3179 408 3257 membra,
431 3187 464 3240 ut
485 3180 661 3241 moderetur
683 3179 836 3239 exteriora
851 3177 969 3240 officia.
996 3178 1044 3238 Hit

127 3257 202 3338 legia
226 3279 315 3320 verus
339 3268 369 3321 et
391 3265 532 3343 proprius
555 3282 628 3323 uaus
651 3267 706 3323 eat·
741 3261 799 3336 Qui
822 3271 930 3323 antem
955 3282 992 3323 ea
1012 3257 1043 3321 ad

126 3341 374 3403 iustificationem
409 3352 548 3424 utuntur,
583 3345 749 3407 abutuntur
777 3344 848 3425 lege
886 3346 928 3406 ad
968 3362 1045 3408 auam

125 3424 365 3488 damnationem.

473 3557 587 3638 Impuri
609 3560 689 3618 eunt.

208 3676 233 3735 1.
257 3671 290 3732 In
310 3673 494 3735 Visitatione
508 3675 678 3736 Saxonioa:
702 3672 782 3748 Quia
806 3673 952 3738 Christus
974 3696 1049 3739 man·

122 3753 177 3823 dat
197 3754 441 3845 praedioandam
460 3778 530 3820 ease
546 3758 769 3840 poenitentiam
785 3761 817 3818 et
831 3762 1048 3825 remiaaionam

9 3910 60 3952 h
