2346 4208
350 240 384 293 de
402 239 529 296 libertate
547 238 705 291 Christiana.
918 232 981 300 253

52 427 136 505 vari,
166 434 198 488 et
218 429 381 508 unicuique
402 447 514 508 corpus
536 446 624 488 suum
647 425 763 486 eisdem
792 423 899 486 studiis
933 443 981 485 oa·

53 509 230 590 stigandum
254 512 310 590 sit,
346 511 529 591 prudentem
554 508 728 570 etfidelem
760 515 883 587 oportet
913 526 982 568 esse

54 594 227 653 ministrum
254 594 378 672 Christi,
416 602 449 654 ut
471 598 515 654 sio
536 604 624 674 regat
646 603 676 652 et
698 590 810 652 doceat
832 591 982 671 populum

55 675 170 738 Ohristi
191 677 223 737 in
245 677 292 738 his
315 677 472 752 omnihus,
508 697 546 736 ne
569 676 758 737 conscientia
780 681 811 734 et
831 672 908 735 fides
930 692 981 735 eo·

52 779 123 820 rum
146 757 327 838 offendatur,
349 780 388 820 ne
408 763 440 820 in
464 761 507 819 eis
530 760 634 838 opinio
657 765 711 819 aut
730 756 819 818 radix
840 758 982 818 amaritu-

54 841 136 903 dinis
149 845 273 920 on'atur,
295 854 326 903 et
347 843 495 922 perillam
518 843 713 921 inquinentur
737 840 831 917 multi,
853 847 886 900 ut
907 839 983 901 Pau·

55 926 106 986 lus
127 928 323 1005 praemonuit
343 926 482 987 Ebraeos
495 924 543 1008 '¹),
566 925 626 986 hoc
647 932 703 1000 est,
725 944 765 984 ne
787 924 900 983 amissa
921 923 982 983 fide

58 1009 210 1087 incipiant
233 1011 379 1090 opinione
402 1028 530 1088 operum
553 1009 715 1087 inquinari,
737 1008 824 1086 quasi
840 1026 894 1086 per
914 1008 983 1086 ipsa
1060 1060 1067 1066 .

55 1089 261 1170 iustificandi3
293 1092 375 1172 quod
398 1092 488 1152 facile
527 1090 580 1167 fit,
616 1098 647 1151 et
667 1091 812 1171 plurimos
834 1091 982 1168 inquinat,

55 1175 117 1235 nisi
139 1173 215 1234 fides
238 1182 417 1235 constanter
447 1175 537 1234 simul
570 1173 746 1234 inculcetur.
789 1171 983 1252 Impossibile

56 1265 162 1318 autem
184 1267 232 1319 est
254 1259 342 1319 vitari
355 1257 468 1342 ¹),ubi
491 1259 583 1317 tacita
598 1256 659 1317 fide
682 1258 916 1318 constitutiones
929 1255 983 1316 ho-

57 1341 174 1404 minum
197 1341 284 1402 solae
307 1341 471 1418 donentur,
510 1342 588 1402 sicut
625 1340 777 1400 hactenus
800 1340 912 1398 lactum
936 1347 984 1399 est

56 1443 114 1503 per
136 1424 335 1504 pestilentes,
364 1425 493 1504 impias,
527 1423 707 1485 animicidas
728 1420 908 1503 pontificum
930 1440 984 1484 no·

56 1515 188 1567 atrorum
214 1507 403 1585 traditiones,
426 1517 456 1567 et
479 1506 731 1586 theologistarnm
746 1507 918 1584 opiniones,
940 1506 983 1565 in·

58 1589 153 1650 finilia
176 1591 335 1651 animabus
358 1589 398 1650 ad
419 1591 533 1650 inferos
555 1589 602 1648 his
620 1588 737 1668 laqueis
759 1590 928 1667 pertractis,
951 1596 985 1648 ιιι

58 1673 271 1734 antichristum
295 1693 465 1754 agnoscere
487 1674 597 1752 possis.

121 1755 180 1816 ·ln
203 1776 338 1834 summa,
361 1758 439 1817 sicut
461 1763 625 1836 paupertas
647 1755 678 1814 in
701 1753 829 1832 divitiis,
853 1753 985 1815 fidelitas

57 1839 89 1898 in
114 1841 263 1919 negotiis,
299 1839 453 1900 humilitas
475 1841 506 1899 in
528 1837 713 1916 honoribus,
746 1837 932 1898 abstinentia
952 1839 983 1897 iu

57 1921 262 2005 conviviis2),
296 1924 420 1983 castitas
441 1924 472 1982 in
496 1922 627 1998 deliciis,
659 1923 702 1981 ita
723 1922 838 1981 iustitia
860 1920 930 1980 lidei
952 1923 982 1980 iu

56 2007 241 2065 ceremoniis
263 2007 460 2085 periclitatur.
506 2003 674 2084 Numquid,
696 2005 739 2064 ait
756 2003 918 2081 Salomon,
941 2006 983 2083 ig-

58 2107 131 2148 nem
155 2089 221 2166 quis
243 2090 364 2148 insinu
387 2095 509 2169 gestare
532 2095 643 2168 potest,
662 2095 695 2147 nt
715 2106 779 2146 non
802 2086 980 2149 comburan-

56 2181 106 2231 tur
129 2174 311 2232 vestimeuta
334 2171 420 2232 eius?
442 2173 483 2232 Et
504 2180 606 2232 tamen
630 2171 713 2231 utin
736 2169 858 2248 divitiis,
879 2173 909 2230 in
933 2190 983 2230 ne-

56 2255 167 2334 gotiis,
201 2256 231 2314 in
253 2255 441 2327 honoribus,
467 2258 498 2314 in
521 2255 654 2332 deliciis,
687 2255 717 2314 in
736 2254 850 2333 epulis,
888 2257 931 2315 ita
952 2257 982 2313 in

56 2340 254 2416 ceremoniis,
276 2337 307 2398 id
330 2345 385 2415 est,
408 2340 438 2398 in
458 2337 601 2417 periculis
624 2339 739 2397 versari
753 2345 884 2417 oportet.
907 2338 983 2414 Irn0,

56 2422 139 2480 sicut
159 2421 323 2481 infantibus
345 2424 447 2501 pueris
469 2423 603 2480 maxime
626 2439 704 2499 opus
728 2428 774 2480 est
795 2420 891 2481 foveri
915 2422 983 2480 sinu

57 2511 90 2564 et
113 2501 217 2564 officio
240 2504 425 2583 puellarum,
448 2524 487 2562 ne
510 2510 654 2582 pereant,
677 2503 786 2581 quibus
808 2511 910 2563 tamen
932 2502 983 2563 ad·

56 2586 129 2648 ultis
153 2587 318 2666 periculum
341 2587 447 2646 salutis
470 2597 522 2657 est¹
538 2588 618 2646 inter
638 2586 757 2665 puellas
780 2588 911 2646 versari:
942 2587 985 2646 ita

58 2668 188 2730 rudibus
210 2676 241 2729 et
263 2671 409 2730 ferventis
431 2671 540 2730 aetatis
562 2668 736 2728 hominibus
760 2688 837 2748 opus
862 2676 923 2746 est,
952 2676 985 2728 nt

59 2754 303 2812 ceremoniarum
328 2752 468 2815 claustris
503 2754 593 2813 etiam
632 2751 740 2812 ferreis
772 2759 933 2813 teneantur
954 2759 985 2811 et

57 2838 261 2915 castigentur,
295 2857 334 2896 ne
355 2838 509 2916 impotens
544 2855 648 2895 eorum
682 2836 802 2895 animus
829 2855 884 2915 per
911 2836 985 2894 vitia

57 2937 208 2999 praeceps
232 2927 296 2995 eat,
322 2926 475 2980 ettamen
500 2939 581 2980 mors
599 2919 642 2980 eis
665 2919 762 2994 luerit,
786 2919 811 2978 si
833 2921 864 2978 in
888 2920 984 2998 opini-

58 3000 164 3076 one³)
195 3002 419 3062 iustificationis
453 3006 483 3062 in
519 3003 562 3062 eis
598 3002 876 3081 perseveraverint,
915 3021 983 3061 oum

58 3083 192 3147 docendi
215 3086 318 3164 potius
341 3088 410 3163 sint,
435 3106 497 3145 non
520 3084 590 3145 ideo
614 3083 752 3144 sefuisse
775 3083 860 3166 ³10⁴)
887 3085 983 3144 incar-

57 3174 193 3244 ceratos,
217 3174 249 3227 ut
270 3188 327 3248 per
347 3169 407 3229 hoc
425 3170 495 3228 iusti
518 3171 578 3228 sint
601 3174 653 3227 aut
675 3167 769 3228 multa
791 3169 906 3243 meriti,
929 3166 984 3227 sed

57 3271 98 3312 ne
112 3250 352 3328 malefacerent,
367 3260 398 3312 et
408 3251 447 3311 ad
459 3252 603 3312 iustitiam
617 3249 688 3311 fidei
699 3251 817 3312 facilius
832 3252 984 3311 erudiren-

58 3343 123 3413 tur,
146 3333 236 3476 fqnod
258 3354 332 3413 prae
354 3336 468 3414 impetu
495 3336 620 3410 aetatis,
655 3336 713 3394 nisi
741 3343 929 3414 premeretur
940 3333 985 3415 ⁵),

58 3436 121 3478 nou
158 3424 270 3477 errent.

94 3535 126 3605 1)
148 3537 178 3588 ln
199 3537 240 3589 ed.
263 3537 327 3592 1521
356 3537 482 3605 legitur:
510 3536 680 3605 impossibile
711 3537 791 3588 vitari
821 3543 912 3588 autem
933 3542 983 3588 est.

57 3609 90 3664 2l
105 3611 134 3659 ln
148 3608 189 3661 ed.
203 3611 286 3677 orig.:
306 3612 449 3662 conviciis.
470 3612 498 3667 3)
518 3609 551 3662 In
564 3608 688 3662 ed.Jen.:
711 3611 733 3659 si
745 3611 885 3676 opinione.
905 3608 937 3675 4)
954 3606 984 3660 In

59 3679 442 3818 ed.lp)21Hq}t)rJep²adeo.
480 3683 511 3749 5)
533 3679 564 3733 Iu
583 3679 647 3733 edit.
668 3680 752 3735 1521:
783 3689 984 3748 premerentur.
