2346 4208
342 246 377 303 do
396 252 514 318 utroquo
533 250 626 318 specio
644 246 827 307 sacramenti.
986 247 1049 315 41111

124 439 236 534 tiones,
260 455 337 517 quas
358 457 414 518 pro
438 436 1049 520 515111115ηά55115155555155515155111

125 527 383 667 sompponstffl
405 603 488 684 quod
510 604 580 665 laici
595 612 724 689 possent
741 604 878 686 credere,
899 607 929 668 in
952 606 1049 667 altera

102 688 230 768 specie
265 706 329 749 non
359 694 476 753 tautum
515 686 631 769 accipi,
658 695 804 769 quantum
843 690 876 753 iu
910 697 1072 770 utraque,

124 771 208 852 quod
232 777 314 831 asset
336 790 481 851 magnum
503 771 682 850 periculum.

188 855 237 918 52.
260 853 356 927 Quasi
383 873 458 914 vero
482 873 546 915 non
571 861 602 918 at
628 855 733 917 clerici
769 854 879 917 codem
910 855 1047 937 periculo

123 938 170 997 sic
192 936 319 1004 credere
341 937 470 1017 possint,
493 943 580 997 utet
604 937 663 998 illis
682 940 790 1000 merito
810 939 907 1014 altera
928 939 1048 1020 species
1154 1014 1156 1018 .

123 1018 291 1081 adimenda
308 1020 407 1080 fuerit.

187 1105 235 1167 53.
259 1102 337 1178 Quid
360 1103 386 1163 51
399 1121 458 1183 ego
481 1109 590 1163 contro
611 1104 751 1180 sentiam,
774 1124 824 1165 me
845 1123 909 1167 non
930 1110 1046 1165 tantum

123 1186 267 1265 accipere
289 1182 406 1263 altera,
429 1191 575 1266 quantum
596 1188 746 1267 utraque?
770 1189 925 1268 quianon
950 1194 1046 1249 totam

78 1340 80 1345 ‚
124 1269 238 1329 christi
260 1270 502 1348 institutionem,
536 1269 591 1331 sed
615 1270 772 1331 dimidiam
795 1271 894 1345 solum
918 1270 1047 1352 accipio.

185 1354 235 1416 54.
259 1351 365 1413 Altera
385 1353 463 1412 ratio
488 1358 552 1430 est,
587 1353 669 1433 quod
698 1353 855 1415 effusionis
877 1353 1047 1436 periculum

122 1435 214 1495 sitin
236 1435 334 1512 laicis,
356 1436 442 1515 quasi
462 1435 565 1496 clerici
587 1436 649 1498 hoc
671 1437 809 1518 periculo
823 1437 910 1505 liberi
926 1437 1048 1514 fuerint,
1078 1462 1080 1464 ’

121 1536 192 1579 cum
214 1517 339 1579 infinitis
363 1525 395 1580 et
422 1519 610 1597 quotidianis
640 1520 800 1600 periculis,
834 1522 913 1582 testo
941 1532 1045 1582 eornm

122 1600 201 1662 libro
236 1600 274 1661 de
304 1601 449 1681 cautelis,
481 1604 584 1662 vexati
617 1603 741 1683 saepius
763 1610 847 1665 totos
871 1603 984 1664 calices
1007 1603 1047 1664 ci·

122 1684 266 1746 fuderint.

184 1770 234 1831 55.
255 1767 297 1826 Et
317 1766 389 1846 quid
412 1773 468 1840 cst,
492 1767 577 1848 quod
590 1768 728 1830 Christus
745 1770 802 1830 hos
824 1770 960 1831 rationes
983 1787 1046 1830 non

121 1849 334 1931 perpenderit,
365 1869 423 1910 nec
446 1851 578 1912 ecclesio
606 1859 718 1932 postea
748 1852 810 1914 ill-io
841 1856 927 1912 mota
945 1852 1046 1925 iusonit,

121 1932 225 1994 donec
246 1932 286 1993 ad
307 1936 383 1994 istos
407 1935 619 2003 sanctissimos
642 1937 747 1997 asinos
775 1941 955 2017 perventura
978 1936 1047 1996 esti

185 2019 235 2082 56.
257 2017 361 2077 Tertia
382 2017 460 2080 ratio
481 2018 579 2098 longo
601 2019 802 2095 suavissima,
829 2019 954 2098 ,551515
976 2017 1047 2099 lego

122 2099 199 2160 nihil
231 2099 387 2163 habebant
417 2098 457 2162 ds
487 2100 648 2181 libamine,
685 2101 867 2181 offerentes,
901 2120 972 2164 cum
1006 2099 1046 2165 da

123 2183 275 2245 sacrificio
297 2183 456 2244 haberent.
917 2241 920 2249 ,

186 2269 235 2330 57.
259 2265 325 2326 Hac
347 2267 466 2326 ratione
489 2286 548 2327 nec
569 2267 748 2335 sacerdotes
782 2268 965 2348 pactioiparc
994 2266 1045 2327 do·
1090 2289 1099 2302 ·

124 2349 199 2410 bcnt
220 2349 317 2411 calice
337 2349 477 2425 Domini,
512 2351 584 2429 quia
612 2350 746 2413 libamen
768 2370 827 2415 nac
847 2349 923 2431 ipsis
944 2369 1044 2432 socen

123 2431 247 2495 dotibus
269 2432 565 2500 communicabatur.
1038 2482 1040 2489 ,

186 2517 236 2580 58.
259 2513 452 2594 Quamquam
474 2533 554 2595 quae
583 2516 743 2602 proportio
773 2519 826 2583 aut
849 2515 947 2596 lignea
972 2515 1045 2581 liba-

125 2598 216 2665 minis
237 2598 277 2658 ad
300 2598 444 2676 calicem,
475 2604 528 2661 aut
557 2616 638 2677 quae
661 2600 885 2677 consequentia
905 2598 983 2678 legis
1005 2598 1045 2659 ad

124 2681 341 2761 evangelium?

93 2839 98 2848 Ι
187 2767 236 2828 59.
259 2765 336 2824 Tum
371 2765 450 2824 enim
481 2764 615 2823 maxime
636 2763 790 2827 Christum
821 2765 958 2844 oportuit
985 2763 1046 2829 hoc

123 2846 301 2924 observare,
323 2855 484 2923 ncooutra
504 2846 638 2909 libamen
660 2848 690 2913 io
714 2845 784 2926 lege
799 2853 958 2926 ulnamque
977 2866 1046 2926 spe·

127 2932 207 2993 ciem
230 2936 386 2993 statueret.
417 2986 419 2991 .

189 3017 238 3079 60.
262 3014 377 3088 Quarta
397 3020 445 3074 cst
472 3013 634 3080 absolutae
661 3012 849 3092 sapientiae,
883 3019 917 3073 ct
953 3011 1047 3092 plano

124 3097 271 3177 dophistis
305 3105 336 3158 et
367 3098 535 3164 canonistis
568 3095 695 3176 dignae,
730 3114 821 3174 quam
848 3095 881 3157 iu
896 3128 899 3133 ·
914 3095 1046 3161 comitiis

125 3181 285 3261 Augustae
305 3181 508 3260 protulerunt.

98 3335 101 3342 ,
187 3266 236 3328 61.
259 3263 398 3340 Scilicet,
438 3263 521 3342 quod
560 3262 629 3322 filiis
661 3260 720 3332 Eli,
756 3265 783 3323 1.
806 3260 883 3341 Bag,
905 3261 940 3338 2,
963 3261 1046 3324 Deus

124 3365 258 3427 posnam
279 3347 428 3418 statuerit,
451 3354 484 3407 ut
499 3354 618 3426 partem
634 3343 858 3407 sacerdotalem
872 3342 1048 3411 mendicare

125 3428 267 3497 debeant.
1135 3492 1138 3496 .

148 3546 151 3551 ·
187 3515 236 3577 62.
261 3512 361 3574 Locus
401 3511 439 3577 do
473 3511 701 3588 cacerdotibus,
739 3517 825 3591 paute
860 3508 1048 3575 sacerdotali

125 3595 305 3679 puniendis,
334 3595 483 3675 loquitur,
514 3594 558 3656 illi
580 3601 723 3674 torquent
745 3592 783 3654 ad
806 3593 969 3654 ecclesiam
990 3613 1047 3655 sou

126 3680 223 3750 151555
245 3689 439 3742 sacramento
461 3679 653 3759 spoliandos.

187 3765 237 3830 63.
259 3762 342 3844 Ergo
374 3762 563 3842 1555511115,
596 3761 624 3826 si
655 3758 731 3841 quid
756 3757 910 3840 attineret,
948 3778 1049 3823 sacor-
