2346 4208
298 297 333 352 aa
351 286 716 355 sermnem-nannoni.
917 288 981 363 raa

57 489 109 549 vel
130 489 231 568 ipsum
255 490 448 572 evangelium
470 491 638 573 respuunt?
669 491 815 572 numquid
843 488 914 552 ideo
936 492 981 575 in3

60 571 244 635 ueniendum
269 574 371 634 esset?

143 655 275 735 Verum,
308 658 431 736 quando
453 658 542 719 huius
575 657 740 739 schedulae
769 658 904 738 quisquis
934 663 982 718 est

58 746 150 799 autor
185 758 222 800 eo
245 742 398 820 processit
418 742 567 821 insaniae,
589 749 621 802 ut
643 761 704 803 non
728 747 889 802 contentus
912 748 982 801 rhea
1071 765 1073 769 ’

58 822 235 884 abolevisse
257 822 432 904 schismata,
456 824 868 906 scandalosa,'periculosa,
890 820 984 884 teme

57 907 149 985 raria,
172 914 440 988 praesumptuosa,
462 908 631 986 turbativa,
652 916 686 969 ¹et
707 912 852 970 aeternae
874 907 982 967 mortis

58 988 217 1049 inductiva
238 990 351 1051 audeat
373 993 536 1070 criminari,
559 1011 639 1072 quae
667 1010 726 1073 ego
749 1010 808 1052 neo
828 989 983 1072 praecepi,

59 1088 119 1132 nec
147 1072 305 1153 consului,
328 1074 436 1135 sedin
459 1076 654 1137 autoritatem
677 1074 808 1136 Consilii
830 1072 983 1156 generalia

58 1156 203 1236 reposui,
226 1155 338 1217 deinde
362 1177 400 1219 ea
420 1159 489 1240 ipsa
522 1177 644 1239 quoque
660 1160 735 1219 sint
761 1157 800 1220 de
836 1174 984 1240 expresso

60 1245 148 1300 textu
170 1240 248 1299 sacri
277 1241 447 1323 evangelii,
480 1247 512 1303 et
545 1243 638 1324 longo
663 1242 862 1303 ecclesiarum
892 1243 983 1304 totius

59 1321 143 1383 orbis
171 1341 228 1382 usu
269 1325 495 1404 receptissima:
532 1324 658 1388 coactus
693 1345 777 1404 sum,
816 1325 982 1388 Oananaeo

58 1405 132 1466 huic
160 1404 275 1467 furenti
299 1425 462 1469 occurrere
490 1415 521 1469 et
536 1408 652 1471 rabiem
676 1409 707 1468 in
730 1427 848 1471 sacram
872 1404 985 1471 Christi

59 1487 232 1549 doctrinam
265 1495 296 1550 et
317 1491 411 1552 vitam
433 1492 590 1572 totiusque
612 1491 764 1553 ecclesiae
787 1493 982 1553 autoritatem

60 1571 302 1634 debacchantem
326 1576 480 1654 excipere.
828 1580 830 1584 ’

143 1654 245 1734 Atque
266 1657 317 1717 hic
338 1665 379 1734 te,
401 1658 509 1733 lector,
532 1664 620 1736 teste,
642 1656 690 1721 his
713 1652 834 1754 scriptis
851 1652 984 1739 excipib,

59 1746 285 1827 exceptumque
312 1742 384 1801 uolo
411 1740 627 1803 Reverendum
660 1742 690 1800 io
712 1727 833 1802 Christo
862 1740 983 1802 Patrem

59 1822 226 1882 Dominum
247 1821 436 1905 Episcopum
459 1824 663 1901 Misnensem,
686 1825 771 1884 cuius
799 1831 831 1884 et
853 1822 982 1885 eruditio

59 1905 182 1965 etrite
210 1923 324 1986 magno
356 1909 492 1968 omnium
522 1912 675 1968 consensit
714 1902 899 1968 celebratior
927 1915 983 1985 est,

59 2006 150 2067 quam
173 1993 206 2047 ut
227 1989 276 2049 vel
299 1991 427 2050 insanus,
448 1990 573 2052 credere
595 1991 709 2073 possit,
739 1990 828 2050 huius
855 1990 984 2050 monstri

59 2089 130 2131 esse
159 2076 308 2134 autorem.
356 2073 495 2135 Eandem
532 2076 709 2155 opinionem
739 2079 770 2134 et
803 2072 843 2133 de
873 2074 985 2157 ceteris

60 2153 199 2214 eiusdem
222 2155 354 2235 Capituli
377 2156 509 2217 dominis
531 2157 687 2218 canonicis
709 2156 825 2237 habeo,
848 2155 909 2216 duo
931 2154 986 2216 aut

60 2241 122 2298 tres
145 2237 295 2298 duntaxat
317 2245 387 2300 sunt
409 2241 630 2320 sycophantae,
653 2240 778 2320 quibus,
801 2239 883 2320 quod
906 2239 983 2300 tanti

60 2320 214 2400 pontilicis
238 2328 269 2381 et
291 2322 442 2383 ecclesiae
465 2325 553 2385 titulo
575 2325 606 2383 in
629 2343 704 2384 suae
725 2323 866 2384 inscitiae
888 2329 918 2382 et
939 2318 983 2382 in‘-

60 2403 162 2464 vidiae
183 2406 386 2484 patrocinium
410 2406 584 2486 abutuntur,
607 2407 873 2487 respondendum,
895 2424 982 2486 quos,

60 2486 163 2548 donec
184 2489 322 2567 seipsos
344 2489 492 2568 prodant,
513 2509 576 2550 non
599 2492 742 2568 nomino,
765 2489 837 2549 licet
865 2490 987 2571 optime‘

59 2571 201 2630 noverim
226 2570 347 2632 diverso
371 2573 442 2633 loco
465 2575 601 2652 positos,
631 2572 686 2632 sed
708 2591 771 2633 non
795 2573 916 2632 diverso
938 2572 983 2632 in-

59 2655 152 2734 genio
175 2661 206 2714 et
228 2654 328 2714 studio
354 2657 545 2716 coniunctos.

346 2799 519 2861 schedulae
541 2807 630 2860 tenor
644 2801 691 2875 ⁹⁶).

144 2934 298 2994 lohannes
328 2934 386 2994 Dei
416 2942 447 2995 et
481 2935 674 3015 apostolicae
702 2933 784 2996 sedis
828 2936 983 3014 ingenuae

61 3018 160 3098 gratia
182 3018 345 3078 Miscensis
368 3019 520 3079 eeclesiae
540 3019 704 3098 episeopus
718 3018 761 3096 1).

144 3101 191 3159 Ex
213 3101 350 3161 iniuncto
380 3102 528 3180 pastorali
558 3101 647 3162 nobis
678 3101 782 3162 officio
812 3098 984 3178 obligamur

59 3184 124 3245 veri
146 3184 279 3263 pastoris
303 3192 333 3244 et
355 3185 566 3265 circumspecti
589 3185 801 3264 speculatoris,
824 3201 885 3242 non
908 3182 982 3262 iugi·

59 3269 115 3328 tivi
139 3267 319 3327 mercenarii
341 3266 477 3327 officium
500 3268 617 3346 facere,
650 3275 681 3328 et
708 3267 893 3330 dominicum
916 3283 982 3345 gre·

59 3370 130 3432 gem
153 3350 244 3411 nobis
268 3349 427 3430 creditum,
449 3351 563 3411 nedum
586 3372 604 3411 a
626 3350 854 3432 praesentibus,
877 3368 982 3410 verum

134 3613 165 3675 1)
186 3611 216 3661 ln
237 3610 278 3664 ed.
297 3608 360 3664 den.
378 3610 494 3680 legitur:
520 3610 661 3664 lohannes
681 3612 733 3665 Dei
758 3619 785 3664 et
811 3612 982 3679 apostolicae

58 3683 134 3737 sedis
154 3685 245 3751 gratia
262 3684 405 3734 Misneneis
423 3685 562 3752 ingenuae
582 3684 715 3737 eeclesiae
735 3687 890 3752 episcopus.

132 3759 160 3819 *J
181 3754 232 3806 Hic
260 3753 413 3808 schedulae
443 3760 523 3808 tenor
554 3757 584 3806 in
617 3755 658 3808 ed.
692 3758 762 3825 orig.
788 3757 928 3831 ingenitur
953 3756 982 3808 in

58 3829 143 3883 finem
161 3825 249 3882 libelli
267 3826 394 3883 reiectus.
816 3831 822 3838 ‘
