2346 4208
125 255 192 325 140
340 260 495 329 Disputatio
513 259 622 331 lipsiae
646 250 742 315 habitu
760 276 785 314 a.
804 258 865 343 xit}

127 444 304 505 testimonia
327 444 498 509 clarissima
523 463 579 524 pro
606 444 783 526 purgatorio
813 450 885 505 sunt
905 441 1057 523 adducta,¹

126 545 190 588 nou
212 546 268 606 pro
292 534 373 588 statu
395 529 563 588 animarum
587 529 618 587 in
640 529 829 609 purgatorio.
1053 580 1056 585 .

208 611 277 671 Jam
309 611 364 672 illa
395 613 543 672 autoritas
565 608 686 671 Eccles·
709 613 762 676 11:
797 611 832 671 ln
866 626 1052 689 quocunque

126 694 196 755 loco
225 693 371 755 ceciderit
398 694 536 775 lignum,
572 697 638 755 sive
672 693 711 754 ad
746 700 883 755 austrum
914 694 982 754 sive
1011 690 1052 752 sd

125 776 317 856 aquilonem,
339 777 379 839 ibi
403 779 475 855 erit,
513 777 564 839 ubi
586 778 692 858 glossa
715 777 870 840 ordinaria
890 774 1058 857 intelligitr¹

124 861 238 940 locum,
261 880 350 941 quem
363 861 414 921 hic
435 860 488 922 tibi
508 862 750 942 praeparaveris,
771 859 911 937 habebis,
932 860 1051 939 nescio,

125 962 185 1023 quo
208 945 334 1024 ingenio
348 943 387 1004 cd
409 944 761 1025 propositumducntur3
783 946 808 1004 si
831 944 912 1005 enim
933 961 991 1023 per
1006 942 1051 1005 lo·

125 1045 194 1087 cum
216 1033 430 1107 praeparatum
454 1028 484 1102 ¹]
509 1029 654 1108 intelligit
680 1029 901 1108 purgatorium,
925 1045 1051 1089 manen·

124 1109 196 1170 dum
219 1111 276 1171 erit
296 1111 326 1170 in
350 1089 524 1171 aeteruum‘
541 1113 573 1171 in
594 1112 793 1191 purgatorio,
822 1112 848 1170 si
876 1106 979 1171 cirtem
1006 1110 1057 1181 in·-

123 1193 247 1274 telligit,
271 1193 354 1273 quod
375 1196 400 1254 si
417 1194 472 1271 ¹hic
492 1196 735 1275 praeparaveris,
757 1194 789 1253 id
812 1199 868 1272 est,
891 1193 1051 1273 memsuis,

123 1283 196 1337 tnnc
219 1296 281 1337 non
304 1277 376 1339 facit
396 1277 435 1338 ad
457 1280 652 1339 autoritatem
674 1277 794 1338 Eccles.
818 1280 872 1355 ll,
900 1278 951 1356 qui
974 1274 1051 1337 nibil

123 1359 294 1422 demerito
317 1360 461 1441 loquitur,
483 1360 538 1421 sed
561 1361 599 1422 de
622 1367 721 1422 morte
741 1361 882 1422 hominis.
915 1390 926 1407 ι
1015 1426 1022 1439 ,

204 1442 343 1505 Transeo
365 1444 455 1523 illud,
476 1445 559 1525 quod
583 1445 720 1505 Christus
730 1440 767 1525 *)
792 1443 876 1522 dicit,
897 1444 930 1503 in
951 1440 1049 1521 domo

122 1527 219 1589 Patris
231 1528 278 1587 sui
300 1546 370 1587 esse
381 1528 492 1588 multas
509 1530 696 1605 mansiones,
718 1534 750 1588 et
771 1526 854 1606 quod
866 1531 951 1587 certe
966 1544 1051 1587 man·

122 1611 169 1672 sio
192 1611 333 1671 morienti
356 1611 539 1690 deputatur,
574 1611 654 1671 ultra
682 1630 774 1690 qnam
806 1609 977 1670 ascendere
998 1626 1049 1671 ne·

123 1695 196 1773 quit.
239 1693 350 1754 Totum
385 1714 441 1774 pro
479 1713 527 1754 me
550 1700 606 1757 est.
628 1710 631 1717 ⁴
650 1694 740 1771 Scio,
769 1693 853 1772 quod
884 1693 1050 1773 unicuique

122 1778 242 1838 mansio
265 1776 428 1857 deputatur
448 1784 520 1858 post
541 1784 684 1858 mortem,
703 1776 758 1837 sed
780 1795 845 1837 non
856 1776 961 1837 statim
981 1794 1050 1857 per·

120 1862 205 1921 venit
225 1859 266 1920 ad
288 1863 479 1921 mansionem
497 1868 569 1940 post
590 1868 741 1936 mortem,
771 1861 830 1919 nisi
854 1860 1049 1920 mansionem

121 1945 229 2005 iterum
253 1963 309 2024 pro
331 1944 510 2024 purgatorio
532 1946 674 2025 accipiat,
696 1944 795 2004 etsie
817 1943 988 2003 morientes
1009 1940 1054 2015 ab,

122 2033 249 2088 aeterno
273 2046 369 2107 reguo
392 2026 537 2087 excludit.

202 2110 277 2170 Item
301 2116 332 2170 et
351 2109 426 2170 illud
448 2109 648 2171 Damascen:
664 2110 733 2170 Hoc
754 2108 930 2170 bominibus
953 2128 1048 2189 mors,

122 2193 205 2272 quod
226 2193 346 2273 angelis
369 2212 468 2254 casus.
490 2193 694 2274 Respondeo:
723 2192 755 2255 Si
779 2212 852 2273 ergo
875 2198 948 2274 post
968 2211 1048 2255 mor·

120 2281 183 2336 tem
207 2275 353 2336 ceciderit
375 2278 404 2336 in
427 2279 647 2357 purgatorium,
670 2278 816 2355 sequitur,
839 2275 920 2356 quod
942 2277 975 2337 in
997 2294 1048 2339 ae-

120 2366 239 2420 teruum
260 2358 455 2440 purgabitur,
477 2347 533 2421 auf
552 2366 676 2441 oportet
697 2359 940 2439 Damascenum,
968 2360 1049 2421 sicut

120 2447 152 2502 et
173 2444 278 2502 omnia
299 2443 533 2527 praecedentia,
565 2443 696 2523 intelligi
728 2442 767 2503 de
789 2441 907 2505 duabus
929 2441 1048 2505 ultimis

120 2525 341 2604 mansionibus,
356 2527 569 2588 'damnationis
592 2534 621 2587 et
639 2523 846 2603 beatitudinis,
869 2532 900 2587 et
914 2545 985 2588 mon
1008 2525 1048 2589 de

120 2610 310 2689 purgatorio.

203 2692 249 2751 lta
272 2699 302 2752 et
322 2691 376 2751 illa
397 2691 516 2753 Eccles.
541 2695 575 2756 9:
612 2691 827 2771 Quodcunque
847 2691 962 2772 poterit
984 2710 1049 2753 mc·

120 2794 177 2835 nus
199 2780 251 2834 tua
271 2776 421 2836 instanter
443 2794 592 2854 operare,
622 2777 694 2854 quia
715 2794 773 2836 nec
794 2777 872 2836 ratio
895 2793 956 2835 nec
978 2793 1048 2835 sen·

120 2876 171 2916 sus
194 2858 276 2937 apud
297 2858 412 2920 inferos
433 2866 500 2936 est,
523 2878 583 2938 quo
606 2865 638 2918 tu
660 2878 817 2939 properos.
861 2857 892 2918 Si
915 2857 955 2917 de
976 2877 1047 2939 pur·

119 2943 240 3020 gatorio
263 2941 422 3022 intelligit,
450 2943 559 3002 iterum
581 2943 790 3022 purgatorium
820 2942 878 3001 crit
898 2940 1047 3020 infernus,

121 3043 195 3104 ergo
218 3025 317 3086 solum
340 3024 378 3085 de
400 3023 538 3104 inferno,
562 3027 638 3087 citra
659 3026 839 3086 memoriam
862 3024 1046 3104 purgatorii,

121 3107 265 3186 loquitur.
1050 3120 1054 3129 ’

202 3191 376 3252 Johannem
406 3190 619 3271 Capistranum
650 3190 781 3251 libenter
812 3188 961 3267 admitto,
990 3186 1046 3250 sed

121 3282 207 3334 extra
230 3275 473 3336 contentionem.
511 3288 514 3293 ·
861 3342 864 3348 ,

202 3359 282 3437 Jam,
304 3357 386 3436 quod
409 3356 693 3438 apostolanalat.
717 3359 745 3421 6.
768 3355 840 3418 dicit
862 3363 970 3417 contre
991 3375 1045 3418 no·

120 3449 212 3502 utrem
237 3443 419 3502 sententiam
442 3442 543 3520 loqui:
568 3439 655 3515 Quae
678 3440 772 3500 bomo
794 3440 992 3500 seminaverit
1013 3440 1047 3509 iu

153 3710 186 3775 4)
207 3711 237 3762 ln
258 3710 301 3764 ed.
322 3712 392 3780 orig.
413 3711 537 3764 additum
560 3692 680 3783 tegrin:
700 3718 727 3765 et
746 3711 899 3767 humidum.

174 3798 205 3869 ⁸)
226 3798 288 3855 Job.
308 3799 353 3855 14.
