2346 4208
408 261 439 319 D.
458 261 491 316 ll.
511 264 629 318 lutheri.
910 259 983 326 ’159

57 448 275 511 Libentissime
298 469 451 532 negarem.
496 452 562 512 Nec
584 452 664 511 enim
697 451 760 512 ullo
787 452 838 511 vio
858 461 911 512 sut
933 468 983 513 ra·
1026 501 1040 525 .,

58 535 147 595 tione
176 542 228 594 aut
248 535 368 614 seriptis
401 535 522 616 probari
546 541 665 615 potest,
699 535 883 616 saepiusque
911 536 984 595 mihi

58 618 197 697 suspicio
220 617 285 696 fuit,
308 637 378 678 esse
398 619 427 677 id
453 625 549 678 totum
571 619 729 678 inventum
751 618 799 678 vel
822 636 982 681 avarorum

58 699 110 760 rel
132 701 338 779 curiosorum,
361 707 414 760 out
442 710 524 761 certe
545 711 744 782 tyrannorum
766 702 983 781 praelatorum,

58 784 113 862 qui
134 783 193 843 hae
214 784 264 844 vie
286 784 433 865 populum
457 784 569 845 Christi
596 787 628 844 in
651 793 796 845 terrorem
820 786 865 844 sui
888 784 981 845 addu-

56 867 172 928 xerint.
216 867 293 926 Nam
314 867 346 927 id
369 867 416 927 est
439 874 526 942 (mco
545 867 678 946 iudicio)
703 869 824 948 penitus
852 869 884 927 in
908 867 982 928 iudi-

59 949 144 1008 dium
167 950 224 1009 Dsi
255 969 377 1010 manum
411 952 547 1028 mittere,
580 958 611 1011 et
641 952 740 1012 forum
763 952 820 1011 Dei
857 951 983 1030 violam,

58 1034 240 1114 praesertim
289 1035 314 1093 si
362 1043 512 1114 cogentur
555 1033 593 1094 ad
637 1035 668 1093 id
713 1035 863 1097 homines.
927 1035 985 1094 Hic

59 1118 146 1176 venit
166 1116 242 1183 illud
264 1136 347 1178 mare
374 1119 485 1177 iurium
513 1123 544 1177 ct
571 1119 783 1197 quaestionum
812 1117 983 1197 impossibi-

58 1199 133 1258 lium
156 1199 195 1259 de
217 1200 338 1262 casibus
360 1207 556 1279 peccatorum
579 1209 656 1282 etc,
694 1220 762 1262 cum
784 1202 822 1260 sit
843 1203 984 1282 impossi-

60 1282 125 1344 bile
148 1284 206 1361 ipsi
227 1282 345 1343 homini
361 1285 450 1361 scire,
473 1284 596 1363 quando
612 1285 783 1344 mortaliter
793 1285 984 1363 superbierit,

58 1365 112 1425 vel
125 1367 324 1445 concupierit,
348 1366 395 1426 vel
410 1369 553 1427 inviderit
574 1369 605 1426 in
628 1368 730 1427 eorde.
773 1367 813 1426 Et
826 1367 983 1446 quomodo
1070 1421 1073 1426 .

58 1448 122 1508 lioc
145 1449 290 1510 sacerdos
313 1451 403 1528 sciet,
426 1451 478 1528 qui
500 1449 540 1509 ad
562 1451 704 1510 mortalia
725 1456 842 1509 tantum
865 1452 983 1530 positus

59 1537 109 1591 est
129 1530 313 1592 iudicanda?
347 1533 489 1593 Alienum
519 1551 573 1593 cor
595 1541 779 1614 cognoscet,
813 1535 864 1611 qui
896 1553 982 1594 suum

59 1633 125 1674 non
148 1616 222 1674 satis
245 1617 352 1675 novit?

143 1698 218 1759 lude
240 1697 283 1777 fit,
305 1709 338 1759 ut
354 1699 439 1759 multi
455 1700 550 1760 multa
563 1696 777 1778 confiteantur,
800 1701 984 1773 nescientes,

60 1801 101 1841 an
125 1783 186 1841 sint
207 1787 351 1862 peccata,
384 1802 493 1844 necne.
537 1782 577 1841 Et
598 1781 689 1841 adid
711 1783 909 1862 impelluntur
930 1782 985 1862 per
1064 1780 1071 1789 ”

57 1863 135 1924 illud
157 1864 316 1945 Gregorii:
350 1866 503 1926 Bonorum
539 1865 686 1925 mentium
724 1873 785 1943 est,
819 1865 870 1925 ubi
893 1866 985 1946 culpa

58 1956 208 2026 nonest,
232 1951 353 2028 culpam
377 1967 556 2029 agnoscere.
597 1947 666 2007 Hoc
688 1949 769 2008 cuim
792 1968 894 2009 aorem
917 1950 983 2010 Dec

56 2031 276 2111 praestandum
301 2033 392 2092 etiam
417 2034 473 2092 sibi
496 2032 646 2112 praestari
671 2040 750 2108 (tam
773 2034 914 2092 immanis
938 2039 985 2093 est

58 2113 240 2194 pontificum
275 2122 306 2175 et
328 2115 523 2176 sacerdotum
547 2117 738 2195 arrogantia,
769 2123 799 2176 et
821 2117 984 2176 fastuosis-

58 2200 171 2256 simum
194 2199 427 2259 Pharisaeorum
458 2197 672 2280 supercilium)
693 2198 818 2259 volunt:
852 2218 911 2259 nec
940 2202 982 2258 iu-

58 2282 148 2342 terim
172 2282 292 2359 vident,
316 2283 341 2340 si
362 2283 392 2341 id
416 2283 532 2341 homini
555 2288 637 2342 esset
659 2284 893 2361 praestandum,
918 2290 983 2342 tota

58 2366 122 2424 vita
145 2365 218 2423 nihil
241 2365 322 2423 aliud
346 2372 503 2444 oporteret
524 2365 607 2445 fieri,
636 2383 727 2442 quam
750 2366 903 2427 confiteri:
938 2375 983 2426 ot·

57 2466 120 2527 que
141 2449 232 2507 etiam
255 2450 356 2526 ipsam
379 2449 607 2508 confessionem
630 2448 897 2509 aliooonfessioue
911 2469 982 2509 con·

58 2532 157 2610 liceri,
178 2531 315 2590 timendo
339 2532 476 2610 culpam,
502 2530 551 2590 ubi
575 2530 666 2610 culpa
688 2551 750 2591 uon
775 2541 837 2609 est,
862 2551 929 2591 cum
953 2541 984 2592 et

59 2616 145 2674 bona
177 2633 272 2693 opera
301 2634 363 2674 uon
401 2622 511 2674 vacent
543 2614 649 2695 culpe,
684 2621 715 2674 et
735 2614 836 2691 lob-r.)
863 2623 984 2675 veretur

60 2698 167 2758 omnia
189 2715 285 2777 opera
307 2717 370 2758 sua.
767 2706 770 2712 '

429 2864 608 2944 Septimum.

143 3017 237 3096 lgitur
266 3016 343 3075 alius
372 3016 402 3074 id
440 3018 590 3097 explicet,
630 3017 691 3076 hoc
724 3035 782 3097 ego
821 3023 983 3077 contentus

60 3119 145 3178 sum,
178 3099 259 3178 quod
292 3119 353 3159 non
384 3103 488 3159 omnia
516 3107 645 3181 peccota
666 3100 766 3160 cordis
800 3109 872 3160 sunt
891 3099 984 3160 conti-

59 3182 164 3244 tenda.
208 3183 239 3243 si
262 3189 363 3242 autem
387 3183 488 3261 aliqua
506 3190 576 3244 suut
598 3182 784 3260 confitenda,
807 3202 844 3243 ea
866 3187 982 3243 tautum

59 3285 181 3344 assera,
210 3285 289 3344 quae
310 3266 377 3345 ipse
400 3268 560 3327 manifeste
582 3269 640 3326 scit
661 3286 730 3327 sese
752 3274 859 3326 contre
881 3267 985 3326 divina

61 3350 207 3409 mandata
228 3351 258 3408 iu
282 3348 375 3408 corde
398 3352 555 3428 statuisse,
578 3351 638 3410 hoc
660 3358 721 3427 est,
744 3370 805 3408 nou
829 3350 982 3430 simplices

60 3434 267 3513 cogitationes
289 3432 327 3492 ds
350 3434 467 3514 virgine
490 3443 542 3493 aut
571 3434 712 3511 muliere,
746 3441 798 3492 aut
828 3454 845 3493 e
876 3440 983 3493 contra

62 3519 196 3576 mulieris
219 3517 257 3575 de
280 3516 491 3576 adolescente:
522 3537 578 3577 nec
601 3519 683 3596 ipsas
707 3515 901 3595 affectiones,
925 3535 983 3576 nec

85 3691 509 3700 --—·———-‹-—--——--—--——

134 3778 165 3846 *)
185 3778 244 3835 Iob.
264 3781 289 3833 9.
