2346 4208
367 251 463 301 contre
481 244 646 302 Antinomos
665 247 700 302 de
717 246 789 318 lege.
978 240 1044 312 427

184 434 233 500 38.
260 433 372 496 Paulus
400 435 441 496 od
462 436 621 498 Romanos
655 436 787 516 epistole
819 435 901 496 huno
927 437 1043 499 metho-

121 517 194 578 dum
216 525 327 595 servut,
350 524 384 579 ut
403 520 486 599 prius
510 519 622 581 doeeet
644 536 752 580 omnes
767 539 836 580 esse
850 527 1042 600 peccatores,

121 600 335 662 iustificandos
357 622 413 682 per
434 602 596 666 Christum.

183 687 232 748 39.
261 683 345 745 Idem
367 691 496 746 testetur
515 685 613 746 Lueee
641 686 672 746 in
695 686 798 765 Aetis,
831 684 958 746 Paulum
990 686 1045 748 do·

122 768 223 827 euisse
259 775 290 827 et
316 767 448 829 Iudaeos
481 771 512 829 et
538 776 662 849 gentes,
697 770 849 829 neminem
886 767 1044 831 iustificati

121 869 216 931 pesse
238 852 296 910 nisi
317 868 373 931 per
394 852 557 916 Christum.

122 1117 351 1201 Disputatio
395 1121 567 1182 seeundo
592 1081 644 1182 ⁸1).
683 1119 843 1181 Martini
881 1107 1045 1180 Lutheri

380 1210 515 1266 eontra
537 1205 782 1266 Antinomos.

490 1358 537 1418 De
558 1353 684 1447 logei).
752 1350 773 1380 '¹

211 1510 237 1569 1.
260 1507 323 1567 Lex
344 1527 408 1568 non
431 1509 530 1571 solum
554 1515 686 1570 estnon
709 1506 884 1568 necessarie
905 1505 944 1564 ed
966 1506 1049 1579 iusti·

124 1589 323 1668 ficationem,
357 1590 412 1666 sed
445 1592 538 1672 plene
568 1590 684 1651 inutilis
707 1596 738 1648 et
761 1605 885 1668 prorsus
908 1589 1049 1668 impossi-

124 1673 204 1738 bilis,
435 1694 436 1698 ¹

205 1759 234 1819 2.
269 1755 327 1831 Qui
365 1761 468 1818 autem
502 1757 650 1837 opinione
681 1754 908 1815 iustifioetionis
944 1753 1045 1834 legem

124 1845 265 1917 servant,
297 1841 335 1899 iis
367 1841 435 1920 ipsu
462 1841 555 1900 etiam
585 1857 737 1900 venenum
767 1844 798 1898 et
827 1837 922 1917 pestis
951 1836 986 1896 fit
1007 1835 1047 1896 ad

122 1921 382 1985 iustificationem.

207 2007 236 2068 3.
266 2005 342 2065 Oum
371 2004 411 2066 de
437 2003 652 2065 iustificatione
687 2005 802 2084 egitur,
835 2001 912 2062 nihil
944 2007 1049 2081 potest

117 2088 198 2147 ¹sutis
227 2086 287 2148 diei
316 2095 423 2149 eontra
450 2087 528 2168 legis
549 2088 763 2168 impotentiam
786 2092 817 2146 et
837 2085 1048 2166 pestilentissi-

126 2190 208 2230 mam
232 2169 376 2231 fidueiam
398 2174 429 2232 in
453 2171 532 2252 lege.

210 2254 238 2315 4.
268 2253 377 2332 Neque
399 2255 480 2314 enim
504 2254 576 2314 dete
598 2260 645 2313 est
667 2252 730 2329 lex,
754 2257 787 2312 ut
814 2249 972 2330 iustifieet,
995 2255 1048 2310 sut

126 2335 272 2414 vivificet,
295 2343 348 2396 ent
371 2336 536 2416 quidquam
558 2337 643 2396 iuvet
663 2335 702 2395 ed
725 2335 879 2396 iustitiam.

212 2423 241 2484 5.
268 2418 328 2479 Sed
351 2426 384 2480 ut
405 2425 564 2500 peceatum
588 2419 740 2494 ostendet,
763 2424 794 2477 et
805 2418 881 2478 iram
896 2421 1048 2496 operetur,
1116 2479 1121 2496 Ι

126 2501 189 2562 hoe
212 2508 270 2580 est,
293 2503 512 2562 conscientiam
534 2521 618 2561 reem
641 2501 743 2562 faeiat.

211 2588 239 2648 6.
268 2585 349 2645 Mors
372 2604 434 2645 non
458 2591 505 2645 est
525 2583 657 2662 inflicta,
677 2591 711 2643 ut
731 2602 786 2663 per
808 2600 876 2642 eam
899 2582 1048 2661 vivemus,

126 2685 186 2728 nee
206 2675 367 2747 peceatum
388 2669 575 2749 ingenitum,
604 2674 637 2727 ut
657 2685 712 2747 per
737 2668 838 2746 ipsum
866 2665 1049 2724 innoeentes

127 2768 276 2812 essemus.
717 2800 722 2808 ,

210 2836 239 2896 7.
270 2834 315 2893 lte
345 2834 396 2894 lex
424 2852 487 2893 non
511 2789 653 2910 est'lute,
678 2838 710 2890 ut
732 2850 787 2911 per
809 2848 877 2890 eom
899 2830 971 2890 iusti
995 2828 1047 2890 fle·

126 2935 246 2995 remus,
270 2936 338 2977 eum
362 2936 463 2996 neque
484 2916 628 2976 iustitiam
652 2933 753 2994 neque
774 2914 867 2974 vitum
889 2919 1048 2994 praestare

149 3001 236 3060 ossit.

126 3020 146 3080 p
211 3085 239 3146 8.
272 3081 412 3159 Summe,
447 3086 592 3160 quantum
625 3080 746 3141 eoelum
782 3097 802 3164 q
828 3084 910 3138 terra
945 3077 1047 3157 distat,

128 3171 246 3225 tentum
270 3164 361 3226 debet
383 3165 434 3225 lex
456 3185 475 3226 e
494 3164 712 3224 iustificatione
734 3162 880 3242 separari.

212 3251 240 3312 9.
268 3247 308 3308 Et
329 3248 404 3308 nihil
426 3247 615 3324 docendum,
647 3243 825 3322 dicendum,
851 3242 1048 3324 cogitandum

98 3375 102 3384 ,
127 3333 158 3391 in
181 3350 215 3390 re
236 3330 471 3410 iustificationis,
493 3332 552 3391 nisi
584 3330 683 3390 solum
718 3328 843 3389 verbum
869 3329 988 3408 gratiae
1016 3329 1047 3390 in

129 3414 250 3475 Christo
272 3413 437 3480 exhibitae.
1132 3419 1136 3425 '

128 3587 253 3594 ῥα..

202 3685 233 3745 1)
255 3681 415 3749 Inscriptio:
453 3681 495 3736 De
514 3681 592 3752 lege,
618 3679 699 3734 deest*
713 3679 742 3732 in
761 3678 803 3733 ed.
824 3675 908 3745 1538,
932 3680 1050 3751 repetitu

129 3760 172 3809 est
190 3770 227 3809 ex
244 3753 288 3808 ed.
307 3753 386 3810 1558.
