2346 4208
116 256 182 324 102
334 257 447 312 Tum·
464 255 580 312 &ont
599 258 628 311 Ι).
646 256 682 310 Ι.
699 254 815 308 lutheri

740 398 763 432 0

122 444 269 506 incendio
285 443 426 505 cbristus
448 443 562 504 ardens
581 462 639 523 pro
662 441 753 502 nobis
774 449 808 501 et
827 447 971 502 mortuns
988 446 1042 516 est,

118 536 151 591 et
165 527 205 589 ad
221 528 334 588 inferos
353 526 524 602 descendit,
546 526 637 587 nobis
657 524 834 604 exemptum
856 525 1041 603 relinquens,

121 618 155 673 nt
175 620 209 673 et
230 630 288 672 nos
309 631 366 691 pro
387 611 517 671 oliorum
541 609 630 670 malis
651 612 696 670 its
715 610 811 668 simas
832 608 970 687 solliciti,
990 625 1041 668 no·

119 704 252 757 atrorum
278 696 400 775 penitas
420 693 519 772 obliti,
540 695 604 754 imo
626 700 802 754 nostrornm
824 691 940 772 cuspidi

120 894 246 977 Caput
269 893 321 956 Vl.
343 893 388 954 de
409 899 573 974 spectro
604 898 736 967 sexto,
766 891 867 970 quod
890 897 951 953 est
972 910 1041 953 ma·

257 977 331 1038 lum
353 975 533 1037 dextrum
554 995 619 1037 seu
642 974 687 1036 ad
710 973 899 1036 dextram.

183 1112 211 1174 A
234 1111 351 1174 dextris
375 1119 446 1172 sunt
466 1113 558 1173 amici
576 1113 683 1187 nostri,
704 1112 734 1170 in
748 1109 779 1187 ¹)
803 1130 937 1191 qnorum
957 1111 1044 1171 malis

120 1203 260 1259 nostrum
301 1195 413 1256 malum
454 1195 585 1276 mitigari
623 1197 716 1254 etiam
751 1193 781 1253 8.
811 1195 919 1254 Petrus
954 1192 1044 1254 docet

124 1285 150 1344 l.
173 1280 239 1340 Pet.
261 1283 296 1344 5:
326 1279 472 1339 Resistite
493 1276 617 1338 diabolo
641 1277 736 1354 [ortes
760 1278 790 1337 in
811 1276 888 1352 lide,
911 1277 1044 1338 scientos

123 1363 250 1424 easdem
274 1363 435 1441 passiones
457 1363 502 1438 ei,
523 1363 656 1440 quaein
678 1359 796 1421 mundo
815 1366 878 1436 est,
908 1360 1044 1421 itatem·

123 1446 178 1506 tati
207 1453 330 1506 vestrae
359 1444 435 1505 lieri.
476 1444 524 1504 lta
545 1451 577 1504 et
597 1444 731 1504 ecclesia
751 1452 819 1504 orat
839 1445 870 1503 in
892 1444 1044 1524 precibus

124 1536 159 1589 ut
170 1528 323 1609 exemplis
339 1527 521 1588 Sanctorum
543 1529 704 1606 provocati
726 1528 869 1587 virtutem
890 1527 1045 1606 passionis

123 1630 228 1674 eornm
258 1611 426 1688 imitemur,
457 1616 637 1688 cantamus,
664 1629 773 1670 omnes
796 1609 901 1670 Sancti
930 1616 1045 1690 quanta

125 1695 210 1776 passi
231 1701 302 1754 sunt
324 1702 493 1769 tormenta,
521 1704 554 1753 ut
581 1694 680 1755 securi
703 1694 901 1774 pervenerint
922 1692 963 1754 ad
984 1691 1045 1774 pal·

124 1797 205 1838 mam
227 1777 373 1858 martyrii,
981 1782 986 1789 ‘

205 1859 253 1920 Ex
271 1859 381 1940 quibus
402 1858 504 1920 verbis
526 1866 558 1919 et
579 1860 707 1920 canticis
729 1859 881 1920 eeclesiae
903 1859 1045 1940 intelligi·

124 1963 209 2020 orus,
232 1943 415 2004 Sanctorum
438 1943 531 2020 festa,
561 1943 737 2016 memorias,
766 1942 897 2023 templa,
926 1942 1047 2021 altaria,

124 2026 261 2101 nomina,
283 2026 444 2106 imagines,
465 2025 537 2086 ideo
560 2025 709 2086 celebrari
732 2033 764 2086 et
786 2026 994 2106 multiplicari,
1015 2031 1048 2087 nt

126 2128 231 2170 eorum
270 2108 414 2188 exemplo
447 2110 617 2168 animemur
648 2109 687 2170 ad
720 2108 903 2190 perferenda
938 2108 1046 2170 eadem

124 2191 215 2267 mala,
237 2209 317 2270 quae
338 2192 397 2271 ipsi
419 2192 562 2253 tulerunt.
592 2191 662 2267 Qua
678 2193 798 2253 ratione
814 2194 873 2253 nisi
895 2191 1047 2269 colantur,

124 2274 224 2335 omnis
251 2273 329 2333 alius
358 2274 457 2334 cultus
486 2294 591 2335 eorum
620 2277 838 2354 superstitione
860 2295 923 2337 non
948 2283 1047 2352 vacet,

124 2363 261 2437 oportet,
292 2365 325 2416 ct
351 2365 422 2417 sunt-
449 2358 550 2433 multi,
578 2360 629 2438 qui
652 2358 810 2420 celebrant
830 2359 910 2419 haec
932 2360 1046 2436 omnia,

125 2458 164 2500 ne
193 2439 321 2517 malum,
353 2439 436 2520 quod
458 2441 562 2502 Sancti
591 2443 735 2522 exemplo
768 2450 798 2502 et
827 2443 979 2503 memoria
1002 2443 1048 2504 sui

125 2521 283 2583 terendum
314 2522 442 2593 docent,
476 2524 589 2601 lerant,
623 2523 760 2606 fiantque
795 2525 961 2587 dissimiles
994 2527 1047 2605 eis,

126 2624 254 2685 quorum
277 2605 357 2667 festa
377 2607 503 2681 habent,
525 2610 558 2668 ut
579 2607 694 2669 similes
716 2608 834 2672 flerent.

206 2689 320 2749 Verum
343 2689 435 2769 longe
457 2691 595 2751 omnium
619 2691 822 2770 plucherrirne
839 2691 923 2752 hunc
944 2689 1048 2753 locum

123 2771 346 2833 consolationis
376 2781 486 2833 tractat
520 2773 682 2853 apostolus
710 2774 820 2835 Ebrae.
844 2778 892 2838 12.
922 2773 1043 2836 dicens:

123 2853 266 2916 Nondum
298 2875 396 2934 usque
417 2855 456 2915 ad
490 2859 669 2936 sanguinem
693 2859 862 2933 restitistis,
897 2857 1049 2919 adversus

124 2945 285 3019 peccatum
309 2949 533 3019 repugnantes,
557 2946 588 3000 et
610 2941 694 3002 obliti
718 2942 791 3003 estis
813 2940 1050 3018 consolationis,

123 3040 203 3100 quac
226 3021 315 3082 vobis
339 3030 484 3100 tanquam
508 3022 579 3083 liliis
600 3024 749 3103 loquitur,
772 3024 894 3085 dicens:
917 3024 975 3084 Fili
999 3024 1049 3102 mi,

125 3104 187 3165 noli
211 3103 368 3185 negligere
390 3106 582 3185 disciplinam
605 3108 748 3182 Domini,
778 3127 879 3187 neque
900 3107 1049 3188 fatigeris,

124 3186 193 3247 dum
217 3186 256 3247 ab
288 3206 325 3248 eo
348 3190 494 3269 argueris.
539 3188 638 3263 Quem
661 3192 741 3251 enim
765 3190 864 3271 diligit
886 3190 1049 3266 Dominus,

122 3271 261 3350 castigat,
285 3269 421 3351 flagellat
442 3279 544 3332 autem
559 3291 683 3333 omnem
697 3274 804 3350 lilium,
826 3292 917 3353 quern
929 3275 1049 3355 recipit,

123 3355 153 3413 in
183 3353 346 3433 disciplina
375 3363 587 3434 perseverate,
620 3362 766 3437 tunquam
797 3356 866 3418 filiis
894 3356 987 3418 vobis
1017 3375 1050 3418 sc

124 3435 213 3498 offert
235 3437 327 3498 Deus.
371 3437 446 3513 Quis
477 3439 557 3498 enirn
581 3437 678 3517 lilius,
711 3459 801 3519 quem
828 3459 889 3501 non
923 3441 1051 3522 corripit

123 3519 231 3599 pater?
273 3520 362 3595 Quod
386 3521 410 3581 si
435 3528 522 3582 extra
544 3520 738 3602 disciplinam
761 3524 850 3602 estis,
873 3524 961 3584 cuius
984 3543 1050 3606 par·

123 3604 231 3684 tioipes
253 3603 324 3664 sacti
348 3610 420 3666 sunt
442 3624 570 3683 omnes,
605 3625 680 3686 ergo
702 3606 832 3669 adulteri
855 3613 886 3667 et
908 3626 972 3668 non
996 3605 1050 3668 dlii

133 3725 191 3733 ··-···
201 3726 216 3732 ·-
233 3726 553 3736 ’Μ’-ι*-

195 3772 227 3842 1)
248 3774 279 3829 ln
300 3773 342 3830 od.
362 3775 423 3830 len.
443 3775 538 3832 deest:
556 3776 598 3831 in.
