2346 4208
200 265 262 331 108
430 266 538 320 Tassat.
560 265 675 320 Consul.
695 266 728 320 D.
750 265 786 320 ll.
806 266 916 319 lutheri

201 456 482 535 contemptibilem,
515 475 605 534 quarn
629 475 684 535 pro
713 453 826 515 timidis
847 461 879 514 et
899 460 1032 514 mortem
1055 470 1120 531 poe·

202 558 320 618 nosque
342 538 588 598 horrescentibus
616 539 759 599 ardenter
787 545 818 598 et
839 539 974 597 suaviter
997 543 1119 608 mortem

201 632 233 683 et
253 642 371 703 poenas
393 623 586 701 amplexatus
610 622 680 696 luit,
711 641 801 699 quam
826 621 955 681 libenter
976 619 1060 680 hunc
1078 636 1121 678 oa·

200 706 290 765 licem
313 707 448 784 aegrotis
464 704 622 783 praebibit,
647 712 680 765 nt
702 703 806 765 bibere
829 711 861 766 et
879 705 938 784 ipsi
956 722 1021 763 uon
1045 720 1122 761 vere

199 809 316 865 remur,
339 788 410 847 dum
435 787 511 847 nihil
531 788 575 847 illi
600 789 688 866 mall,
718 787 771 846 sed
797 796 914 848 tamum⁴
936 783 1122 865 resurgendo

200 872 273 935 boni
307 872 476 951 contigisse
509 872 680 949 cernimus,
721 873 791 930 sine·
825 870 918 931 dubio
952 868 1043 930 tieret
1074 866 1124 927 illa

201 958 299 1036 prima
333 954 456 1034 myrrha
493 954 678 1014 stillantibus
722 955 787 1014 eius
834 953 923 1015 labiis
956 960 990 1015 ct
1017 949 1124 1020 ‚verbis

202 1039 313 1100 Christi
337 1056 404 1097 caru
423 1037 709 1098 commendantibus
723 1037 942 1097 iucundissima
964 1045 997 1096 et
1019 1033 1122 1095 duleis

201 1123 289 1195 sima,
310 1121 388 1180 sicut
411 1118 490 1181 odor
512 1127 543 1180 et
564 1122 684 1200 species
707 1121 849 1192 liliorum.
892 1119 943 1180 Sic
967 1126 1000 1179 et
1022 1118 1124 1179 Petrus

204 1209 230 1267 l.
253 1205 332 1284 Patr.
355 1205 387 1265 4:
423 1203 544 1264 Christo
575 1205 606 1263 in
628 1223 721 1265 carne
749 1222 842 1283 passo
875 1209 907 1264 et
928 1221 987 1263 vos
1020 1199 1123 1262 eadem

201 1287 392 1368 cogitatione
428 1286 608 1366 armamini3
629 1287 742 1347 Paulus
763 1286 835 1348 Ehr.
862 1288 911 1350 12:
934 1285 1125 1366 ¹Recogitate

202 1390 286 1447 eum,
318 1371 368 1448 qui
391 1370 485 1430 talem
508 1370 650 1430 sustinuit
672 1390 691 1430 a
713 1369 929 1450 peccatoribus
952 1375 1066 1429 contra
1095 1385 1125 1426 sc

201 1455 300 1533 ipsum
333 1452 624 1531 contradictionem,
659 1460 692 1513 ut
726 1472 788 1516 uon
812 1452 982 1532 fatigemini
1019 1451 1125 1511 animis

200 1537 310 1598 vestris
333 1534 523 1597 deficientes.

285 1620 391 1698 ltaque
415 1619 494 1679 siin
528 1619 682 1698 prioribus
712 1620 840 1698 spectris
870 1617 971 1678 adhuc
1000 1615 1081 1677 infru
1100 1620 1127 1677 et

202 1705 289 1763 iuxta
312 1722 368 1764 nos
391 1702 500 1782 positis
536 1702 649 1762 malum
672 1701 834 1762 didicimus
858 1702 992 1762 tolerare
1014 1700 1125 1781 patien-

204 1793 265 1873 ter,
304 1792 388 1846 certe
412 1786 453 1863 ,in
482 1785 543 1846 hoc
574 1785 681 1846 ultimo
704 1786 766 1845 iarn
789 1804 881 1864 supra
908 1792 940 1844 et
961 1791 1054 1844 extra
1073 1801 1126 1857 nos

203 1870 314 1950 positi,
342 1869 373 1928 in
398 1868 550 1928 Christum
580 1868 682 1948 rapti,
716 1868 857 1929 omnibus
880 1867 969 1928 malis
993 1867 1125 1947 superio

202 1973 252 2013 res
285 1953 372 2030 lacti,
415 1970 478 2011 uon
518 1951 610 2014 modo
641 1950 803 2012 toleranda
837 1949 925 2012 nobis
953 1956 1041 2029 sunt,
1076 1946 1126 2011 sed

203 2036 346 2113 amanda,
367 2033 513 2114 optanda,
536 2032 722 2113 quaerenda.
757 2034 860 2115 Atque
882 2033 920 2094 ab
934 2033 998 2094 hoc
1018 2030 1126 2093 affectu

204 2137 267 2198 quo
290 2119 418 2198 quisque
441 2118 668 2196 remotiorem,
692 2137 729 2178 eu
750 2119 849 2177 minus
871 2118 901 2177 in
923 2116 993 2196 ipso
1017 2115 1127 2177 Christi

203 2202 308 2282 passio
331 2200 433 2276 valet,
465 2201 554 2261 sicuti
577 2199 610 2260 lit
638 2201 742 2276 iniis,
779 2201 830 2280 qui
859 2201 955 2280 signis
984 2206 1019 2260 et
1038 2199 1127 2261 aruris

204 2283 316 2344 Christi
351 2290 474 2344 utuntur
505 2283 652 2343 adversus
675 2283 756 2344 mala
778 2291 978 2359 cimonem,
1016 2303 1057 2344 ne
1078 2302 1127 2362 pa·

204 2369 339 2441 tiautur,
368 2386 448 2426 neve
471 2368 653 2444 moriantur,
687 2368 814 2428 omnino
838 2366 999 2427 contrariis
1023 2363 1127 2426 studiis

204 2452 284 2510 cruci
308 2457 339 2509 et
360 2451 449 2510 morti
473 2449 594 2510 Christi.
623 2449 729 2524 Quare
751 2452 782 2510 iu
804 2450 865 2509 hoc
887 2449 1022 2528 septimo
1045 2467 1127 2529 spec

204 2540 251 2594 tro
290 2551 418 2593 necesse
456 2541 503 2593 cst
535 2532 693 2593 absorberi
728 2540 759 2594 et
790 2534 945 2610 consumi,
982 2529 1127 2612 quidquid

206 2616 354 2676 malorum
385 2617 468 2696 passi
499 2616 661 2695 fuerimus,
696 2622 729 2676 ut
761 2618 821 2677 iam
851 2635 913 2676 nou
942 2615 1042 2677 modo
1070 2633 1127 2676 non

205 2698 324 2776 doleat,
358 2698 412 2760 sed
436 2706 467 2760 et
488 2698 639 2775 delectet,
674 2700 699 2759 si
727 2708 829 2761 tamen
858 2701 961 2779 imago
992 2699 1055 2759 ista
1082 2718 1127 2778 pe·

126 2839 129 2844 .
204 2790 302 2843 netrel
325 2782 419 2843 corda
451 2791 579 2858 nostra,
613 2790 644 2843 et
665 2782 797 2843 insideat
813 2784 841 2861 Ι)
866 2782 959 2842 animi
992 2781 1127 2844 interiori

203 2864 337 2926 effectui.

278 2949 363 3008 Haec
386 2948 425 3008 da
446 2949 548 3027 priore
571 2947 704 3027 tabella,
728 2950 865 3028 sequitur
886 2949 1055 3027 posterior.

287 3030 385 3092 Alteri
426 3030 559 3091 tabellae
598 3050 653 3091 sua
694 3050 817 3111 quoque
849 3036 972 3110 spectra
1013 3039 1126 3113 septen

206 3113 308 3174 danda
330 3120 410 3192 sunt,
433 3115 586 3175 contraria
607 3114 768 3195 prioribus,
791 3133 918 3193 quorum
937 3114 1072 3194 primum
1094 3114 1127 3174 de

143 3203 146 3209 '
205 3196 288 3257 bono
311 3198 443 3275 interno,
466 3197 633 3257 secundum
656 3197 827 3275 delutum,
851 3198 971 3258 tertium
998 3199 1127 3280 deprae-

205 3281 316 3355 terito,
353 3287 491 3358 quartum
522 3279 561 3340 de
590 3281 727 3357 mismo,
762 3287 899 3360 quintum
932 3279 971 3341 de
997 3283 1126 3359 sinistro,

205 3370 326 3423 sextum
350 3363 389 3424 de
411 3362 531 3442 dextro,
554 3366 716 3443 septimum
739 3364 777 3425 de
800 3382 944 3445 superno.

419 3533 626 3549 ιιι-ιι*

280 3638 309 3708 l)
331 3638 361 3694 lu
381 3638 424 3694 ed.
443 3640 527 3713 orig:
547 3636 679 3694 insedeat.
