2346 4208
121 233 186 301 104
378 235 538 303 Disputatio
555 234 665 302 Lipsiae
681 233 778 287 habita
797 246 821 285 s.
841 231 902 285 XIX

120 422 233 486 hannis
248 443 310 485 nou
326 423 464 505 legerim,
485 422 615 504 insignis
637 423 776 502 profesto
790 423 956 498 temeritas,
980 441 1049 484 oum

120 526 198 589 puer
218 506 354 569 nondum
378 507 540 583 deeennis3
567 505 699 586 demptis
726 506 895 586 prophetis,
923 505 1049 567 bibliam

121 598 219 654 totam
242 580 389 671 legerim,
403 590 457 650 sed
480 590 540 650 hoe
562 589 635 649 nihil
656 588 697 649 ad
710 608 785 666 rem,
809 597 957 668 quantum
970 591 1048 668 quis·

121 694 183 754 que
205 674 322 755 legerit.
445 662 464 703 ⁹

205 758 276 817 Dixi
306 756 489 818 Anaeletum
521 753 716 815 defendendo
746 774 808 815 non
836 774 934 834 usque
967 755 1048 816 adeo

121 843 265 901 insultam
299 840 394 900 fuisse
424 840 709 919 interpretationem
732 839 813 914 eius,
847 839 990 918 Gephas,
1017 837 1049 898 id

122 931 179 1000 est,
203 930 311 1005 eaput,
334 943 398 984 non
419 924 577 1003 ignorans,
601 920 684 1000 quod
708 921 846 1001 Kephale
867 941 979 1003 graece
1000 941 1048 982 oa·

121 1015 178 1088 put
200 1005 363 1087 signifieat,
386 1005 442 1067 sed
464 1007 535 1085 quia
559 1003 641 1084 apud
664 1003 848 1085 Johanuem,
871 1024 961 1083 quem
985 1005 1050 1065 heri

50 1092 54 1099 '
122 1091 204 1167 vidi,
234 1089 317 1170 apud
340 1090 564 1170 Augustinum,
596 1095 628 1148 et
657 1086 793 1167 glossam
816 1087 912 1151 ordin.
943 1087 1049 1168 Oephe

122 1175 341 1254 interpretatur
361 1172 491 1248 Petrus,
514 1171 619 1231 Petrus
643 1179 761 1244 autem,
785 1170 907 1232 Cusano
930 1179 1049 1253 autore,

123 1258 216 1317 etiam
238 1254 391 1336 signifieat
412 1261 505 1334 eaput
526 1253 652 1331 domus,
676 1272 754 1332 quae
776 1256 881 1315 omnia
901 1255 932 1314 in
953 1256 1049 1315 nsum

123 1340 216 1401 trudit
237 1337 423 1400 reverendus
445 1338 554 1414 Pater,
577 1336 617 1396 de
642 1356 703 1415 quo
726 1336 866 1398 iudicent
886 1337 1049 1398 ordinandi

122 1422 249 1483 iudices.

205 1506 247 1565 At
266 1504 341 1566 illud
364 1504 580 1584 praestantius,
604 1502 687 1581 quod
709 1505 927 1579 autoritatem,
951 1503 1050 1564 Paene

123 1607 199 1648 oves
223 1587 266 1666 ll,
289 1588 381 1648 tantis
403 1586 585 1666 ambagibus
606 1587 751 1663 involvit,
775 1586 876 1647 solum
898 1592 932 1647 ut
951 1586 1049 1647 homi·

122 1691 178 1730 nes
200 1670 341 1731 videntes
364 1670 457 1731 faeiat
479 1689 541 1730 uon
563 1669 680 1744 videre,
703 1671 801 1747 mitto,
824 1669 906 1748 quod
927 1677 991 1730 tam
1011 1671 1049 1730 ri·

126 1754 259 1814 dionlam
283 1753 386 1814 attulit
407 1754 635 1832 expositionem
654 1772 687 1828 ¹a
713 1772 748 1812 se
769 1751 882 1812 hetam.
926 1751 987 1813 Sed
1009 1751 1049 1813 ud

122 1837 218 1896 alium
241 1837 306 1897 eius
328 1856 451 1896 sensum
474 1837 613 1910 veniam,
635 1834 805 1896 ubimulta
827 1835 914 1912 dixit,
936 1843 969 1896 at
990 1855 1049 1916 ego

125 1939 190 1981 non
211 1919 414 2000 singularitati
437 1918 581 1995 studens,
612 1929 761 1997 quaeest
784 1927 880 1979 mater
902 1938 1049 1995 errorum,

123 2002 154 2063 S.
176 2003 298 2063 Petrum
328 2009 450 2063 secutus
479 2002 684 2079 sententiam,
719 2007 750 2075 et
771 2000 801 2062 S.
824 2003 929 2062 matris
952 2002 1049 2063 eoele-

124 2086 188 2146 siae
211 2087 317 2165 aeoepi
338 2084 474 2160 verbum,
496 2084 609 2162 Pasce,
631 2084 715 2164 quod
739 2104 808 2144 eum
828 2093 984 2165 pastorem
1005 2085 1048 2145 ibi

124 2170 333 2244 constituerit,
363 2174 394 2227 et
421 2168 584 2246 primatum
606 2166 725 2227 dederit
747 2166 927 2228 universalis
950 2168 1046 2228 eoele-

123 2251 197 2314 siae.
219 2251 267 2312 lta
288 2251 467 2331 Gregorius,
489 2251 532 2309 ita
555 2250 795 2329 Chrysostomus
817 2251 1046 2329 intellexerunt,

122 2335 165 2392 ita
187 2333 368 2393 Ambrosius
391 2333 493 2392 Lucae
513 2332 576 2393 ulti.
606 2334 670 2393 heri
700 2353 754 2412 per
777 2353 910 2394 menon
933 2333 1047 2415 allega·

122 2424 180 2476 tus.
205 2416 251 2475 Ad
274 2434 352 2495 quos
374 2415 501 2495 pulehre
522 2415 789 2495 praetergrediens
805 2416 879 2476 nihil
902 2415 980 2476 dixit
1002 2436 1045 2477 re

121 2498 274 2559 verendus
296 2499 404 2574 Pater,
433 2518 537 2558 verum
560 2498 662 2558 attulit
682 2498 714 2572 ²)
739 2499 903 2578 Augustini
925 2507 1046 2560 senten-

126 2582 215 2657 tiam,
241 2581 412 2642 uniusmodi
435 2581 547 2644 debeat
570 2600 640 2640 esse
661 2589 783 2660 pastor,
820 2601 911 2660 quem
934 2590 964 2643 et
986 2602 1045 2663 ego

121 2664 266 2741 admitto,
293 2671 324 2724 et
353 2664 445 2725 oredo
473 2663 640 2741 quemlibet
669 2662 805 2724 fidelium
830 2683 932 2742 orare,
960 2673 995 2726 ut
1016 2672 1047 2726 et

120 2766 256 2807 summus
277 2748 427 2827 pontifex,
450 2746 579 2826 quilibet
600 2743 753 2827 princeps,
776 2748 904 2825 quilibet
926 2749 1044 2827 praela·

119 2838 168 2890 tus
190 2837 351 2909 quaereret
374 2831 524 2891 honorem
547 2830 615 2906 Dei,
637 2829 880 2891 atsubditorum
902 2831 1065 2906 salutem,

120 2911 202 2990 qnod
224 2913 284 2973 hoo
312 2914 352 2975 sit
383 2915 542 2974 verissima
563 2919 708 2992 pastura,
744 2932 799 2992 per
826 2933 936 2992 quam,
967 2906 1075 2975 sieut'

119 2994 169 3055 hie
197 2996 406 3075 principantur
427 2997 459 3055 iu
482 2996 585 3071 terris,
609 2997 701 3055 etiam
724 2996 897 3072 elevantur,
922 3002 957 3057 ut
978 3017 1045 3079 reg·

121 3084 196 3138 nent
216 3079 247 3137 in
268 3078 372 3139 eoelis.
397 3077 498 3152 Quare
518 3078 709 3157 Augustinus
731 3098 795 3139 uon
817 3079 959 3154 adversa,
983 3096 1045 3141 non

120 3162 302 3241 pugnantia,
330 3160 385 3220 sed
408 3162 481 3222 talia
504 3161 597 3239 dieit,
621 3181 660 3221 ex
689 3161 797 3239 quibus
819 3162 979 3222 Praelatus
1002 3163 1046 3222 in-

119 3243 259 3323 telligere
280 3244 382 3320 debet,
405 3244 504 3322 qualis
527 3264 583 3304 sua
605 3246 645 3303 sit
667 3245 825 3306 institutio,

199 3325 267 3388 Neo
288 3327 385 3402 valet,
409 3327 492 3406 quod
514 3326 699 3387 reverendus
723 3326 814 3387 Pater
835 3325 966 3387 adduxit
989 3327 1045 3388 sub

119 3408 295 3470 conditione
310 3411 338 3469 ei
351 3412 533 3471 commissas
548 3428 634 3487 oves,
657 3429 726 3469 oum
748 3410 833 3470 nulla
846 3409 888 3471 ibi
901 3410 1046 3472 adhibea-

134 3563 550 3570 ·--—--—-.-—----—-.

156 3643 186 3712 1)
208 3645 239 3696 lu
258 3646 301 3697 ed.
321 3645 383 3698 len.
403 3651 430 3698 et
448 3646 520 3714 apud
542 3647 675 3702 Laeron:
697 3664 763 3702 ovas
784 3665 869 3702 mesa.
898 3648 931 3714 2)
952 3648 984 3703 ln
1004 3650 1046 3707 ed.

124 3718 196 3786 orig.
210 3730 216 3766 :
234 3715 321 3769 attuli.
