2346 4208
439 272 456 308 a
475 256 594 309 Notariis
614 262 737 323 excepta.
806 260 825 303 ¹!
997 250 1041 320 dl*

124 460 225 501 eorum
247 459 384 501 errorem
405 441 564 500 confutare
585 441 616 499 in
648 439 779 519 gloriam
801 440 961 500 Romanae
991 458 1040 500 sc·

124 524 245 584 clasiae.

125 640 156 702 l).
178 640 328 701 lllartinus
350 640 439 719 petiit
460 638 601 719 mociani,
624 657 664 698 ne
687 638 760 705 uelit
783 638 952 719 impingere
974 646 1039 699 tan·

124 731 181 782 tam
204 721 441 801 coutumeliam,
464 730 497 782 ut
519 741 586 807 eum
609 721 778 805 Bohemum
801 722 935 798 laceret,
968 722 1038 802 quia

124 805 176 865 sibi
209 824 334 885 semper
362 807 452 865 invisi
482 805 627 948 {prissentss
656 804 727 947 ideo
757 804 839 884 quod
862 805 900 866 ab
924 808 1038 877 unitate

510 907 589 948 issen
605 906 678 948 ran.

123 1074 205 1164 Hora
232 1104 367 1219 secunda
392 1103 656 1246 imiimffii'ffijl,
664 1068 853 1180 Disputatio,
875 1106 982 1166 eadem
1002 1105 1039 1166 V.

451 1350 490 1408 M.
513 1349 714 1412 Lutherus.

199 1547 325 1609 Obiecit
345 1551 486 1631 egregius
498 1550 535 1610 D.
549 1550 586 1610 D.
608 1550 639 1610 in
652 1549 713 1609 fine
735 1548 1044 1611 articulosVuickleff

123 1638 148 1692 et
167 1632 322 1694 lobannis
344 1630 425 1692 Huss
447 1631 629 1711 damnatos,
651 1640 683 1692 et
704 1632 893 1693 Bonifaciurn
916 1633 1039 1693 damna-

124 1726 217 1776 torem
241 1715 421 1787 eorundem.
444 1715 647 1795 Respondeo,
670 1716 750 1775 sicut
772 1716 870 1794 prius,
905 1736 954 1776 me
976 1736 1037 1776 non

121 1797 197 1859 velle
220 1816 280 1860 nec
301 1801 395 1878 possc'
416 1797 581 1859 detondere
595 1798 800 1858 Bolremo'rum
819 1798 961 1878 schismaJ
985 1800 1039 1859 sed

120 1899 263 1963 graecam
287 1881 451 1941 ecclesiam
473 1881 556 1942 mille
579 1888 610 1942 et
631 1880 921 1962 quadringentorum
945 1901 1038 1942 anno-

120 1964 198 2042 rum,
233 1965 300 2024 slve
323 1982 391 2024 cum
416 1966 626 2024 assenserint
648 1964 792 2043 Bohemi,
824 1965 898 2026 nihil
918 1965 956 2024 ad
979 1985 1039 2043 me,
1105 2011 1127 2052 ·.

121 2057 236 2110 certum
259 2046 371 2125 habeo,
394 2046 477 2126 quod
499 2066 557 2107 nec
578 2046 667 2108 Rom.
691 2048 833 2108 Pontifex
851 2066 909 2108 nec
931 2067 1038 2109 omnes

122 2133 183 2190 eius
206 2129 385 2191 adulatores
408 2131 528 2209 possint
551 2139 667 2189 tautum
689 2150 847 2190 numerum
857 2132 1040 2194 Sanctorum

121 2213 173 2273 sub
200 2221 359 2293 potestate
387 2214 474 2273 Rom.
504 2213 659 2272 Pontilicis
693 2233 849 2293 nunquam
882 2218 1038 2295 agentium

122 2296 158 2357 de
179 2297 272 2356 coelo
295 2296 466 2357 deturbare.

202 2378 357 2458 Secundo,
381 2386 411 2439 et
432 2379 492 2439 hoc
509 2388 623 2438 certum
646 2386 701 2456 est,
724 2381 805 2439 inter
826 2381 971 2440 articulos
989 2381 1040 2441 lc-

121 2463 228 2523 hannis
258 2463 337 2521 Huss
381 2463 429 2521 vel
451 2463 658 2522 Bohemorum
698 2462 808 2522 multos
851 2481 918 2523 esse
948 2465 1040 2543 plane

123 2546 392 2607 christianissimos
410 2553 441 2605 et
453 2545 660 2624 evangelicos,
684 2559 760 2624 quos
783 2566 844 2606 non
867 2549 965 2626 possit
979 2549 1042 2606 uni-

123 2628 247 2690 versalis
272 2628 403 2689 ecclesia
431 2628 592 2706 damnare,
627 2627 710 2688 velut
732 2636 778 2688 est
799 2629 850 2689 ille
874 2639 904 2688 et
926 2629 1042 2708 similis,

123 2712 204 2791 quod
221 2719 339 2772 tantum
353 2721 399 2774 est
422 2732 482 2770 una
495 2711 634 2770 Ecclesia
651 2711 839 2772 universalis.
862 2713 946 2773 Haec
959 2714 1039 2772 euim

122 2795 283 2876 agentibus
305 2796 492 2874 impiissimis
511 2793 719 2854 adulatoribus
742 2796 845 2874 inique
876 2801 923 2854 est
958 2794 1040 2854 dam-

122 2886 203 2956 nata,
227 2897 296 2937 cum
319 2887 386 2939 oret
407 2878 587 2937 universitas
612 2877 776 2937 ecclesiae:
800 2878 902 2938 Credo¹
922 2881 952 2936 in
976 2877 1040 2957 Spi-

122 2962 210 3033 ritum
234 2956 385 3037 sanctum,
408 2961 719 3020 sanctamecclesiam
743 2961 936 3040 catholicam,
950 2960 1042 3020 Sanc-

122 3055 219 3104 torum
243 3046 500 3104 communionem.
525 3044 613 3102 Hunc
635 3043 857 3103 nobilissimum
881 3045 1039 3103 articulum

123 3127 192 3187 fidei
215 3129 295 3187 iuter
317 3127 461 3187 articulos
484 3127 635 3186 lobannis
660 3128 737 3186 Huss
762 3135 930 3187 numerant.

205 3211 324 3271 Deinde
356 3212 422 3270 ille:
461 3210 530 3269 Non
566 3218 612 3270 est
644 3211 681 3270 de
715 3212 898 3270 necessitate
926 3210 1041 3288 salutis,

122 3293 247 3354 credere
264 3293 354 3353 Rom.
379 3294 543 3353 ecclesiam
566 3312 634 3352 esse
656 3294 723 3352 aliis
746 3295 952 3372 superiorem,
976 3295 1040 3352 sive

121 3376 158 3436 sit
182 3375 351 3453 Vuiclrleff,
374 3378 439 3436 sive
462 3378 551 3454 Huss,
575 3396 635 3436 non
659 3395 742 3437 curu.
771 3376 852 3455 Scio,
876 3376 957 3455 quod
981 3376 1037 3434 sal-

122 3463 181 3520 vati
205 3468 276 3519 sunt
303 3459 471 3540 Gregorius
492 3459 712 3526 Nazanzeuus‚
737 3460 867 3518 Basilius
902 3479 1041 3538 magnus,

123 3534 332 3622 Epiphauids,
357 3543 537 3624 Cyprianus,
560 3551 591 3602 et
613 3543 850 3603 innumerabiles
873 3544 924 3602 alii
948 3541 1040 3601 Grae-

123 3630 188 3686 ciae
210 3627 367 3706 episcopi,
391 3635 544 3686 ettamen
567 3626 649 3685 hune
672 3627 830 3685 articulum
854 3644 914 3685 non
938 3635 1041 3684 tenue-

122 3719 197 3770 runt.
242 3711 307 3770 Nec
329 3718 376 3770 est
398 3713 428 3769 in
451 3718 604 3790 potestate
629 3711 716 3772 Rom.
740 3709 901 3769 Pontilicis
924 3716 977 3767 aut
998 3710 1041 3766 in-
