2346 4208
332 293 366 349 de
383 290 566 349 Sacramenta
584 293 725 363 baptismi.
927 276 990 356 408

65 487 120 540 tar.
165 478 205 539 iii
226 494 264 540 eo
287 496 385 559 usque
406 478 660 560 progrediuntur,
688 484 721 539 ut
744 486 776 540 et
802 478 896 560 pians
917 490 989 541 oon·

64 569 205 622 temnant
225 569 256 622 et
277 563 437 643 negligant
459 561 658 641 baptismum,
688 561 815 643 perinde
841 566 934 642 atque
962 563 988 622 si
1025 597 1027 601 <

64 644 166 704 nuilus
188 645 265 705 aiius
282 645 425 725 baptismi
447 660 520 704 usas
542 651 746 725 esset,·quarn
775 660 885 726 corpus
907 662 988 726 aqua

64 727 216 808 perfundi.
238 727 387 788 Nesciunt
400 728 491 805 enim,
514 727 597 807 quod
620 727 733 789 debeat
746 729 892 789 esseeius
915 740 988 789 usus

64 826 120 890 per
146 816 243 871 totam
275 812 369 872 vitam
392 812 421 870 in
446 817 576 872 mortem
597 829 711 891 usque,
743 812 806 872 imo
829 809 987 890 usquead

63 893 264 954 novissimum
288 911 419 973 quoque·
435 892 526 973 diem,
550 895 628 954 sicut
649 912 742 973 supra
764 893 936 954 docuimus.

25 1046 29 1051 .
146 975 276 1037 Solliciti
298 978 388 1057 igitur
411 975 494 1037 aliud
518 983 682 1056 quaerunt,
712 992 851 1059 quo-pro
878 994 987 1056 pacca-

62 1061 101 1119 tis
122 1059 326 1139 satisfaciant,
355 1078 450 1140 opera
472 1060 602 1139 scilicet,
639 1078 742 1120 verum
766 1079 804 1120 ea
826 1077 876 1121 res
899 1060 987 1122 mira·

62 1141 165 1203 biliter
185 1144 390 1204 conscientias
414 1143 571 1203 excruciat
592 1160 629 1202 ao
652 1148 759 1221 terret,
782 1143 987 1222 nequeenim

63 1240 197 1306 unquam
220 1234 304 1286 certa
327 1244 397 1286 esse
418 1232 523 1306 potest
544 1227 757 1305 couscientia,
786 1243 865 1306 quae
887 1225 987 1306 operi·

63 1309 120 1368 bus
143 1309 265 1388 nititau,
295 1311 325 1369 in
349 1311 455 1369 mortis
478 1316 580 1370 autem
603 1309 740 1389 periculo
762 1310 854 1369 etiam
878 1307 986 1394 despe-

63 1398 129 1470 rat,
165 1411 267 1472 neque
290 1393 392 1471 novit,
429 1410 509 1471 quae
531 1393 570 1451 sit
592 1393 649 1452 Dei
680 1410 753 1472 erga
776 1409 810 1452 sa
833 1391 985 1452 voluntas.

62 1474 114 1534 Sic
134 1475 216 1535 enim
250 1476 385 1535 sentiunt
411 1481 473 1535 turn
496 1474 637 1535 homiues
669 1474 733 1551 iiii,
767 1475 878 1534 frustra
916 1491 987 1535 ease

63 1557 264 1698 baptismum,
293 1574 394 1639 neque
423 1557 517 1618 ulium
541 1559 607 1618 eius
630 1557 760 1636 amplius
784 1563 911 1636 propter
931 1554 991 1617 ad·

63 1641 104 1699 mi
123 1659 158 1700 sa
179 1653 309 1721 paccata
331 1659 400 1701 esse
422 1659 520 1700 usum.

146 1724 260 1784 Verum
294 1723 355 1784 hoc
384 1726 483 1803 ipsum
517 1741 635 1782 summe
670 1722 772 1781 caveri
810 1721 985 1802 oportebat.

61 1805 114 1866 ffic
140 1807 221 1866 anim
249 1826 341 1886 supra
364 1807 550 1884 monuimus,
583 1813 615 1865 ut
649 1821 739 1883 quam
761 1804 892 1884 primum
914 1804 985 1882 quis

60 1894 222 1969 peccatum
246 1891 347 1969 sentit,
370 1891 471 1950 atatim
495 1888 533 1949 ad
556 1887 752 1969 baptismum,
774 1902 832 1946 ceu
853 1885 893 1947 sd
915 1900 984 1967 asy-

62 1973 134 2051 lum,
156 1979 294 2033 recurrat
315 1992 352 2033 aa
374 1973 540 2052 confugiat,
564 1978 595 2031 at
615 1969 794 2031 recordetur
805 1969 899 2030 divini
921 1967 986 2028 ios-

61 2053 160 2134 dsris,
184 2073 245 2135 quo
268 2075 301 2116 sa
324 2055 487 2117 obstrinxit
507 2055 590 2114 Deus
612 2053 858 2115 condonaturum
881 2050 987 2112 omnia

60 2150 199 2218 peccata,
222 2139 247 2197 ai
271 2138 363 2217 modo
386 2146 417 2200 tu
442 2158 511 2198 oum
533 2139 577 2198 eis
597 2137 776 2218 depugnare
797 2137 828 2195 in
854 2139 986 2195 mortem
1046 2145 1049 2149 '

63 2240 159 2301 usque
183 2222 269 2282 velis.

145 2323 177 2382 In
211 2323 292 2382 hanc
328 2321 564 2402 promissionem
599 2318 754 2401 defigendi
783 2327 854 2380 sunt
893 2318 984 2398 oculi,

61 2405 132 2465 huic
155 2411 219 2465 tuto
244 2412 292 2465 est
318 2402 520 2466 innitendum.
566 2403 667 2483 Atque
695 2403 745 2462 hic
767 2421 857 2463 verus
880 2406 927 2462 est
949 2414 988 2462 ao

62 2489 201 2568 proprius
224 2488 367 2567 baptismi
397 2506 485 2563 usus,
525 2495 555 2545 et
585 2486 646 2546 hoc
674 2486 768 2545 modo
800 2491 927 2560 pacatur
957 2490 989 2549 at
1082 2494 1088 2501 ’

62 2569 260 2631 confirmatur
282 2590 344 2649 cor,
367 2589 429 2631 non
452 2568 555 2649 aliqua
576 2568 786 2629 satisfactione
808 2573 861 2627 aut
882 2567 985 2644 aliquo

62 2661 168 2715 nostro
193 2673 303 2733 opere,
334 2653 389 2712 sed
412 2651 623 2714 misericordia
644 2652 723 2728 Dei,
748 2668 838 2728 quarn
860 2651 891 2708 in
913 2648 986 2729 bap·

62 2739 153 2798 tisino
175 2738 259 2796 Deus
282 2738 430 2817 promisit.

145 2855 242 2915 Porro
266 2854 344 2915 adeo
367 2860 546 2914 constanter
568 2849 728 2912 retinenda
749 2849 828 2910 haec
856 2847 933 2909 tides
955 2849 986 2908 iu

63 2939 166 2998 animo
191 2943 253 3016 est,
276 2946 324 3015 ut,
347 2937 468 2996 etiarnsi
491 2954 598 2995 ornnes
622 2939 790 3010 creaturae,
813 2932 912 2992 omnis
934 2949 987 3010 ge-

63 3022 143 3081 neris
167 3028 296 3100 peccata
318 3027 348 3080 te
377 3019 523 3100 obruant,
558 3025 590 3077 tu
613 3024 714 3077 tamur
742 3015 864 3075 tirmiter
893 3015 924 3073 in
947 3032 986 3073 aa

62 3104 201 3180 haereas,
224 3104 275 3182 qui
297 3104 378 3162 euim
401 3101 438 3162 ab
460 3101 513 3161 illa
535 3101 596 3161 fide
618 3099 759 3176 discedit,
784 3099 881 3159 Deum
905 3115 986 3156 men-

63 3187 172 3249 dacem
189 3206 259 3246 csse
281 3187 382 3263 sentit,
406 3203 506 3263 nequa
527 3190 702 3245 servantem
725 3181 878 3256 foederis,
902 3177 986 3258 quod

65 3272 95 3331 in
118 3269 272 3349 baptismo
297 3269 456 3329 nobiscum
478 3267 587 3327 iunxit.

147 3389 261 3463 Quinto
286 3387 416 3461 decimo,
439 3384 530 3444 fidem
553 3389 655 3443 autem
672 3381 864 3462 potissimum
887 3382 986 3438 tentat

63 3481 94 3531 et
116 3472 263 3531 sollicitat
284 3469 396 3544 Satan,
426 3487 516 3547 quum
545 3465 596 3526 ubi
618 3465 747 3542 evertit,
776 3469 840 3522 turn
871 3467 985 3521 certam

63 3555 156 3614 habet
176 3553 337 3612 victoriam
370 3553 401 3610 in
431 3549 579 3610 manibus.
613 3548 691 3607 Nam
723 3552 754 3607 et
774 3544 985 3625 poenitentiae

67 3636 123 3712 (de
145 3655 206 3715 qua
228 3655 320 3716 supra
342 3632 477 3715 egimus)
499 3652 555 3692 ceu
570 3630 801 3691 fundamentum
817 3627 985 3708 baptismus

64 3728 120 3782 est.
162 3719 242 3779 Solis
271 3720 351 3779 enirn
375 3717 435 3775 illis
457 3717 652 3776 remittuntur
673 3718 815 3792 peccata,
844 3710 986 3788 quisunt

64 3803 226 3884 baptizati,
255 3802 317 3863 hoc
339 3807 401 3877 cst,
429 3801 537 3878 quibus
564 3797 706 3878 promisit
728 3795 813 3856 Deus
832 3792 991 3854 remissio·

701 3878 770 3950 28*
