2332 4206
203 241 268 308 478
516 245 675 316 Disputatio
693 247 729 305 ll.
750 249 786 305 lt.
804 248 835 305 la

203 450 278 511 ergo
300 432 453 510 sapientia
476 434 570 511 patria
592 434 624 493 in
638 435 763 514 aeipao,
788 454 861 496 cum
883 436 927 497 ait
943 437 1069 498 relativa
1087 437 1120 498 ad

203 534 284 589 eum,
308 522 356 573 est
377 514 521 575 distincta
543 536 590 575 res
613 516 651 576 ab
674 537 725 577 eo.
778 558 782 562 ›

269 601 314 661 ro.
338 597 423 658 Sicut
444 606 547 657 tamen
568 606 653 659 recte
673 600 802 677 dicitur,
830 601 859 662 F
860 602 933 663 ilina
961 608 1011 662 ert
1030 602 1119 662 relati·

202 700 258 739 vus
279 680 318 738 ud
342 680 479 757 Patrem,
511 701 587 761 ergo
613 690 662 743 eat
687 683 752 744 alia
778 683 964 764 hypoataaia
992 704 1012 744 a
1029 685 1120 764 Patre,

202 763 246 822 ita
267 762 307 823 de
329 761 443 843 Spiritu
467 775 583 825 sancto.

266 849 314 909 17.
343 845 487 925 Summa,
515 868 570 927 per
597 849 751 909 rationem
780 857 811 909 el
833 848 1067 931 philosophiam
1087 849 1121 909 de

199 927 249 989 hia
271 929 362 990 rebus
386 932 554 991 maiestatis
577 931 669 1008 nihil,
703 951 759 1012 per
787 930 882 995 fidem
919 952 998 995 vero
1026 934 1121 995 omnia

200 1018 286 1073 recta
308 1012 368 1073 dici
390 1020 422 1074 et
442 1013 527 1075 credi
549 1023 690 1093 possunt.

268 1097 316 1159 18.
345 1096 421 1157 Poat
452 1098 613 1158 articulum
636 1096 795 1158 Trinitatis
828 1117 973 1165 aummua
1002 1109 1049 1159 eat
1075 1099 1120 1158 ille

201 1177 242 1240 de
263 1180 477 1242 incarnatione
487 1180 556 1241 Filii
571 1181 639 1258 Dei,
660 1181 711 1242 ubi
733 1179 812 1241 finiti
834 1191 869 1242 et
887 1182 1004 1249 infiniti
1026 1181 1120 1265 (qood

200 1269 268 1325 erat
287 1263 497 1343 impossibile)
520 1263 603 1327 santa
623 1275 672 1329 eat
692 1266 867 1343 proportio.

263 1348 311 1412 19.
340 1346 426 1408 Haec
452 1366 586 1427 persona
612 1345 699 1411 finita
727 1347 819 1413 simul
848 1355 881 1409 et
902 1347 1028 1409 infinita
1048 1347 1120 1407 iacta

197 1436 247 1490 eat
268 1437 466 1509 peccatorum
486 1449 592 1507 serra,
614 1439 646 1492 et
667 1431 806 1491 omnium
827 1450 932 1493 rerum
956 1431 1118 1495 norimima

198 1519 231 1572 et
250 1511 365 1591 infima,
388 1513 471 1592 quod
494 1520 542 1575 eat
562 1512 757 1591 incredibile,
778 1512 835 1574 aad
857 1513 1058 1575 credentibus
1079 1514 1117 1575 ira

198 1595 433 1659 cundiaaimum.

261 1682 311 1745 20.
334 1679 419 1741 Idem
441 1686 505 1757 eat,
526 1697 565 1741 ac
585 1680 612 1738 ai
633 1678 767 1740 diceres:
800 1678 859 1741 llle
880 1680 934 1759 qui
958 1678 1048 1741 uolua
1067 1685 1117 1752 eat

197 1769 230 1822 et
250 1763 336 1824 solua
357 1783 397 1823 ex
419 1761 513 1823 nihilo
535 1762 607 1822 fecit
628 1764 743 1840 omnia,
765 1762 852 1824 uolua
871 1763 975 1825 iactua
991 1760 1117 1824 estnihil

198 1853 230 1906 et
252 1846 358 1907 subter
379 1847 493 1908 omnia.

263 1932 314 1994 21.
342 1931 459 1991 Tamen
483 1927 629 1989 articulus
650 1927 691 1988 de
712 1929 872 1991 creatione
893 1947 999 1991 rerum
1021 1947 1062 1992 ex
1082 1926 1117 1987 ui·

195 2010 260 2072 hilo
284 2011 439 2073 difficilior
459 2019 506 2072 eat
529 2010 659 2088 creditu,
683 2030 774 2092 quam
799 2011 951 2071 articulus
973 2011 1014 2072 de
1029 2013 1115 2073 incar-

196 2097 330 2159 natione.

258 2181 309 2243 22.
338 2178 378 2240 Et
408 2177 546 2238 Christum
578 2196 634 2256 per
660 2177 908 2241 incarnationem
944 2198 1034 2239 auam
1066 2193 1115 2243 noa

195 2262 315 2324 reducit
341 2263 372 2320 in
401 2262 613 2340 cognitionem
640 2258 811 2339 creatoris,
844 2279 908 2341 qua
941 2262 1115 2342 cognitione

195 2346 299 2427 angeli
323 2345 406 2406 beati
428 2351 507 2407 eunt

258 2432 307 2494 23.
338 2427 429 2502 Quod
447 2426 515 2488 lieri
537 2445 599 2489 non
622 2427 737 2506 potuit,
770 2426 829 2487 nisi
856 2427 926 2506 ipae
957 2446 1016 2506 per
1036 2443 1113 2486 auam

196 2533 371 2594 personam,
393 2513 446 2590 qui
467 2518 515 2570 eat
536 2511 641 2589 imago
649 2509 720 2587 Dei,
743 2516 905 2589 peccatum
925 2507 1032 2592 (quod
1046 2528 1113 2569 mor·

196 2599 235 2658 tia
256 2606 304 2657 eat
324 2615 452 2676 regnum
475 2601 507 2654 et
528 2593 676 2674 victoria)
701 2592 823 2655 tolleret
844 2612 864 2655 a
886 2594 991 2655 nobie.

256 2682 307 2742 24.
335 2679 499 2741 Peccatum
530 2677 610 2737 enim
641 2677 819 2739 excaecavit
849 2684 994 2738 naturam
1018 2675 1111 2737 huma-

194 2780 281 2840 nam,
309 2771 342 2821 ut
363 2762 542 2822 Creatorem
565 2759 694 2839 amplius
717 2778 778 2818 non
802 2773 1030 2839 cognosceret,
1063 2756 1111 2818 etai

194 2863 272 2924 opus
295 2847 377 2923 eius,
404 2845 584 2925 praesertim
602 2843 859 2922 ,gubemationim
880 2863 901 2905 a
924 2842 1023 2923 longe
1046 2841 1109 2902 olia-

194 2936 287 2990 ceret.
1066 2971 1070 2979 -

255 3015 304 3077 25.
338 3010 419 3085 Quin
455 3012 554 3090 ipsum
585 3017 748 3089 peccatum
778 3009 903 3087 ignorat
934 3007 1051 3080 homo,
1086 3011 1109 3066 et

190 3113 279 3155 auam
301 3095 482 3156 caecitatem
505 3100 593 3173 putat
614 3110 684 3153 eoae
706 3110 855 3153 summam
877 3092 1075 3171 sapientiam.

254 3181 305 3242 26.
331 3176 527 3243 Horrendum
555 3184 603 3236 est
633 3194 723 3251 eane,
755 3172 840 3254 quod
867 3174 917 3234 ira
939 3174 1000 3235 Dei
1022 3182 1111 3237 totum

190 3279 289 3340 genua
311 3260 477 3321 humanum
500 3260 589 3320 unius
610 3258 745 3322 hominia
772 3276 834 3318 uno
866 3265 1005 3337 peccato
1026 3257 1112 3319 inlec-

191 3353 264 3421 tum‚
285 3341 435 3424 perditum
460 3350 491 3402 et
512 3342 690 3402 damnatum
712 3349 769 3401 eat.

252 3430 302 3491 27.
324 3425 386 3487 Sed
410 3426 505 3506 longe
526 3434 651 3505 cuperet
672 3426 736 3485 irae
750 3424 841 3485 huius
865 3424 1112 3504 magnitudinem

190 3509 419 3570 misericordiae
442 3506 640 3588 magnitudo,
672 3526 733 3587 qua
754 3514 841 3567 tanta
861 3525 1005 3586 persona
1027 3507 1113 3569 Filim

187 3613 245 3672 pro
268 3591 443 3653 hominibus
467 3593 593 3671 perditis
617 3591 715 3652 factus
738 3597 787 3651 eat
808 3590 947 3651 uictima

250 3679 299 3742 28.
322 3677 413 3735 Ratio
429 3675 486 3734 Dei
509 3677 656 3755 ignorans
679 3673 799 3734 videtur
820 3673 902 3732 iuate
927 3690 1115 3735 murmurare

184 3773 295 3836 contra
308 3760 410 3827 Deum
433 3778 492 3822 ceu
510 3760 649 3840 iniquum
665 3766 697 3818 et
708 3757 926 3819 saevissimum
941 3765 1116 3840 tyrannum.

286 3975 299 3986 ο
