2346 4208
363 246 399 300 ad
418 246 585 302 Schedulsm
598 248 781 304 inhibitionis.
931 226 933 231 7
979 220 1043 311 141

122 434 241 496 Christi
262 433 469 510 adhortamur,
493 441 523 494 et
544 454 600 515 pro
612 442 715 496 vestra
735 436 767 496 in
785 438 924 496 sanctam
938 432 1043 495 sedem

124 517 332 600 apostolicam
355 524 387 578 et
407 518 590 579 catholicam
614 519 794 600 religionem
808 517 975 579 devotione
997 535 1045 577 ca

121 602 254 663 ritateve
276 619 447 678 monemus,
468 609 502 660 ut
522 608 669 662 tractatus
689 601 760 662 illos
783 602 848 662 sive
871 619 1042 662 sermonem

123 685 217 745 istum
240 683 445 763 undecunque
466 684 628 765 diligenter
650 685 803 766 colligatis
830 689 862 744 et
883 683 963 763 apud
987 700 1044 744 vos

122 767 1043 847 detineatis,quousquealiudvobisdederimusinmandatis.

206 849 302 911 Ειι
268 857 302 911 ιιι
323 849 470 911 scandala
499 871 538 910 ex
565 850 774 930 publicatione
797 850 869 911 dicti
892 849 1044 911 tractatuli

123 932 206 1014 apud
229 932 463 1014 simpliciores
455 954 485 993 ln
510 933 648 994 diocoesi
676 942 782 995 nostra
804 941 913 994 exorta
934 932 1044 993 tollan-

122 1025 172 1078 tur
195 1023 226 1078 et
248 1017 404 1077 eradicent
392 1023 440 1077 tur·
460 1018 679 1114 pariiormiter,
713 1016 908 1092 mandamus,
936 1015 1045 1077 exhor-

123 1107 226 1161 tamur
247 1105 279 1160 et
300 1119 471 1176 monemus,
479 1107 569 1197 'quat
570 1119 644 1161 enus
655 1120 687 1160 ιι
699 1098 830 1181 publicis
841 1097 1044 1161 concionibus

124 1190 156 1244 et
177 1184 371 1245 sermonibus
394 1203 447 1243 ves
450 1185 502 1244 tris
525 1185 673 1264 populum
694 1183 783 1244 vobis
807 1182 954 1243 creditum
978 1182 1045 1242 dili·

124 1275 236 1348 genter
258 1272 289 1327 et
309 1274 453 1329 accurate
479 1267 650 1344 instruatis,
683 1273 715 1327 ut
743 1268 826 1327 omni
853 1265 1045 1328 dubitatione

124 1355 247 1411 semota
268 1348 440 1410 firmissime
464 1358 493 1410 et
513 1348 732 1412 inviolabiliter
754 1349 869 1429 credat,
890 1349 946 1410 sub
974 1367 1046 1429 qua·

124 1431 202 1493 libet
222 1433 329 1512 specie
350 1435 503 1513 integrum
525 1433 678 1495 Christum
700 1434 865 1494 Dominum
889 1439 920 1493 et
941 1431 1045 1493 Salva·

124 1520 226 1577 torem
248 1524 386 1577 nostrum
412 1517 580 1594 contineri,
603 1516 900 1577 communicantibus
923 1533 1045 1595 quoque

125 1598 183 1660 sub
214 1601 318 1679 specie
354 1601 443 1680 panis
477 1608 543 1660 ttan
477 1599 690 1660 ttummodo
724 1604 950 1660 sacramentum
982 1617 1045 1658 non

125 1682 311 1762 partialiter,
343 1681 397 1743 sed
425 1684 545 1763 integre
571 1701 608 1743 ao
628 1682 765 1779 perfecte
786 1682 846 1742 illis
869 1683 1045 1742 ministrari:

124 1783 164 1825 ac
185 1772 324 1826 sanctam
354 1773 404 1826 eat
392 1765 537 1826 tholicam
561 1765 754 1827 ecclesiam
747 1785 778 1825 ιιι
800 1780 888 1825 sacra
909 1760 1047 1845 generali

125 1834 289 1928 synodo,'
282 1869 313 1908 ιι
336 1848 448 1928 Spiritu
472 1856 579 1910 sancto
602 1850 739 1931 legitime
760 1856 834 1909 tunc
848 1853 1046 1929 congregata,

125 1951 168 1992 ox
191 1930 295 1993 divina
316 1932 453 1993 eiusdem
477 1932 605 2012 Spiritus
630 1933 730 1993 sancti
750 1933 971 2028 inspiratione,
983 1949 1047 1991 non

124 2013 326 2092 conficientes
348 2015 405 2077 sub
428 2016 497 2077 sola
519 2017 624 2097 specie
646 2017 735 2097 panis
753 2014 974 2076 communicari
996 2012 1046 2111 de-

125 2073 211 2177 bere,
232 2099 403 2160 instituisse
427 2107 458 2160 et
480 2100 650 2161 ordinasse.
699 2100 829 2180 Propter
850 2117 941 2178 quam
964 2099 1034 2158 insti
1025 2119 1047 2158 ι·

124 2182 277 2242 tutionem
309 2189 340 2242 et
373 2181 597 2244 ordinationem
630 2182 804 2247 huiusmodi
841 2183 1046 2262 sumptionem

124 2264 183 2324 sub
207 2271 333 2345 unaque
355 2269 458 2345 specie
481 2285 550 2326 esse
572 2268 781 2345 temerariam,
817 2285 996 2362 praesump¹
982 2272 1048 2325 tuo·
1134 2282 1146 2303 ·

125 2367 204 2425 sam,
227 2347 451 2427 scandalosam,
475 2348 673 2427 seditiosam,
697 2357 728 2410 et
750 2349 920 2412 ecclesiast
900 2350 951 2409 tici
973 2350 997 2409 ri
1000 2355 1048 2408 tus

125 2430 322 2527 ιιιιιιιιιιιιιι,
345 2441 435 2493 etex
457 2434 659 2513 consequenti
681 2440 827 2495 aeternae
841 2430 1047 2532 damnationis

124 2514 242 2574 induet
222 2520 325 2577 tivam.

212 2590 299 2658 Et
281 2619 350 2658 cum
379 2600 557 2659 meliort
517 2601 557 2659 sit
579 2597 771 2675 obedientia,
798 2616 891 2676 quam
914 2598 1048 2675 ιιιιιιιιιι,

128 2679 214 2760 quod
235 2701 297 2742 non
321 2673 521 2743 oon'iicientes
544 2683 612 2762 plus
631 2689 805 2742 mereantur
821 2679 971 2741 sumendo
993 2678 1048 2741 sub

130 2784 192 2824 una
215 2767 318 2844 specie
341 2767 464 2846 panist
452 2766 680 2844 t,antummodo
710 2783 800 2844 quam
828 2764 884 2826 suh
913 2771 1050 2843 utraque,

129 2847 275 2927 quodque
297 2856 464 2929 propterea
488 2869 596 2909 omnes
620 2856 651 2910 et
672 2848 794 2928 singuli,
817 2855 850 2907 ut
870 2847 978 2907 fideles
1001 2865 1048 2906 ca·

127 2930 264 2991 thelicae
293 2932 445 2993 ecclesiae
479 2931 533 2992 lilii
568 2939 600 2993 et
621 2932 801 3010 Christiani,
832 2930 939 2992 eadem
975 2946 1049 2990 suae

129 3015 234 3073 matris
256 3016 397 3076 instituta
418 3023 449 3076 et
478 3015 704 3094 ordinationes,
733 3033 770 3074 ao
798 3023 972 3074 sanctorum
995 3013 1049 3072 Pa-

129 3105 208 3157 ιιιιιιι
231 3106 262 3159 et
279 3099 446 3159 electorum
470 3099 527 3158 Dei
553 3098 644 3160 fidem
667 3100 698 3158 in
722 3099 842 3158 sincera
864 3099 980 3158 unitate
1002 3094 1049 3156 fir·

128 3180 272 3241 mitent
241 3188 272 3241 et
293 3181 425 3243 fideliter
439 3190 507 3242 cust
495 3182 625 3259 todiant,
647 3188 814 3262 sequentur
828 3186 859 3242 et
873 3180 1048 3259 observent,

128 3264 232 3324 taliter
260 3267 342 3326 circa
370 3266 542 3345 praemissa
563 3229 675 3343 actdri,
705 3271 738 3324 ut
725 3265 877 3324 taDeo
912 3263 1048 3324 omnium

129 3346 280 3408 bonorum
304 3348 431 3409 retribut
419 3356 487 3410 tore
508 3352 678 3429 praemium
701 3349 863 3427 consequi,
885 3346 976 3408 etde
999 3344 1048 3406 de·

128 3430 244 3491 bitem
267 3431 449 3528 religionem
473 3433 677 3494 Christianam
702 3430 871 3493 devotione
895 3448 1048 3490 commen-

129 3514 187 3573 tari
209 3517 341 3593 possitis.

129 3596 242 3658 Datum
262 3599 401 3679 Stolpen,
424 3618 505 3660 anno
528 3619 547 3659 a
569 3597 916 3659 nativitateDominilli.
932 3596 970 3660 D
983 3570 1048 3658 XX.

130 3683 190 3742 Die
216 3702 291 3743 vero
320 3685 368 3746 24.
399 3684 512 3744 mensis
540 3682 694 3756 ianuarii,
717 3679 908 3741 Officialatus
938 3679 1049 3740 (iuriae

128 3773 254 3826 nostrae
275 3766 488 3847 praesentibus
510 3785 658 3847 appresso
681 3764 737 3824 sub
760 3764 878 3845 Sigillo.
