2346 4208
791 168 798 213 l

122 249 186 319 198
320 248 480 320 Disputatio
500 253 608 322 Lipsiae
628 255 724 308 habita
743 273 767 309 a.
783 254 849 310 xlx
900 249 905 259 ’

122 445 260 506 tentiam.
282 442 369 524 Ergo
379 440 457 502 illud
478 441 617 503 nondum
631 445 751 524 agentis
774 450 900 528 oportet
919 445 961 508 dc
980 440 1040 527 pcr-

127 529 264 589 sectione
285 527 324 586 ad
346 532 434 586 extra
455 525 594 606 intelligi.

208 610 294 671 Idem
315 608 356 670 ad
378 609 524 670 Basilium
545 609 670 670 dicetur.
1082 666 1086 675 .

206 695 254 755 De
284 693 380 754 verbo
407 692 558 753 Johannia
585 694 748 773 Bapistae,
780 692 855 754 dicit
883 694 1041 757 evanidam
1048 742 1058 775 ,-

125 797 195 839 esse
219 778 430 857 solutionem,
461 776 545 855 quod
568 776 712 853 dixerim,
739 777 821 837 aliud
845 796 915 839 esse
940 779 1041 859 poeni·
1074 786 1078 797 '

124 862 251 922 tentiam
274 860 396 936 docere,
418 859 502 919 aliud
524 860 670 940 incipere.
707 860 911 941 Respondeos
956 861 1044 925 Salva

124 944 317 1022 reverentie,
340 943 482 1024 egregius
503 943 541 1004 D.
565 943 601 1003 D.
624 963 686 1004 non
710 943 830 1005 videtur
852 944 983 1005 Paulum
1003 946 1042 1005 in·

124 1029 272 1108 telligere,
295 1045 354 1087 nec
373 1027 516 1086 virtutem
538 1026 639 1107 Legis-
652 1029 846 1107 cognovisse.
878 1028 945 1089 Lex
967 1029 1043 1090 enim
1072 1052 1076 1059 ·

126 1112 219 1173 docet
240 1109 364 1188 quidem
386 1115 504 1186 sancte,
525 1109 620 1187 iusta,
644 1117 675 1173 et
695 1110 789 1189 bona,
812 1111 867 1171 sed
890 1111 1042 1193 solagra·

125 1196 168 1255 tia
188 1194 305 1274 incipit,
327 1194 402 1253 feeit
422 1199 453 1252 et
474 1191 594 1272 perficit
615 1212 661 1254 ea.
682 1193 767 1273 Ergo
790 1195 911 1255 etiamsi
932 1194 1043 1257 dohan-

124 1297 181 1338 nes
214 1278 357 1338 timorem
386 1274 542 1337 docuisset
569 1295 639 1337 esse
669 1278 789 1341 initium
824 1279 1044 1361 poenitentiae,

125 1376 193 1421 noir
210 1361 283 1421 ideo
307 1361 461 1438 sequitur,
484 1344 706 1438 pbenitentiam
725 1361 862 1441 incipere
883 1380 904 1421 a
924 1358 1044 1425 timore.

125 1443 210 1506 Sicut
232 1444 258 1504 si
268 1444 421 1503 insinuem
436 1440 596 1520 quodlibet
616 1443 732 1504 bouum
747 1461 825 1524 opus
836 1462 893 1524 per
915 1450 1044 1506 terrores

126 1534 158 1588 et
178 1528 292 1604 minas,
329 1545 392 1586 non
414 1525 486 1585 ideo
508 1526 616 1605 incipit
637 1545 715 1606 opus
747 1526 862 1588 bonum
884 1546 904 1588 a
927 1535 1043 1607 terrore
1065 1524 1068 1529 ’

127 1618 158 1671 et
180 1611 279 1685 minis,
302 1609 357 1669 sed
379 1629 398 1668 a
420 1609 558 1669 caritate.

208 1693 403 1773 lndignatur,
434 1690 517 1770 quod
540 1691 739 1752 Aristotelem
775 1693 802 1751 ei
827 1691 996 1755 obieoen'm
1015 1694 1044 1754 in

126 1777 241 1837 scholis
268 1775 469 1854 theologicis,
504 1792 595 1853 quem
626 1779 728 1834 tamen
757 1793 820 1835 non
851 1777 1044 1856 acceptorio.

125 1859 253 1936 Fateor,
291 1860 392 1918 minor
418 1864 480 1934 est,
510 1877 602 1936 quam
630 1864 664 1917 ut
685 1857 787 1917 valeat
816 1859 847 1917 in
869 1858 1045 1941 theologica

126 1942 254 2021 schola,
288 1960 357 2001 cum
380 1939 525 2002 seductor
544 1941 635 2000 fuerit
664 1940 920 2002 scholasticorum
941 1941 1044 2004 docto·

126 2046 202 2085 rum.
225 2024 286 2086 Sed
304 2023 482 2084 satisfacere
504 2023 588 2084 volui
611 2023 804 2084 conclusioni
826 2044 941 2099 meae,
967 2023 1044 2106 quod

128 2115 236 2169 contre.
257 2125 378 2168 sacrum
399 2126 487 2167 suum
497 2106 696 2168 Aristotelem
715 2106 878 2186 desipiunt,
902 2109 955 2187 qui
975 2098 1063 2189 poa'

128 2193 328 2251 nitentiama
357 2191 482 2269 timore,
518 2196 550 2250 et
577 2208 641 2249 non
668 2189 765 2249 libera
785 2190 950 2252 voluntate
970 2192 1044 2253 inci-

126 2276 222 2355 piunt.
252 2273 331 2333 Nam
354 2271 584 2334 distinctionem
607 2270 765 2333 delibero
788 2272 914 2334 arbitrio
937 2281 1043 2336 coacto

128 2364 160 2417 ct
179 2356 306 2417 inducto
328 2362 462 2416 transeo.
501 2356 572 2416 Non
593 2356 675 2416 enim
698 2374 803 2415 verum
825 2363 882 2434 est,
903 2357 989 2437 quod
1008 2357 1044 2417 li·

127 2440 230 2501 berum
258 2439 415 2500 arbitrium
443 2458 577 2518 unquam
611 2444 740 2518 cogatur
761 2438 800 2498 ad
829 2439 963 2519 bonum,
996 2444 1044 2503 sut

127 2525 197 2604 cogi
225 2525 317 2583 etiam
350 2523 457 2602 possit.
501 2522 531 2583 si
565 2528 668 2581 autem
700 2516 838 2602 cogitur,
871 2525 903 2583 in
927 2523 1043 2587 diversa

125 2608 256 2686 rapitur,
287 2615 319 2666 et
339 2607 532 2666 coactionem
555 2606 603 2665 sui
627 2604 700 2667 odit.
724 2604 799 2665 Sola
820 2612 924 2667 autem
946 2607 1043 2688 gratis

127 2690 264 2767 trahitur,
286 2689 347 2749 hoc
370 2695 426 2765 est,
444 2708 517 2750 vere
538 2687 666 2748 liberum
689 2687 828 2766 efficitur,
850 2695 884 2749 ut
904 2690 1042 2773 Augusti·

126 2793 183 2832 nus
206 2781 314 2833 contra
335 2772 490 2832 lulianum
512 2771 563 2835 lib.
580 2774 609 2834 2.
632 2778 663 2830 et
685 2772 715 2831 in
739 2772 841 2832 multis
864 2773 952 2835 locis.

209 2856 268 2916 Ubi
298 2855 451 2916 Christum
480 2854 542 2914 dixi
565 2872 696 2914 vocasse
728 2855 888 2934 apostolos
912 2864 943 2920 et
965 2858 1043 2937 hiep

127 2939 268 3000 dalenam
290 2936 405 2999 blando
429 2944 538 3015 tractu,
562 2944 670 2997 contra
692 2940 831 3018 opponit,
843 2938 974 3001 Paulum
995 2957 1043 3001 vo·

127 3030 228 3083 cotum
250 3042 319 3083 esse
342 3021 454 3098 durius,
478 3027 510 3081 et
531 3021 562 3079 in
584 3020 754 3101 Evangelio
773 3020 809 3097 *)
835 3023 958 3084 ,iussum
979 3038 1043 3085 esst

127 3126 263 3184 servum,
300 3113 333 3165 ut
353 3104 554 3184 compelleret
574 3104 697 3164 intrare.
744 3104 877 3165 Primum
900 3108 976 3168 satis
997 3104 1043 3167 ad

128 3190 230 3265 miror,
253 3187 335 3267 quod
359 3206 427 3247 cum
450 3206 507 3247 nos
521 3185 695 3266 exemplum
708 3186 793 3247 Pauli
817 3188 975 3251 soleamus
997 3186 1043 3251 ed·

128 3271 241 3332 ducere
259 3290 315 3352 pro
339 3268 533 3331 defendenda
554 3270 670 3350 gratia,
693 3271 750 3348 ipsi
773 3270 863 3332 nobis
885 3273 1044 3334 elabuntur

127 3354 276 3432 dicentes,
297 3354 359 3415 hoc
382 3373 451 3413 esse
473 3353 689 3413 miraculosum
710 3352 842 3432 lachim,
866 3362 898 3416 et
920 3376 985 3418 non
1005 3355 1042 3417 ia·

128 3458 198 3498 cere
220 3438 368 3518 regulam.
391 3437 448 3496 Hic
470 3444 571 3496 tamen
595 3436 736 3516 egregius
760 3437 796 3499 D.
814 3437 851 3499 D.
874 3441 962 3518 quasi
985 3456 1043 3501 non

128 3541 182 3600 pro
206 3521 354 3615 miraculo
379 3520 506 3597 hebens,
528 3539 584 3598 pro
607 3520 713 3601 regula
735 3520 862 3585 inducit.
899 3522 961 3584 Sed
987 3522 1043 3584 hoo
