2346 4208
272 281 307 338 de
326 287 555 356 utraque,speeie
574 283 753 343 Sacramenti.
919 286 983 354 405

123 471 172 534 26.
196 468 235 530 Itt
263 490 320 550 pro
349 472 403 533 tali
431 472 518 555 leget
552 491 631 552 quae
657 472 848 555 praeiudioet
875 473 1005 536 divino'

58 553 118 612 iuri
143 559 174 614 et
195 553 307 632 verbo,
337 562 368 615 et
383 557 482 638 ipsum
506 557 658 619 Christum
680 556 868 619 haereticum
890 557 984 619 faeiat

59 655 129 697 eum
153 656 209 696 sua
231 635 372 700 eooleaia.

124 721 175 784 27.
197 716 238 781 Et
267 720 370 782 decuit
405 742 480 784 sane
513 722 590 785 tales
613 723 683 784 talis
705 723 857 787 eeclesiae
888 724 981 805 magi·

59 807 141 863 stros
175 822 212 863 ea
232 807 349 884 percuti
373 807 522 866 oaeoitate
554 812 585 867 et
613 807 762 887 amentia,
796 814 828 866 ut
850 806 982 884 Christo,

59 886 112 966 qui
134 885 184 946 via
206 892 237 946 et
258 889 372 949 veritas
396 896 454 968 est,
477 894 656 970 contempto
681 900 710 950 et
733 892 764 951 in
779 889 888 951 saniem
910 889 982 950 hae·

60 969 137 1029 rosis
161 969 368 1033 condemnato
392 992 501 1053 vagam
524 971 683 1033 hominum
705 974 880 1054 ignotorum
907 992 979 1033 eon·

57 1051 251 1114 suetudinem
275 1073 329 1115 seu
353 1057 530 1136 opinionem
552 1056 741 1118 adorarent'
919 1039 929 1071 ⁸

60 1171 63 1174 -
121 1136 171 1199 28.
194 1136 273 1198 Hine
306 1139 359 1200 ille
389 1137 571 1200 Moabitious
602 1139 758 1200 inauditae
787 1140 981 1221 arrogantiae

56 1218 165 1297 fastus,
187 1219 259 1281 lieet
276 1221 424 1300 Christus,
446 1222 630 1283 hortamen
654 1223 887 1302 nonobstante,
909 1222 982 1284 lieet

56 1301 192 1362 eeclesia
219 1306 387 1383 primitiva,
417 1306 479 1367 hoo
501 1312 602 1365 tamen
627 1325 689 1365 non
714 1306 872 1385 obstante,
909 1304 981 1386 quid

57 1383 219 1447 Christus?
243 1387 314 1466 quid
338 1388 469 1449 eeclesia
486 1389 639 1470 primitiva
661 1389 820 1450 adtentos
838 1389 980 1450 dominos

56 1487 169 1546 rerum,
191 1489 313 1549 porcos,
337 1473 503 1552 sophistes,
526 1478 555 1532 et
578 1474 682 1532 asinos
706 1472 905 1533 ennonistas?

99 1552 149 1614 29.
173 1551 254 1628 Quid
278 1561 371 1632 vetat,
394 1557 465 1634 quin
489 1554 600 1616 eodem
623 1555 815 1634 pharisaicae
836 1574 981 1635 arrogari·
1084 1623 1086 1626 y

56 1634 119 1694 tiae
140 1634 221 1696 fastu
242 1644 394 1698 statuant:
417 1639 503 1698 Lieet
520 1638 658 1700 Christus
682 1638 846 1699 instituerit
867 1638 980 1718 baptis·

56 1737 157 1795 mum,
181 1726 211 1780 et
233 1721 365 1782 eeclesia
388 1729 505 1799 servet,
539 1721 600 1782 hoo
622 1728 724 1783 tamen
753 1741 815 1782 non
839 1720 982 1783 obstante

57 1819 116 1860 nos
155 1801 272 1862 domini
306 1824 398 1884 super
420 1805 573 1866 Christum
607 1811 637 1865 et
671 1805 769 1865 Deum
803 1804 981 1866 ordinamus

57 1886 254 1950 eontrarium.

121 1969 171 2033 30.
189 1969 280 2046 item,
310 1969 384 2030 lieet
405 1969 542 2031 christus
575 1971 740 2030 instituerit
774 1969 980 2050 evangelium,

58 2055 91 2113 et
112 2051 245 2113 eeclesia
266 2051 297 2112 id
320 2053 493 2134 praedicet,
527 2059 631 2114 tamen
658 2053 719 2114 hoe
741 2073 803 2114 non
838 2052 982 2114 obstante

58 2152 118 2195 nos
141 2134 258 2196 domini
280 2135 475 2197 dominorum
498 2155 634 2197 eanones
657 2145 780 2197 nostros
803 2143 834 2198 et
852 2155 980 2196 eonsue-

60 2215 181 2278 tudines
203 2218 247 2278 illi
269 2220 488 2299 praeferendos
511 2220 715 2280 decernimus.

122 2303 172 2364 31.
194 2301 287 2379 Item,
310 2302 382 2362 lieet
410 2303 547 2363 Christus
577 2305 700 2363 iusserit
728 2302 848 2366 absolvi
876 2302 982 2383 poeni·

59 2389 171 2462 tentes,
194 2391 225 2445 et
248 2385 279 2444 id
302 2386 436 2446 eeclesia
457 2393 611 2464 sequatur,
635 2386 696 2447 hoe
717 2395 820 2447 tamen
843 2404 906 2445 non
931 2384 983 2445 ob-

63 2473 166 2528 stante
188 2486 245 2528 nos
268 2468 357 2528 aliter
379 2468 531 2531 volumus.

123 2552 174 2614 32.
198 2550 294 2628 Quid,
317 2550 464 2627 obsecro,
492 2549 553 2612 illis
582 2551 706 2611 obstare
733 2557 850 2632 potest,
874 2549 983 2630 quibus

61 2651 120 2693 neo
142 2633 275 2695 ecelesia
296 2654 355 2695 nee
377 2634 514 2695 Christus
535 2636 602 2714 ipse
625 2632 749 2696 obstare
770 2632 899 2714 potest?

122 2717 171 2781 33.
195 2716 275 2793 Quin
299 2718 408 2797 eodem
433 2717 578 2799 exemplo
612 2736 720 2778 omnes
743 2716 888 2777 artioulos
911 2715 983 2776 fidei

60 2799 214 2880 rodamus,
238 2809 268 2861 et
282 2801 537 2862 consuetudinem
551 2801 747 2878 contrariam,
769 2819 849 2879 quae
870 2806 982 2880 potens

61 2890 92 2943 et
114 2902 227 2964 magna
249 2892 304 2959 est,
328 2885 545 2965 approbemus,
568 2903 607 2943 ne
622 2882 688 2944 Deo
712 2883 834 2962 quidem
859 2884 983 2944 obstare

83 2974 201 3028 otente.

62 2987 81 3047 p
123 3051 173 3114 34.
195 3050 278 3110 Deus
301 3049 409 3131 perdat
430 3057 462 3112 et
483 3068 619 3112 canones
643 3055 674 3109 et
703 3038 896 3126 canonistas,
931 3049 983 3127 qui

60 3138 170 3213 putant
192 3134 356 3194 eeclesiam
369 3134 426 3193 Dei
448 3130 679 3215 gubernandam
700 3131 760 3193 hoo
782 3132 881 3193 dioto:
905 3131 983 3196 Con·

61 3215 194 3278 suetudo
217 3223 265 3277 est
286 3217 429 3279 habenda
447 3237 502 3296 pro
526 3219 605 3298 lege.

124 3301 174 3364 35.
198 3299 355 3379 Compasi,
379 3299 452 3377 tola,
475 3301 567 3380 tefoe‚
590 3299 676 3376 tenti,
699 3318 779 3379 quae
801 3300 878 3371 soci,
901 3297 983 3374 bate,

199 3381 321 3459 Quivis,
345 3384 452 3461 exelu,
475 3403 541 3443 sum
565 3386 618 3462 ori,
642 3402 711 3442 men
736 3402 800 3461 per,
824 3381 983 3461 temporis,

802 3483 900 3526 usum.

116 3550 174 3612 36.
196 3547 291 3628 Igitur
312 3549 368 3609 sibi
391 3549 466 3628 ipsis
484 3550 661 3610 testimonio
678 3557 758 3626 sunt,
780 3567 850 3609 sese
861 3545 982 3608 Christo

60 3630 187 3694 obstare
220 3640 250 3691 et
272 3631 466 3693 antichristos
490 3652 576 3711 esse,
603 3633 675 3712 quia
705 3632 879 3693 obstantem
902 3629 984 3695 Chri·

60 3722 143 3777 stum
166 3713 241 3773 nihil
264 3722 379 3794 curant,
402 3716 527 3796 insuper
548 3723 579 3776 et
601 3715 817 3776 condemnant.

72 3844 99 3871 .,.
124 3799 174 3862 37.
197 3797 252 3865 His
278 3797 373 3861 larvis
406 3804 661 3862 dementaverunt
689 3799 844 3881 prinsipes
879 3802 914 3858 et
932 3815 986 3876 op-
