2346 4208
121 247 185 319 246
367 248 460 303 Resol.
482 249 504 298 L.
525 263 611 315 super
629 226 841 321 Proposition.

123 439 286 519 opiniones
307 436 499 517 impugnavit
522 442 553 497 et
576 435 757 516 praevaluit.
787 434 873 496 Idem
895 435 965 497 iacit
980 432 1023 495 Or
1044 428 1068 491 '.

107 543 215 600 ·cam,
237 521 415 581 fecerunta
417 520 537 579 tmulti
561 520 628 593 alii
651 520 767 581 iaciunt
788 538 887 597 usquc
907 518 938 580 in
958 535 1023 597 praa
1072 574 1075 581 .

126 625 179 665 sen
184 611 244 666 tem
270 604 361 681 diem,
385 609 506 662 etcum
530 603 659 684 singulis
681 621 787 663 eorum
810 601 940 663 liberum
954 596 1024 681 sid),

126 688 268 751 omnibns
292 686 514 762 contradicere,
538 705 592 747 our
614 705 673 783 ego
696 706 775 747 unus
797 685 966 766 hacgratia
982 683 1025 779 pri

124 771 201 833 vor?
223 771 364 849 Denique
386 789 455 829 cum
479 776 511 829 et
535 789 593 848 ego
616 772 646 829 in
669 770 737 831 aliis
761 769 864 829 multis
887 764 1025 829 sententiis
1071 780 1075 827 ἰ

123 857 190 915 sine
212 853 338 933 querela
360 852 502 912 omnibus
533 852 722 930 contradixi,
753 872 806 911 cur
832 853 864 911 in
896 851 955 911 hac
980 866 1026 909 uun
1060 860 1075 919 4

123 956 235 998 novam
259 936 359 1016 legem
382 935 491 1014 patior
1062 912 1075 1039 'q'

204 1020 312 1097 ltaque
335 1034 424 1098 roge,
445 1017 585 1078 attendat
607 1019 657 1096 qui
679 1018 774 1093 volet,
796 1036 860 1079 non
883 1017 967 1095 quis,
985 1018 1075 1075 aa

124 1109 232 1163 contra
255 1121 344 1180 quos,
367 1100 420 1159 sed
444 1100 571 1179 quidet
592 1106 666 1161 cont
666 1122 700 1162 ra
712 1119 791 1179 quae
813 1099 925 1160 dicam.
946 1096 1026 1160 esda

122 1193 245 1264 respect
246 1204 280 1244 us
299 1203 510 1264 personarum,
534 1185 704 1262 quasDeus
727 1203 790 1243 non
812 1183 934 1261 accipit
957 1180 1026 1260 lagi-

126 1288 192 1327 mus
215 1269 246 1327 in
269 1266 451 1362 Evangelio,
474 1268 683 1346 praecipiente
706 1266 849 1342 Christo,
872 1265 1028 1326 acnbaa

124 1351 349 1412 Pharisaeos
342 1369 374 1408 ιιι
422 1349 568 1410 cathedra
589 1350 668 1409 Mosi
704 1349 848 1409 sedentes
876 1345 1028 1409 audiendos

124 1453 214 1508 ease,
237 1452 300 1493 non
323 1431 394 1510 quia
415 1452 568 1527 personae
591 1438 713 1510 essent,
735 1432 765 1491 id
788 1441 845 1508 est,
868 1430 1029 1493 Scribaect

123 1515 299 1592 Pharisaei,
322 1513 377 1574 sed
399 1515 471 1593 quia
492 1515 600 1576 Mosen
624 1512 781 1576 docerent.
804 1478 970 1599 Alioquin
975 1530 1028 1573 cun
1062 1544 1075 1583 ,4

124 1599 191 1658 sit
184 1618 244 1658 ram
274 1597 411 1658 seculum
435 1603 561 1678 corrup
561 1617 720 1673 rssrmnm
743 1604 948 1677 etmporaque
967 1594 1029 1677 peri
1071 1598 1075 1665 ζ

124 1681 336 1754 culosissima,
371 1681 403 1738 in
424 1681 554 1759 proclivi
578 1682 650 1757 erit,
686 1682 712 1742 ai
741 1680 887 1760 superbia
914 1687 946 1741 ct
974 1696 1030 1741 oon
1073 1724 1075 1741 ι

123 1771 240 1844 temptu
274 1764 466 1842 coeperimus
490 1783 602 1842 agere,
638 1770 670 1823 ut
706 1764 896 1823 incurramus
917 1764 948 1823 in
970 1756 1029 1823 iilud
1066 1838 1072 1843 -

123 1846 203 1908 Psai.
228 1848 276 1909 14.
304 1845 496 1925 periculum:
521 1846 728 1907 Consilium'
720 1846 822 1925 inopis
851 1843 1029 1915 confudisds,

123 1931 268 2026 quoniam
291 1929 442 1988 Dominus
465 1949 536 2008 spes
561 1931 626 1989 eius
650 1936 697 1989 est
718 1926 762 2009 ²).
805 1927 909 2003 Quare
932 1944 1030 1989 memo

21 2064 27 2073 .
121 2032 170 2072 rea
193 2013 346 2088 invicem,
380 2011 463 2090 quod
493 2032 601 2073 ornnes
632 2031 736 2071 sumus
759 2011 922 2087 homines,
954 2026 1029 2092 quun

123 2095 213 2155 facile
235 2096 274 2153 ait
297 2113 418 2170 errare,
455 2115 544 2173 quarn
575 2114 643 2155 raro
675 2101 706 2153 et
727 2093 854 2155 difficile
884 2096 1031 2173 contingat

122 2197 195 2237 vera
217 2195 343 2256 sapere,
374 2183 404 2235 et
428 2185 511 2237 recte
533 2198 637 2258 agere,
661 2175 825 2238 commui!
839 2176 944 2239 studio
965 2174 1029 2237 veri·

122 2267 214 2320 tatem
245 2278 428 2339 quaeramus
452 2262 572 2339 potius,
608 2280 700 2339 quani
728 2261 860 2320 invicem
882 2260 954 2321 solo
975 2258 1029 2339 gin

122 2344 186 2402 riae
217 2349 270 2401 ant
302 2361 410 2402 sensus
433 2345 548 2423 proprii
570 2343 674 2404 tuendi
706 2342 807 2403 studio
841 2342 1030 2405 mordeamus

123 2432 154 2485 et
177 2445 394 2485 consumamur
417 2424 460 2503 ³).

205 2507 389 2585 Secundum,
412 2509 493 2586 quod
518 2510 592 2569 mihi
613 2508 775 2583 obiicitur,
797 2507 883 2587 quod
906 2508 957 2569 hic
977 2507 1034 2569 aa·

123 2591 208 2649 culus
232 2592 262 2650 in
287 2592 519 2652 Constanticnsi
543 2593 676 2653 concilio
699 2597 747 2652 est
766 2592 847 2652 inter
868 2590 1033 2653 Hussiiiocr

121 2694 267 2753 expresse
291 2673 475 2735 damnatus:
514 2675 564 2735 hic
598 2677 622 2735 si
655 2693 718 2735 non
747 2694 820 2735 mox
843 2673 923 2735 sileo
946 2681 979 2735 ct
996 2690 1035 2733 ra·

121 2775 211 2831 voco,
235 2758 397 2816 continent
419 2777 528 2835 aures,
553 2765 584 2818 et
603 2758 719 2836 impetu
737 2758 819 2818 facto
842 2758 949 2837 ignem
972 2754 1036 2817 mihi

122 2840 290 2916 minantur,
322 2858 424 2917 nequo
446 2842 526 2901 enim
550 2841 714 2921 dignantur
735 2841 786 2900 hic
808 2840 903 2900 ullam
925 2856 1034 2901 moran

123 2922 171 2981 vel
195 2923 416 2982 excusationis.
440 2923 500 2983 Sed
524 2924 666 2998 obsecro,
689 2930 788 2984 estne
810 2925 837 2982 is
859 2922 1035 2984 modosve

121 3005 239 3065 ritatem
280 3005 447 3083 quaerendi
482 3008 584 3066 statim
624 3006 783 3066 obstruere
818 3024 853 3065 os
886 3004 1037 3084 quaerenti

121 3087 304 3147 veritatem?
350 3086 389 3146 Et
418 3088 469 3147 ubi
498 3096 564 3159 est,
596 3088 679 3167 qnod
711 3090 802 3150 Petro
836 3089 1039 3168 praecipiente

121 3170 198 3230 ratio
224 3170 382 3230 reddenda
402 3178 448 3231 cst
469 3173 553 3231 omni
574 3172 746 3250 poscenti?
768 3170 910 3248 Deinde,
941 3188 1038 3232 nonne

121 3252 253 3312 concilia
276 3253 397 3332 saepius
421 3255 618 3314 erraverunt?
653 3274 757 3314 nonne
779 3254 954 3333 Cyprianus
975 3270 1038 3313 oum

120 3337 212 3395 totius
254 3334 377 3413 Africae
421 3338 576 3416 episcopis
613 3338 717 3398 habito
760 3336 892 3397 concilio
932 3334 1037 3397 amavit

121 3419 211 3477 etiam
237 3418 266 3477 in
289 3419 417 3480 articulo
441 3419 715 3501 gravissimo'fidei
739 3419 777 3480 de
800 3420 912 3480 virtute
933 3417 1037 3500 baptis

140 3593 453 3602 ———-—-—-———-.
462 3592 514 3600 ...-.
521 3594 557 3600 ..-

154 3691 184 3760 1)
206 3692 236 3745 In
255 3691 298 3747 cd.
318 3695 388 3762 orig.
408 3693 498 3748 dcaat:
521 3695 565 3747 sit
588 3693 619 3758 2)
637 3693 808 3748 lbid.deast:
826 3697 877 3747 eat
898 3693 936 3759 3)-
953 3689 1034 3747 lbid.:

120 3778 329 3818 consumamus.
