2346 4208
121 283 184 353 342
432 283 589 353 supas-ss
608 281 642 336 u.
661 279 696 334 u.
715 280 745 335 s.

163 476 194 538 2.
215 471 319 534 Solius
336 469 448 532 Christi
473 469 624 550 baptisma
638 474 868 529 sacramentum
883 475 940 546 est,
961 487 1041 550 prop·

124 565 170 618 ter
192 555 336 631 verbum,
369 553 451 632 quod
473 554 504 613 iu
526 552 581 614 iilo
611 559 642 614 et
661 569 727 613 non
748 552 782 611 in
803 552 874 612 aliis
897 560 1041 632 operatur.

165 641 193 703 3.
218 639 377 717 Baptismu
399 636 476 716 legis
498 634 653 714 membra,
675 640 796 712 restes,
818 655 898 696 vasa
919 636 1042 711 lavabat,

125 721 276 801 figurante
298 720 405 799 spiritu
427 720 611 780 exteriorem
649 737 778 798 operum
801 719 998 780 sanctitatem
1020 726 1044 780 et

125 805 204 883 legis
225 804 377 864 velamen.

166 889 196 948 1.
217 887 375 965 Baptisma
387 884 542 961 Iohannis,
565 884 702 945 revelata
722 884 803 945 iaoie
824 885 923 966 legis,
946 905 1044 947 omues

126 977 255 1049 peooato
277 968 431 1047 immergit
452 975 485 1028 st
506 968 624 1048 gratiae
647 967 756 1029 avidos
777 967 864 1031 fauit.

167 1057 196 1116 5.
219 1052 377 1130 Baptisma
410 1050 522 1110 Christi
555 1056 685 1131 peooato
725 1070 845 1130 mersos
880 1059 914 1112 et
947 1052 1045 1114 avidos

125 1135 243 1213 gratiae
267 1133 371 1193 educit
391 1133 589 1209 iustificatos,
612 1141 644 1194 et
666 1152 766 1195 novas
790 1138 953 1196 sinaturas
975 1136 1045 1197 fauit.

167 1219 196 1280 6.
221 1216 261 1276 Ut
280 1215 434 1296 baptisma
452 1216 531 1295 legis
543 1218 764 1297 poeniteutiam
786 1236 852 1278 nou
866 1219 1046 1298 praestabat

125 1298 181 1359 ssd
203 1300 301 1379 magis
321 1301 621 1379 praesumptionem,
653 1300 755 1362 donea
774 1301 806 1361 in
830 1300 992 1382 baptisma
1009 1303 1046 1363 lo

125 1381 237 1442 hannis
258 1380 427 1442 desinebat.

167 1468 198 1527 7.
221 1466 265 1524 lta
285 1463 432 1525 Iohannis
454 1464 607 1545 baptisma
627 1464 757 1546 gratiam
779 1485 844 1528 uon
868 1468 1048 1548 praestabat,

126 1546 181 1608 sed
205 1548 304 1628 magis
318 1546 578 1628 desperationem,
600 1548 701 1610 donee
716 1549 757 1609 ad
770 1548 933 1630 baptisma
946 1551 1048 1614 Christi

126 1629 330 1710 pertingebat.

151 1715 198 1777 ·8.
220 1713 304 1773 Nihil
330 1720 483 1793 repugnat
503 1712 615 1774 Christi
645 1714 822 1795 baptismati
852 1718 1047 1798 pertinatius,

127 1815 219 1875 quam
240 1795 394 1876 baptismo
414 1796 509 1876 legis,
542 1803 574 1858 et
589 1796 671 1858 nihil
689 1799 817 1878 pronius
841 1799 945 1880 aedit,
967 1819 1047 1881 quun

128 1878 281 1958 baptisma
302 1879 456 1940 Iohannis.

168 1963 197 2025 9.
219 1961 291 2035 ¹Nou
305 1967 423 2023 tautum
435 1967 563 2042 propter
574 1981 662 2022 usum
678 1961 856 2043 baptisandi
870 1963 904 2040 ι1
929 1967 962 2026 iu
976 1964 1050 2026 Chii·

127 2050 176 2105 sto
198 2043 331 2105 futurum
352 2044 506 2106 Iohannes
528 2044 711 2125 baptisobat.

150 2130 198 2194 10.
220 2126 281 2189 Sed
303 2133 419 2187 uttam
444 2126 548 2188 officio
581 2127 726 2208 proprio,
760 2145 853 2205 quam
885 2130 1049 2191 ministerio

129 2209 297 2269 oooidentis
330 2209 437 2270 literae
460 2210 639 2271 humiliatos
666 2210 706 2270 ad
739 2209 897 2271 Christum
930 2232 1048 2294 praepa

128 2299 217 2352 roret.

149 2378 197 2437 11.
219 2373 349 2434 Videtur
370 2374 509 2435 Christus
539 2374 692 2454 baptismo
712 2375 859 2436 Iohannis
891 2397 958 2439 uon
988 2398 1049 2438 eva·

126 2477 253 2533 ouasse,
291 2457 347 2517 sed
369 2458 474 2518 addito
508 2457 603 2519 verbo
639 2460 722 2520 vitae
750 2477 805 2519 seu
835 2461 1047 2540 promissionis

130 2542 306 2621 perfeaisse.

151 2626 198 2688 12.
221 2623 268 2684 Ob
292 2642 382 2702 quam
414 2642 538 2683 oausam
567 2623 712 2703 baptisati
738 2644 758 2684 a
778 2623 923 2688 iohanne
956 2626 1048 2688 denuo

128 2706 303 2786 baptisaudi
325 2706 446 2765 suerunt
466 2706 649 2787 baptismate
673 2705 841 2782 curisti*).

128 2862 196 2914 tatio
216 2860 295 2914 Doot.
324 2859 403 2914 Mart.
425 2861 541 2926 Lutheri,
568 2861 623 2912 Deo
653 2859 869 2924 invenissetis
888 2864 1049 2915 sextafutu.

128 2932 185 2983 Nos
206 2936 313 2984 textum
324 2931 405 2984 huius
422 2930 551 2985 editionis
571 2930 751 2995 reddidimus,
771 2930 881 2984 collatis
902 2933 969 2986 edit.
990 2934 1049 2990 1558

128 3009 155 3054 et
172 3001 237 3056 edit.
260 3003 336 3066 1538,
358 3005 403 3055 ubi
422 3004 491 3055 haec
500 3003 650 3070 disputatio
669 3002 863 3056 tautummodo
883 3007 1050 3059 inscribitur:

128 3073 167 3127 hi.-
182 3073 214 3124 D.
237 3075 292 3124 XX.
314 3075 469 3141 Disputatio
488 3077 520 3127 D.
531 3075 640 3127 Martini
652 3075 771 3127 Lutheri.
784 3076 833 3138 (ei.
854 3077 967 3130 Woleh.
985 3078 1047 3146 Opp.

128 3144 206 3197 Luth.
226 3145 260 3200 X.
280 3162 306 3213 p.
326 3146 386 3201 126.
405 3146 503 3211 2612).

181 3218 210 3277 i)
232 3216 262 3269 In
282 3216 344 3270 edd.
365 3218 435 3274 1538
455 3224 482 3271 et
504 3219 587 3275 1558:
606 3216 780 3285 baptizandi,
799 3217 966 3285 baptizabat
985 3227 1031 3274 etc.

166 3288 197 3354 *J
210 3287 241 3339 In
262 3287 325 3339 edit.
345 3289 570 3357 Propositiouum
591 3289 621 3342 L.
642 3289 711 3344 1530
729 3295 793 3356 post
811 3289 1049 3357 Disputatiouem:

128 3359 186 3413 Lex
212 3360 352 3427 baptisma
373 3364 463 3413 caruis
483 3367 532 3413 otc.
552 3362 621 3414 haee
639 3366 690 3425 est,
709 3376 779 3428 quae
796 3361 826 3411 iu
845 3362 912 3415 otiis
932 3365 1050 3416 editioni·

130 3432 182 3483 bus
202 3448 256 3484 nou
276 3433 424 3498 iuvenitur,
444 3450 495 3487 nee
512 3436 540 3485 iu
560 3433 603 3486 ed.
624 3433 703 3496 1538,
722 3447 773 3484 neo
790 3433 820 3483 iu
839 3433 885 3487 ed.
907 3435 989 3502 1558,
1007 3449 1049 3488 use

126 3504 154 3552 iu
175 3501 243 3569 Opp.
264 3503 344 3558 Luth.
363 3504 428 3558 edit.
447 3504 511 3558 Jeu.
532 3504 579 3562 tIn
602 3505 644 3558 ed.
664 3504 748 3573 1538,
767 3519 837 3572 quae
857 3508 945 3561 nobis
966 3524 1003 3562 ex
1019 3508 1049 3560 bi·

128 3574 266 3628 bliotheca
288 3572 420 3628 eeclesiae
450 3576 674 3629 Schwabacensis
701 3581 813 3645 praesto
833 3584 911 3644 erat,
941 3584 1049 3633 tautum·

128 3645 212 3697 modo
231 3648 374 3714 inscriptio
399 3649 548 3700 invenitur:
579 3648 736 3716 Disputatio
765 3647 912 3703 circularis
932 3651 972 3703 ad
989 3653 1049 3705 uu·

128 3733 187 3769 ram
200 3725 306 3770 sextam
318 3718 435 3782 Feriam,
456 3725 482 3771 et
493 3721 602 3771 initium
614 3719 810 3788 disputationis
825 3720 856 3775 in
872 3723 975 3777 infimo
988 3736 1048 3779 mtr-

124 3792 193 3867 giue
210 3794 394 3864 inscriptum:
408 3790 535 3858 hisso,
548 3791 658 3860 retiuus
672 3790 867 3860 omittuntur):
