2346 4208
404 256 657 339 Theologietarum.
926 267 988 333 481

69 466 169 519 turum
192 457 411 540 prospicimus,
444 457 548 519 uthis
569 457 653 519 brevi
676 457 770 538 plena
792 457 854 518 sint
886 459 991 520 omnis

68 561 132 603 non
163 542 262 604 solum
285 540 543 621 Lutheranorum,
574 541 927 622 Oooolampadiauorum
960 549 992 604 et

67 624 358 705 Anabaptistarum,
383 623 437 684 sed
459 625 587 686 istorum
611 625 719 703 etiam,
744 625 796 705 qui
817 645 915 705 nuper
936 625 991 686 sd·

67 709 130 768 huc
162 708 299 769 obscuris
327 707 503 769 nominibus
533 727 690 790 emergere
720 715 902 789 coeperunt,
933 727 992 770 nec

67 790 129 850 dici
150 797 269 871 potest,
302 797 417 870 quanto
449 791 550 852 studio
574 796 737 852 teneantur
758 791 845 851 multi
869 792 991 853 clancu-

68 873 131 934 lum
155 880 292 934 monstra
314 875 374 934 ista
396 873 509 935 alendi.

150 956 253 1032 Quare
273 976 329 1038 pro
354 956 474 1035 officio,
509 957 592 1036 quod
624 959 656 1018 in
679 957 812 1019 ecclesie
832 958 891 1017 Dei
913 959 990 1039 geri-

67 1060 153 1119 mus,
182 1041 283 1110 verbis
315 1040 421 1120 paucis
455 1041 610 1120 complexi
630 1061 735 1101 sumus
757 1040 903 1102 articulos
926 1059 990 1102 cer-

66 1121 117 1183 to's
139 1122 335 1204 dogmatum,
360 1141 440 1202 quae
462 1130 589 1204 propter
610 1123 756 1185 haereses
779 1123 876 1184 dictas
900 1124 990 1186 valde

67 1201 195 1287 eirpedit
215 1207 276 1266 hoc
300 1213 438 1286 tempore
460 1225 479 1267 a
500 1206 590 1267 bonis
613 1213 644 1268 et
674 1207 847 1268 catholicis.
866 1208 989 1269 concio-

66 1289 225 1349 natoribus
248 1288 364 1370 populo
400 1296 489 1363 (nam
511 1290 619 1370 populi
641 1309 735 1351 causa
759 1308 886 1370 operam
910 1291 990 1351 hauc

66 1373 275 1452 suscepimus)
302 1374 432 1452 exponi,
462 1371 656 1453 fideliterque
686 1379 718 1434 et
745 1372 990 1454 diligenter'ex·

66 1455 191 1534 plicarir,
232 1473 309 1533 quos
340 1454 461 1534 quidem
497 1456 642 1517 articulos
681 1454 849 1536 aliquando
880 1458 988 1536 fusius,

65 1537 223 1617 pauloque
245 1539 335 1598 altius
357 1538 496 1618 repetitis
524 1540 682 1619 principiis
717 1539 865 1619 ampliare
896 1558 989 1620 expo·

66 1640 202 1700 uereque
224 1622 442 1701 potuissemus,
467 1641 572 1682 verum
594 1622 656 1683 hoc
672 1623 879 1695 necessarium
899 1623 989 1684 uobis

65 1705 163 1764 visum
186 1723 247 1765 nou
272 1711 328 1782 est,
352 1705 509 1783 quinimo
532 1705 635 1766 utilius
656 1705 723 1766 fore
745 1704 940 1785 credidimus,
963 1707 989 1766 si

66 1807 159 1866 quam
177 1787 404 1867 simplicissime
421 1795 678 1870 proponerentur,
698 1787 739 1849 ad
757 1793 879 1870 captum
895 1790 988 1850 etiam

64 1871 370 1950 imperitissimorum.

372 2071 527 2132 Articulus
549 2072 675 2153 primus.

152 2193 179 2252 1.
203 2189 398 2252 Credendum
421 2196 468 2250 est
490 2196 609 2270 septem
632 2208 701 2250 esse
722 2189 873 2250 ecclesiae
889 2206 989 2248 sacra·

67 2280 171 2334 menta
210 2294 229 2333 a
259 2273 381 2334 Ohristo
409 2274 561 2351 instituta,
595 2292 674 2352 quae
703 2279 775 2333 sunt
808 2272 988 2352 baptismus,

66 2355 271 2433 confirmatio,
295 2356 489 2434 eucharistie,
504 2357 705 2436 poenitentia,
721 2364 861 2417 extrema
873 2356 987 2432 unctio,

65 2439 142 2502 ordo
173 2446 203 2499 et
230 2439 473 2500 matrimonium:
504 2457 560 2518 per
592 2458 672 2517 quae
700 2439 838 2518 quamvis
861 2444 989 2498 externe

64 2531 96 2585 et
117 2523 292 2603 corporalia
312 2522 402 2602 signe
424 2521 508 2582 Deus
523 2521 744 2601 invisibiliter,
763 2522 829 2582 sive
856 2539 913 2601 per
933 2520 986 2582 bo·

63 2626 138 2687 nos,
168 2607 237 2666 sive
271 2625 325 2686 per
355 2604 453 2666 malos
485 2604 659 2683 ministros,
690 2611 827 2666 nostram
855 2604 986 2665 salutem

63 2708 82 2752 o
107 2695 240 2752 ersus*

84 2710 103 2771 p
147 2774 176 2834 2.
198 2772 373 2852 Baptismus
395 2769 587 2831 adsalutem
612 2770 755 2831 omnibus
777 2776 825 2831 est
844 2787 986 2831 necessa·

62 2857 134 2936 rius,
158 2857 252 2916 etiam
273 2853 450 2932 infantibus,
472 2872 640 2934 perquem
663 2860 793 2934 peccata
814 2854 908 2936 plene
930 2854 987 2914 tol·

63 2941 181 3017 luntur,
204 2945 235 2999 et
266 2937 343 2998 fiunt
363 2936 418 2997 filii
438 2937 496 2998 Dei
515 2955 555 2998 ec
576 2937 705 2999 heredes
728 2939 810 2998 vitae
831 2944 986 3016 aeternae,

63 3042 124 3084 nco
144 3040 277 3102 unquam
301 3028 349 3081 est
367 3019 535 3082 iterandus.

144 3108 172 3170 3.
201 3105 413 3166 Paenitentiee
436 3109 661 3165 sacramentum
686 3101 790 3186 (quod
811 3110 884 3184 post
911 3103 983 3183 bap·

59 3189 184 3249 tismum
210 3189 351 3250 omnibus
380 3187 510 3268 relapsis
539 3194 588 3248 eet
616 3186 656 3248 ed
685 3187 816 3249 salutem
843 3205 985 3248 necessa-

58 3273 155 3350 rium)
191 3271 405 3352 complectitur
433 3272 668 3351 contritionem,
697 3270 924 3333 confessionem
953 3277 984 3330 et

59 3355 313 3416 satisfactionem.

142 3439 171 3500 4.
195 3437 345 3498 Ocnuitio
370 3442 417 3496 cst
440 3435 530 3497 dolor
558 3435 598 3497 de
619 3436 756 3516 peccatis
778 3442 906 3517 propter
926 3436 983 3497 Dei

58 3519 209 3583 offensam
243 3526 403 3599 susceptus
441 3538 510 3578 cum
552 3520 714 3600 proposito
751 3518 918 3580 confitendi
953 3526 985 3580 et

56 3604 283 3681 satisfaciendi,
319 3623 382 3663 non
413 3608 515 3662 autem
553 3600 605 3685 (ut
632 3601 754 3681 quidam
786 3603 847 3663 hoc
875 3602 981 3663 seculo

57 3688 234 3768 perniciose
257 3684 389 3768 docent)
414 3692 513 3746 terror
535 3686 744 3749 conscientiae
775 3692 902 3766 propter
930 3706 982 3767 ap-

56 3771 243 3852 prehensum
266 3770 429 3851 gehennae
450 3769 636 3850 supplicium
660 3771 799 3850 peccatis
832 3768 980 3848 debitum,

82 3884 175 3929 liutheri
191 3899 242 3938 opp.
257 3889 282 3931 V·
297 3888 324 3928 A.
338 3888 368 3929 ad
381 3887 422 3929 ret.
435 3887 486 3929 hlet-
499 3888 515 3928 Ι.
527 3898 550 3938 p.
564 3887 614 3930 Vol.
627 3887 665 3930 tv.
839 3853 877 3916 31
