2346 4208
324 272 436 329 ¹sessus
453 273 490 327 n.
510 273 585 327 uass
605 272 739 328 susem
871 334 874 353 ἱ
937 267 979 337 27

55 458 197 540 pisssl),
237 459 384 519 etsi'non
416 477 526 519 omnes
555 458 711 519 molossos
735 476 793 518 neo
814 457 927 519 veltres
947 458 978 519 in
1064 506 1073 521 t

57 548 127 603 eum
151 543 323 620 emiserim,
345 544 443 621 prime
465 543 590 602 venetio
613 547 669 620 est,
691 541 799 601 sdlruo
813 547 901 601 tener
921 548 980 620 est,

57 632 169 686 tenero
190 626 263 685 mihi
286 625 462 686 treotendue
484 626 540 685 fult
527 631 636 703 tours,
658 635 691 686 et
707 625 769 687 elio
793 630 933 704 tempore
946 626 980 686 sl

56 714 177 790 porget,
199 709 250 769 vel
272 708 392 770 albanis
413 708 540 769 osnibus
561 708 769 769 ineeotondus.

141 791 220 850 Esse
239 797 343 852 sutem
358 797 430 871 oupt
430 811 480 851 um
503 791 563 852 hoo
583 791 698 854 indioio
719 789 875 872 probabis,
897 790 981 870 quod

59 875 208 954 deinoeps
231 876 310 936 siout
332 877 487 955 captivum
516 882 547 935 et
572 874 752 936 dilaniatum
782 875 887 951 deset,
924 893 981 936 sue

57 966 171 1055 sponte
185 959 293 1038 sperit,
316 977 395 1039 quoe
416 965 482 1019 toto
496 965 609 1019 venatu
627 958 838 1020 dissimulavit.
860 958 982 1036 Pugnet

57 1043 139 1102 enim
162 1041 309 1102 adversus
330 1060 431 1102 meam
453 1042 715 1121 propositionem,
741 1048 887 1121 tenquom
909 1041 981 1105 hoe

56 1126 195 1199 retieom,
218 1125 373 1204 solvitque
394 1144 478 1185 meos
499 1125 646 1186 rationes.
694 1125 764 1186 Hoo
791 1126 875 1186 enim
894 1143 981 1184 mon

57 1215 155 1270 strum
177 1207 287 1269 oluit'
278 1228 310 1268 m
341 1208 511 1270 viseeribus
551 1208 687 1286 oooulte,
717 1209 789 1269 dum
825 1208 983 1288 fugaretur

58 1298 90 1352 et
112 1299 283 1371 soporetur.
315 1292 482 1352 Versemus
494 1311 568 1372 ergo
581 1293 701 1352 viseers
721 1293 782 1353 ists
804 1298 835 1352 et
857 1308 980 1352 omnem

57 1374 164 1435 timum
186 1375 252 1435 eius
275 1374 483 1452 eonoidemus,
506 1394 545 1436 eo
564 1374 704 1436 detrooto
724 1375 807 1454 pelle
828 1373 978 1435 saorifioe·

58 1479 127 1518 mue
149 1476 218 1518 eum
240 1458 271 1519 in
294 1458 508 1518 holocaustum
528 1458 681 1532 Domino,
704 1458 729 1517 si
751 1458 836 1518 volet
858 1476 939 1520 eum.

142 1541 201 1601 Per
230 1541 410 1601 ooronidem
443 1548 530 1600 surim
561 1541 736 1602 terribiliter
760 1540 981 1601 Meohobseem

60 1630 168 1702 totam,
191 1638 281 1702 quom
305 1623 466 1704 splendide
482 1625 645 1685 Martinum
667 1625 862 1685 hoeretioum'
879 1625 981 1683 trium·

57 1708 295 1788 phet-oseumit
317 1714 418 1768 sutem
442 1709 500 1767 sio:
539 1707 683 1769 Miseram
705 1707 771 1768 iore
794 1706 981 1768 Christiano·

59 1811 126 1851 rum
150 1797 283 1868 sortem,
312 1791 392 1851 siet
413 1790 556 1871 gentibus
579 1798 610 1850 et
630 1789 752 1850 ludaeis
781 1791 822 1850 sit
847 1790 982 1868 inferior,
1021 1829 1024 1834 -

58 1889 139 1953 quos
161 1881 284 1935 oonstet
305 1873 486 1935 secerdotes
509 1892 582 1935 euos
604 1873 669 1933 Diis
691 1873 843 1935 retulisse.

143 1957 226 2017 Ante
247 1957 358 2017 faeiem
378 1957 468 2017 huius
496 1958 652 2037 pigerrimi
687 1957 810 2036 frigoris
846 1957 914 2036 quis
936 1974 984 2014 su-

58 2039 194 2100 stineat?
227 2039 268 2100 Ut
288 2046 390 2119 reptet
410 2041 610 2120 ignavissime
636 2047 699 2100 tum
723 2040 893 2116 sententio,
922 2044 985 2098 tum

58 2123 168 2184 oratio.
214 2122 449 2201 sennenque
478 2123 539 2183 hoo
572 2123 753 2204 syllogismo
782 2124 859 2182 mire
884 2121 984 2182 rheto-

59 2207 124 2266 rioo
149 2205 293 2282 molieris,
317 2207 391 2266 setis
413 2206 571 2286 intelligo,
593 2208 652 2266 nisi
674 2207 753 2267 forte
776 2206 983 2284 suspioionern

59 2288 134 2348 milri
156 2308 257 2367 poros,
280 2290 367 2368 quusi
391 2289 542 2349 ecelesiae
557 2289 733 2351 soosrdotes
747 2308 857 2369 negem
881 2289 985 2349 referri

59 2373 131 2431 Deo
152 2378 315 2451 eooeptos,
344 2372 398 2432 sed
422 2378 454 2432 et
473 2373 553 2432 inter
575 2380 698 2451 gentes,
727 2373 837 2450 oredo,
867 2373 899 2431 in
922 2372 997 2431 uni?

59 2455 157 2514 versis
179 2457 279 2533 poetis
313 2456 372 2515 tuis
406 2474 467 2515 non
490 2456 643 2534 invenies,
683 2457 733 2535 qui
768 2455 865 2535 linget
891 2455 985 2514 fuisse

58 2536 227 2615 aliquando
250 2558 360 2615 unum,
383 2540 448 2599 iure
468 2537 591 2613 divino,
629 2539 763 2598 omniurn
786 2540 879 2599 totius
902 2537 984 2599 orbis

59 2619 254 2680 sacerdotum
280 2621 437 2700 gent-ilium
462 2621 676 2698 monarcham,
709 2641 779 2680 nom
807 2621 888 2680 hono
916 2640 984 2680 sen·

59 2704 188 2764 tentiam
223 2710 254 2764 tu
277 2705 423 2784 intelligis
455 2711 485 2765 et
518 2704 672 2782 eloqueris
711 2723 767 2784 per
807 2702 985 2764 soserdotes

58 2786 124 2851 Diis
147 2795 294 2866 oooeptos
316 2787 438 2864 referri,
460 2806 561 2865 novo,
585 2793 730 2866 quantum
756 2787 857 2864 diseo,
886 2806 984 2866 grem·

60 2871 182 2945 motion,
205 2872 383 2950 praesertim
408 2890 476 2930 oum
499 2876 546 2931 tot
567 2870 681 2949 ubique
702 2871 868 2949 religiones
892 2871 982 2930 etiem

60 2952 119 3013 sibi
140 2960 324 3033 pugnarent,
348 2953 476 3014 testibus
501 2955 595 3014 saeris
618 2954 723 3014 literis.

144 3035 206 3096 Sed
221 3037 301 3096 bene
323 3036 426 3115 habet,
449 3037 532 3115 quod
554 3044 586 3096 tu
609 3039 675 3116 ipse
698 3037 773 3096 nihil
796 3035 934 3110 moraris,
956 3036 983 3095 si

59 3118 260 3198 syllogismus
294 3128 363 3178 tuus
393 3121 425 3179 in
453 3120 513 3180 hoo
545 3127 632 3198 parte
653 3126 783 3180 corruat.
825 3118 888 3179 Itur
910 3125 984 3198 ergit

59 3204 91 3262 in
114 3204 269 3281 antiquam
293 3202 421 3280 silvam,
459 3210 490 3262 et
521 3203 562 3263 od
593 3211 762 3263 extremum
787 3199 860 3261 belli
882 3201 986 3278 denus,

61 3303 174 3364 nempe
202 3285 240 3344 ad
265 3287 437 3360 Aaronem,
473 3305 563 3364 quem
600 3287 759 3365 glor-ioris,
791 3285 852 3344 iom
885 3304 985 3365 paene

59 3369 176 3443 vietor,
210 3370 317 3448 negoti
350 3388 412 3428 non
442 3388 536 3448 posse
568 3389 587 3428 a
608 3370 675 3429 Deo
703 3370 885 3430 institutum.
929 3367 985 3427 Hie

58 3453 264 3530 assumptioni
287 3452 418 3512 nectitur
439 3452 647 3531 subsumptio,
669 3452 700 3512 Si
722 3453 850 3528 veteris,
871 3453 982 3530 inquis,

59 3536 255 3595 instrumenti
278 3534 380 3595 molee
403 3537 525 3615 penitus
548 3536 677 3612 otiosae,
701 3554 738 3595 so
760 3535 884 3595 tandem
900 3534 985 3595 dere·

60 3619 152 3678 liotee
178 3617 257 3697 (tam
281 3617 363 3677 belle
385 3624 415 3677 et
430 3617 521 3679 doute
539 3620 618 3678 inter
631 3618 879 3679 rhetorioandum
891 3618 984 3678 etiem

136 3784 167 3848 1)
187 3783 219 3835 ln
238 3782 281 3837 ed.
303 3785 386 3852 orig:
408 3784 542 3852 coepisse.
