2346 4208
119 253 182 329 102
316 255 476 337 Disputatio
496 259 605 328 Lipsiae
624 259 721 323 habita
739 276 762 311 a.
783 256 848 314 XlX

201 450 279 511 ltem
302 449 504 528 quae1·0‚.si
531 446 675 511 articulus
707 466 769 509 non
793 454 841 509 est
861 447 1046 530 haereticus,

121 533 170 597 rel
198 540 245 593 est
275 533 472 608 temerarius„
508 532 561 599 vel¹
596 530 775 610 seditiosus,
807 532 856 591 vel
878 531 1046 603 offensivus

120 619 238 698 piarunt
271 617 412 693 aurium,
447 620 601 693 utcunque
631 614 749 674 dederit
770 616 961 694 ipse.,pater,
989 617 1049 677 erit

119 701 169 762 vel
191 699 382 780 temerariae,
405 698 455 759 vel
478 697 654 777 seditiosus,
679 697 718 757 de
735 697 856 759 haeresi
874 707 1047 780 suspectus,

120 785 191 865 pias
234 782 396 845 offendens
430 800 520 842 aures
561 788 670 842 contra
711 780 918 862 theologicum
963 783 1048 851 insti·

124 873 232 928 tutum.
727 917 730 921 .
820 919 824 927 ,

203 949 323 1025 Mirum,
346 966 407 1026 quo
431 947 536 1008 colore
558 948 713 1027 pavonico
737 953 828 1008 ornet
848 946 942 1008 verba
964 947 1050 1023 Chri-

121 1035 160 1093 sti
183 1032 291 1092 Matth.
315 1034 364 1096 16.
408 1029 489 1105 Quia
512 1029 649 1090 Christus
673 1049 781 1091 omnes
803 1031 1049 1112 interrogaverat

122 1115 312 1196 discipulos,
348 1121 379 1174 et
406 1115 450 1174 ila
471 1114 579 1174 Petrus
601 1133 656 1192 pro
680 1112 821 1175 omnibus
843 1113 1048 1194 responderis

122 1201 188 1278 quis
211 1199 272 1258 hoc
293 1197 408 1277 negat?
432 1195 493 1257 Sed
517 1195 555 1256 de
578 1215 634 1256 sua
654 1197 753 1265 farina
775 1195 902 1270 addidit,
924 1194 1048 1277 propte

122 1303 176 1343 rea
197 1282 290 1341 Petro
314 1279 344 1360 1)
370 1299 426 1359 pro
451 1298 484 1339 se
509 1289 540 1338 et
563 1279 630 1338 aliis
653 1280 803 1359 apostolis
827 1279 984 1343 dictumr.
1004 1280 1050 1349 'lu

123 1386 156 1427 ss
167 1366 285 1439 Petrus,
309 1368 340 1424 et
361 1362 545 1442 superhaec
567 1370 685 1441 petram
709 1370 779 1439 etc,
803 1362 885 1441 quud
900 1367 1048 1443 tanquam

123 1453 332 1509 commentum
360 1445 565 1507 Lutheranum
594 1465 656 1504 non
691 1447 806 1525 recipio
842 1465 909 1505 cum
933 1447 1048 1509 sanctia

123 1530 280 1592 Patribus·
882 1574 886 1595 ι

205 1614 253 1673 De
276 1611 517 1691 chrysostome,
540 1612 666 1689 mirum,
699 1630 791 1690 quiam
814 1612 888 1672 iacit
908 1612 1048 1685 iniuriam

123 1697 152 1759 S.
176 1696 273 1773 Patri,
303 1696 390 1775 quasi
414 1695 550 1775 legitime
573 1701 604 1753 et
626 1694 793 1755 seeundum
823 1695 947 1755 decreta
968 1695 1049 1759 Com

124 1780 185 1841 cilii
207 1779 315 1840 Niceni
338 1777 428 1838 fuerit
451 1778 624 1852 destitutus,
647 1795 715 1836 cum
732 1778 927 1857 exploratum
949 1779 990 1839 sit
1009 1778 1049 1845 ab

123 1863 257 1924 historiis
280 1868 351 1942 post
372 1860 540 1922 Eusebium
560 1860 807 1935 Antiochenam,
837 1860 930 1921 credo
954 1861 1049 1923 sebia.-

125 1948 285 2023 maticum,
309 1964 377 2005 cum
405 1944 473 2003 aliis
496 1944 586 2004 Rom.
608 1941 748 2003 Pontifici
770 1944 1049 2021 rebellibus,.chri·

76 2056 82 2072 ·
124 2031 242 2091 stianoe
263 2031 430 2108 episcopos
452 2024 547 2085 fuisse
565 2026 721 2105 expulsos,
745 2027 796 2104 qui
816 2046 836 2086 a
851 2026 950 2106 prima
976 2026 1050 2091 se'de

125 2113 275 2192 refugium
298 2115 496 2190 quaerentes,
528 2108 567 2168 ab
600 2110 702 2187 impiis
722 2109 926 2170 schismaticis
948 2106 1048 2191 repril·

125 2215 190 2256 sam
215 2194 297 2274 passi
320 2201 404 2269 sunt,
432 2211 529 2270 usque
559 2191 598 2250 ad
619 2198 761 2270 tempora
781 2192 950 2255 Theodosii
973 2193 1049 2255 chri·

125 2277 303 2346 stianise'mi
332 2276 535 2354 imperatoris.
584 2274 643 2335 Ubi
675 2283 748 2337 tunc
766 2294 769 2299 ·
785 2276 972 2337 schismatici
1001 2277 1050 2339 tri·

124 2363 210 2440 ginta
242 2359 331 2420 annis
360 2358 465 2418 sedem
489 2366 712 2436 occupassent,
747 2358 777 2420 S.
801 2357 969 2439 Gregorius
991 2360 1051 2425 Ne

125 2462 278 2504 nannenus
300 2440 572 2520 Constantinopoli
595 2441 807 2520 episcopatum
832 2443 967 2522 accepit,-
984 2462 1063 2519 non,

126 2527 304 2603 ambitione,
326 2524 382 2584 sed
403 2544 443 2585 ne
466 2525 517 2585 alii
539 2523 725 2585 schismatici
748 2525 956 2586 succederent

209 2609 339 2670 Sanctus
368 2625 442 2668 vero
471 2607 710 2686 chrysostomus
744 2608 855 2668 iniuria
889 2628 945 2687 per
979 2608 1049 2690 Epi·

125 2693 271 2773 phanium
306 2691 429 2771 pulsus,
469 2691 593 2750 Arsatio
629 2689 824 2751 schismatico
870 2691 1051 2753 substitutus

125 2776 214 2836 Rom.
238 2772 395 2834 Pontificis
418 2775 582 2834 autoritate
604 2792 762 2853 regressus
786 2781 841 2834 est.
869 2775 935 2834 Nec
956 2775 1050 2856 valet,

126 2858 208 2936 quod
246 2857 434 2918 reverendus
465 2858 555 2916 Pater
583 2863 656 2915 tunc
687 2857 776 2921 Rom.
806 2856 1004 2927 Pontificem
1020 2865 1051 2921 et

126 2942 256 3002 8000100
279 2940 336 3001 sibi
352 2940 555 3001 adhaerentes
570 2939 783 3018 calumniatur,
806 2941 892 3019 quasi
904 2940 944 3001 de
956 2941 1050 3020 facto,

127 3025 250 3087 nonde
271 3026 336 3084 iure
358 3025 567 3103 processerint
585 3028 692 3082 contra
722 3023 792 3084 illos
825 3023 1050 3087 schismaticos.

126 3108 215 3183 Quod
239 3107 327 3167 nudis
350 3108 411 3166 suis
434 3106 535 3167 verbis
558 3106 609 3181 ait,
632 3111 662 3164 et
685 3112 731 3166 tot
753 3105 893 3185 Sanctus,
916 3109 1051 3168 etiams

127 3191 163 3252 D.
188 3192 277 3251 Patre
299 3189 551 3263 commendatos,
573 3189 714 3248 Romano
733 3188 873 3250 Pontifici
894 3209 957 3250 non
979 3210 1051 3251 con·

126 3276 283 3350 sensisse,
327 3273 408 3333 unde
442 3274 508 3332 sine
548 3289 639 3330 causa
677 3269 706 3332 S.
735 3272 807 3331 illos
840 3274 945 3333 Patres
979 3281 1050 3335 ante

60 3376 63 3383 '
121 3358 209 3419 mille
238 3375 337 3418 annos
366 3357 504 3416 viventes
528 3353 714 3414 reverendus
737 3354 828 3415 Pater
858 3357 919 3417 iem
943 3357 1051 3438 incipit

126 3440 303 3501 ambitionis
325 3439 517 3529 insimulare,
546 3455 647 3514 aquo
671 3438 745 3497 vitiu
769 3457 787 3497 a
810 3444 857 3499 tot
878 3439 991 3501 seculis
1012 3439 1050 3509 ab

127 3526 211 3584 omni
235 3524 367 3583 ecclesia
389 3522 484 3581 habiti
506 3527 577 3579 sunt
598 3519 759 3581 immunes.

513 3662 569 3669 ...-

164 3760 191 3824 1)
209 3759 242 3812 Iu
262 3759 305 3814 ed.
327 3760 411 3827 oria:
429 3759 549 3814 Petrum.
615 3720 618 3745 ξ
