2346 4208
166 255 209 331 80
334 255 490 330 Disputatio
511 259 618 327 Lipsiae
636 259 732 313 hobits
750 276 775 313 a.
797 258 854 312 XIX

53 475 57 483 ¹
121 458 126 465 ·
170 447 229 506 tius
253 445 415 524 ecclesiae,
436 445 497 506 hoc
518 444 651 506 debebat
671 445 802 526 probare
814 447 965 508 Dominus
988 447 1088 509 Pater.

168 528 264 590 Sexta
291 537 391 589 autem
420 527 558 609 synodus
580 547 726 609 expresse
753 531 882 609 primam
904 530 1010 590 sedem
1037 528 1091 593 dat

167 612 328 672 Romanae
360 611 525 688 eeclesiae,
564 630 642 690 quae
664 613 878 674 transsumitur
904 612 984 674 XXD
1020 612 1089 675 dist.

170 693 261 769 Quod
285 701 315 754 et
337 694 398 754 Leo
422 713 503 774 papa
525 702 632 754 contra
655 688 874 775 'imperatorem
897 695 1091 775 Michaelem,

110 843 118 870 Ι
170 786 201 839 et
221 777 256 838 B.
279 776 445 858 Gregorius
478 785 585 838 contra
613 777 785 838 ‚iohannem
808 777 1091 859 Constantinopoli-

120 885 124 893 ·
169 869 274 921 tanum
297 868 328 920 et
350 859 528 920 Mauricium
551 860 766 940 imperatorem
790 859 930 930 obtinuit.

251 942 341 1004 Unde
364 942 425 1003 hoc
446 942 517 1003 loco
532 941 569 1002 fid
592 962 714 1023 quoque
737 944 891 1026 excutiam
912 943 951 1003 de
969 943 1003 1005 B.
1016 943 1091 1005 Gre-

169 1027 267 1106 gorio,
291 1044 381 1105 quem
404 1025 583 1102 itainducii,
606 1033 639 1086 ut
649 1027 812 1106 primatum
834 1027 984 1102 reiecerit,
1006 1026 1090 1106 quod

170 1116 292 1170 constet
314 1127 382 1169 esse
404 1108 616 1183 falsissimum,
639 1127 706 1170 cum
729 1108 878 1189 Platynae
899 1116 1017 1170 tantum
1040 1111 1092 1172 ut-

172 1191 254 1271 bust,
276 1193 326 1271 qui
349 1192 396 1252 sic
419 1191 457 1251 de
480 1190 510 1252 S.
533 1190 684 1270 Gregorio
700 1192 813 1253 scribit.
830 1192 993 1254 Praetereo
1016 1212 1092 1254 vero

171 1294 240 1336 cum
274 1274 434 1335 Johannes
472 1274 706 1355 Constantinnp,
750 1274 944 1356 Episcopus,
986 1274 1092 1337 habita

172 1357 360 1419 Graecorum
384 1356 522 1437 synodo,
545 1358 695 1436 seipsum
718 1360 961 1435 oecumenicum,
982 1356 1013 1419 id
1034 1366 1098 1436 est,

172 1440 375 1502 universalem
398 1439 601 1521 patriarcham
625 1448 768 1518 creasset,
793 1443 963 1503 monuisset
974 1439 1092 1521 Grego-

169 1526 246 1585 rium
268 1522 441 1600 Mauricius,
463 1529 496 1582 ut
516 1521 651 1583 Johanni
674 1522 910 1604 obtemperaret,
932 1514 1093 1604 respondit

173 1606 267 1667 homo
291 1607 461 1667 constantis
483 1606 598 1686 ingenii
621 1614 652 1666 et
663 1604 744 1682 fidei,
767 1613 954 1687 potestatem
975 1606 1092 1688 ligandi

169 1698 261 1768 utque
273 1687 414 1749 solvendi
427 1689 517 1749 Petro
535 1687 687 1768 traditam,
710 1690 837 1770 eiusque
850 1689 1093 1767 successoribus,

170 1792 233 1832 non
256 1773 409 1852 episcopis
432 1771 798 1853 Constantinopolitanis,
820 1772 951 1854 proinde
972 1771 1102 1833 desino·

170 1862 216 1915 ret
236 1855 313 1914 irem
334 1855 392 1914 Dei
415 1856 445 1914 in
468 1873 502 1915 se
525 1855 690 1916 concitare.

252 1937 301 1996 Ex
324 1956 385 2017 quo
408 1937 724 2016 constatGregorium
747 1939 814 1999 sine
835 1938 928 2001 duhio
951 1945 1091 2017 sanctum

174 2028 205 2081 et
226 2019 371 2080 humilem
394 2020 515 2080 Patrem
538 2021 698 2100 primatum
722 2042 784 2082 non
807 2022 906 2083 solum
930 2042 993 2083 non
1015 2021 1092 2083 reie-

172 2104 266 2180 cisse,
302 2103 357 2163 sed
390 2103 481 2162 etism
505 2105 674 2165 asseruisse
694 2113 802 2166 contra
821 2106 1036 2185 imperatorem
1060 2111 1093 2165 et

171 2186 344 2248 Johannem
368 2186 547 2266 episcopum
572 2188 808 2268 Constantinop.
832 2186 875 2268 ¹).
918 2187 1009 2249 Unde
1030 2206 1091 2269 ego

171 2269 245 2330 nolo
274 2276 336 2329 tam
365 2275 472 2329 sancto
495 2270 576 2329 Patri
597 2271 772 2351 imponere,
802 2269 885 2350 quod
906 2268 1093 2333 reverendus

175 2352 275 2431 Peter,
298 2360 331 2412 ut
352 2353 398 2411 sui
424 2353 546 2412 minime
569 2362 726 2430 constans,
749 2352 944 2428 contraria'2)
969 2360 1000 2415 et
1019 2372 1094 2434 pug-

178 2436 283 2495 nantia
306 2434 417 2495 dixerit
439 2433 624 2516 Gregorius,
656 2435 710 2496 sed
733 2435 936 2498 universalem
964 2456 998 2498 se
1025 2455 1096 2497 esse

172 2520 350 2599 episcopum
373 2519 513 2598 negavit,
537 2519 576 2578 sd
599 2539 720 2579 sensum
746 2519 850 2580 datum
872 2521 904 2579 in
926 2521 1027 2600 priore
1050 2517 1093 2581 di·

172 2603 357 2681 sputatione,
381 2610 411 2661 et
432 2608 534 2661 tamen
554 2602 715 2682 primatum
740 2601 878 2664 obtinuit.

211 2732 214 2737 .
257 2683 348 2759 Quod
363 2693 464 2744 autem
488 2704 610 2765 semper
631 2687 688 2746 iste
709 2686 888 2765 fueritmos,
911 2687 1003 2747 etiam
1017 2687 1093 2746 tem-

174 2786 250 2847 pore
273 2767 396 2829 concilii
409 2768 527 2846 Niceni,
551 2762 741 2846 observatus,
763 2767 860 2847 liquet
881 2789 921 2830 ex
936 2768 1094 2849 spissos.

175 2850 338 2931 Augustini
362 2850 667 2931 etOoepiscoporum
691 2851 729 2911 ad
752 2851 965 2912 Innocentium
987 2851 1021 2928 1,
1043 2848 1095 2912 ubi

172 2935 326 3012 inquiunt:
364 2933 493 3008 Quiete
516 2934 666 2995 Dominus
688 2935 806 3015 gratiae
830 2954 904 2997 snae
925 2934 1095 3016 praecipuo

177 3037 303 3078 munere
326 3019 356 3077 in
380 3017 461 3079 Sede
483 3009 842 3097 apostolicscnllocavit,
865 3018 1020 3097 talemque
1041 3035 1094 3087 no-

172 3101 242 3161 stris
267 3100 456 3180 temporibus
476 3101 628 3181 praestitit
649 3101 769 3181 magnis
797 3100 938 3181 periculis
959 3097 1093 3161 infirmo·

173 3203 238 3243 rum
278 3183 481 3245 membrorum
522 3183 643 3261 Christi,
683 3184 870 3264 pastoralem
904 3183 1095 3265 diligentiam

171 3285 355 3346 quaesumus
388 3266 535 3327 adhibere
557 3265 700 3347 digneris.
744 3267 926 3348 Respondet
943 3285 1026 3347 papa
1060 3266 1092 3327 in

174 3349 306 3430 epistola
329 3350 484 3429 sequenti:
516 3349 685 3429 Diligenter
713 3370 787 3432 ergo
811 3359 842 3411 et
863 3369 999 3432 congrue
1020 3367 1095 3431 apo·

389 3527 580 3534 --....--.---
587 3528 593 3532 .-

229 3649 255 3706 lt
274 3647 305 3698 In
324 3645 366 3698 ed.
388 3647 471 3714 orig:
491 3646 683 3712 imperatorem
703 3649 731 3697 et
742 3637 1091 3715 constantinopolitanum

171 3725 267 3771 nostra
285 3716 365 3770 lectio
384 3719 500 3786 repetita
519 3723 561 3769 est
582 3732 617 3767 ex
637 3715 677 3768 ed.
698 3715 758 3769 Jen.
779 3720 806 3767 et
825 3713 979 3769 Loescheri.
1007 3713 1041 3778 2)
1062 3711 1092 3766 In

171 3790 215 3842 ed.
232 3789 293 3842 Jen·
312 3797 340 3841 et
359 3805 402 3859 ap.
422 3788 551 3844 besson:
571 3787 646 3857 quod
664 3788 812 3841 contraria.
882 3842 885 3847 ,

677 4048 695 4090 δ
