2346 4208
187 242 251 307 434
431 245 477 297 llL
497 243 604 299 Οοιάο
622 244 657 297 dc
674 246 853 298 malcesium

274 433 375 512 Atque
404 432 454 491 hic
482 433 605 512 quidem
636 453 725 493 verus
756 434 939 495 sacramenti
962 441 1114 507 estuans,

189 523 221 577 st
245 515 305 575 hac
333 517 454 576 ratione
482 517 691 577 conscientiae
714 534 776 576 non
800 516 1028 593 excruciantur,
1057 515 1113 577 sed

189 601 356 679 eriguntur,
378 607 410 658 et
432 600 677 660 consolationem
701 600 866 679 accipiunt
900 599 1007 677 Neque
1030 600 1111 658 enim

188 682 296 743 aDeo
318 684 488 742 institutum
511 691 560 744 est
572 689 808 760 sacramentum,
830 692 864 742 ut
879 701 936 742 cen
959 701 1111 743 venenum

178 773 244 825 aut
266 785 340 825 crux
369 765 518 843 quaedam
550 774 649 843 esset,
676 785 757 844 qnae
785 774 931 825 terrorem
960 765 1113 825 mentibus

189 850 353 924 incuteret,
384 867 463 926 quae
494 849 600 928 opinio
623 850 780 928 superiore
802 849 909 909 seculo
932 868 950 908 a
971 849 1111 908 Doctori-

188 932 245 992 bus
274 932 377 1010 impiis
399 933 429 990 in
454 933 563 1012 vulgus
586 952 707 1011 sparsa,
736 934 852 1011 passim
874 933 972 991 tenuit
993 949 1111 994 omncs.

187 1013 240 1074 Sic
268 1015 347 1073 enim
378 1014 561 1094 docuerunt,
592 1021 625 1075 ut
647 1035 703 1076 nos
726 1023 862 1078 nostram
885 1015 1031 1074 iustitiam
1054 1033 1111 1074 ceu

188 1098 320 1156 hostiam
337 1097 404 1156 Deo
427 1097 617 1176 offerremus,
640 1100 754 1159 factum
776 1107 877 1158 autem
899 1097 973 1157 inde
994 1105 1057 1173 est,
1080 1105 1112 1156 nt

188 1200 227 1241 ea
251 1181 362 1255 verbo,
395 1199 479 1258 quae·
500 1181 592 1260 plena
622 1182 845 1242 consolationis
874 1189 906 1241 et
927 1182 1008 1240 vitae
1030 1188 1110 1254 sunt,

189 1263 297 1341 quibus
316 1265 527 1325 conscientiae
547 1267 703 1344 eriguntur
726 1273 756 1325 et
777 1263 1005 1342 confirmantur,
1027 1282 1110 1343 pror·

188 1366 239 1406 sus
254 1355 433 1425 contempta
445 1356 477 1407 et
490 1350 599 1427 ignota
615 1349 772 1410 iacuerint.
806 1349 918 1408 Verum
942 1349 988 1407 sio
1009 1348 1110 1425 potius

189 1430 352 1509 oportebat
381 1429 461 1507 lieri,
491 1440 524 1490 ut
551 1433 749 1506 sentiremus,
781 1433 812 1490 in
833 1431 895 1490 hoc
916 1439 1109 1490 sacramento

180 1511 262 1583 -uihil
290 1532 373 1591 esse,
403 1533 493 1592 quam
517 1533 666 1575 summam
688 1516 836 1593 gratiam,
863 1513 1109 1574 consolationem

188 1603 219 1656 et
241 1596 332 1655 vitam
355 1603 522 1657 aeternam.

178 1713 182 1721 ·
271 1679 556 1746 Praesentissimnm
588 1689 702 1739 autem
721 1700 871 1740 venenum
901 1681 937 1739 iis
965 1687 1028 1755 est,
1058 1681 1109 1757 qni

188 1771 304 1823 temere
321 1763 352 1823 id
374 1765 553 1842 suscipiunt,
576 1765 627 1841 qui
648 1763 764 1823 nullum
786 1763 1004 1840 infirmitatem,
1026 1761 1111 1821 nulla

188 1848 275 1923 vitia,
303 1846 418 1905 nnllam
441 1854 599 1926 urgentem
624 1848 840 1906 necessitatem
864 1848 1016 1920 sentiunt,
1044 1865 1109 1925 per-

187 1929 259 1988 inde
274 1938 365 2007 atque
390 1931 415 1988 si
438 1931 498 1988 iam
522 1936 594 1988 ante
617 1931 686 2010 puri
707 1939 739 1989 et
759 1931 830 1989 iusti
854 1936 966 1990 essent.
998 1929 1110 2008 Requi-

187 2013 226 2072 rit
254 2014 335 2072 enim
364 2013 424 2071 hoc
452 2021 676 2072 sacramentum
706 2013 862 2075 hominem
890 2020 1110 2092 agnoscentem

176 2096 262 2169 'vitia
278 2115 344 2172 sua,
367 2097 478 2173 quique
497 2095 610 2173 videat,
633 2114 724 2174 qnam
748 2096 842 2176 longe
860 2117 879 2155 a
901 2115 975 2156 vera
995 2097 1112 2158 iustitia

187 2178 282 2254 absit,
306 2189 336 2237 et
359 2181 461 2256 cupiat
483 2187 584 2239 tamen
607 2179 775 2239 iustificari.
820 2180 920 2258 Caput
941 2180 1111 2258 igiturest,

189 2262 302 2320 sentire
330 2270 508 2340 peccatum,
536 2264 675 2341 quamvis
703 2265 783 2323 enim
813 2271 973 2341 peccatum
1003 2283 1111 2324 omnes

188 2352 339 2422 quotquot
366 2347 494 2404 vivimus
518 2345 703 2423 habeamus,
736 2365 800 2406 non
824 2354 927 2406 tamen
949 2364 1059 2408 omnes
1081 2346 1111 2406 id

187 2428 394 2506 agnoscimus.
1063 2494 1064 2498 Ἰ

198 2532 201 2537 ’
271 2510 357 2569 Haec
377 2513 437 2570 iam
460 2510 630 2587 sufficiant,
653 2519 686 2572 ut
708 2514 803 2591 scias,
826 2513 983 2591 quomodo
1007 2521 1037 2572 te
1059 2533 1111 2592 pa-

187 2601 285 2653 ratum
308 2613 376 2654 esse
399 2596 575 2672 conveniat,
597 2614 665 2655 cum
691 2595 751 2654 hoo
774 2604 999 2656 sacramentum
1022 2596 1110 2656 voles

187 2679 353 2756 suscipere,
378 2688 409 2736 ut
431 2676 549 2737 scilicet
574 2677 667 2740 fidem
691 2687 774 2738 tuum
796 2679 843 2738 his
868 2679 978 2756 verbis,
1001 2679 1110 2758 quibus

187 2761 247 2821 lroc
261 2771 485 2821 sacramentum
503 2762 633 2821 instituit
647 2761 795 2839 Christus,
818 2782 965 2822 exerceas
977 2770 1019 2831 ,el
1040 2781 1110 2823 con-

187 2842 305 2917 firmes,
339 2863 376 2903 ac
408 2846 523 2904 sentias
557 2865 630 2904 vere
665 2864 721 2924 pro
755 2852 785 2904 te
819 2846 960 2906 traditum
998 2864 1111 2924 corpus

188 2926 314 3007 Christi,
345 2934 376 2986 et
405 2947 477 2986 vere
509 2947 563 3006 pro
595 2930 653 2987 tuis
684 2930 820 3007 peccatis
848 2927 976 2990 effusum
1000 2928 1111 2989 Christi

187 3013 384 3090 sanguinem,
414 3030 492 3089 quae
521 3011 615 3071 verba
643 3012 725 3071 clare
754 3011 937 3090 ostendunt,
969 3012 1110 3090 quisnam

188 3112 277 3154 varus
306 3097 491 3154 sacramenti
519 3096 558 3154 sit
585 3113 672 3172 usus,
703 3102 733 3155 et
755 3094 827 3174 quid
849 3096 939 3155 nobis
962 3095 1111 3171 conferat,

187 3179 212 3238 si
234 3177 264 3237 id
287 3179 499 3257 suscipiamus.

271 3261 413 3340 Sequitur
428 3264 489 3320 iam
511 3262 651 3338 alterum,
674 3262 756 3339 quod
780 3282 820 3321 ex
842 3263 944 3342 priore
965 3261 1030 3337 illo,
1055 3280 1111 3320 cen

187 3365 226 3404 ex
250 3346 352 3422 sonte,
383 3352 502 3420 manat,
521 3344 706 3405 Christiana
728 3345 846 3406 scilicet
867 3347 996 3423 caritas,
1026 3345 1112 3405 cuius

187 3447 310 3507 quoque
344 3448 486 3508 magnam
520 3429 665 3488 convenit
700 3448 769 3489 esse
797 3448 918 3506 curam,
952 3447 1021 3488 nam
1052 3429 1113 3488 hoc

187 3512 270 3572 Deus
294 3532 314 3572 a
334 3511 423 3571 uobis
446 3513 556 3591 exigit,
585 3520 619 3571 ut
644 3512 777 3591 fructus,
808 3531 885 3592 quos
909 3531 966 3572 nos
988 3532 1028 3571 ex
1050 3511 1112 3572 hoc

167 3602 381 3655 ¹sacramanto
405 3598 558 3675 capimus,
590 3614 645 3654 ceu
669 3594 773 3656 lumen
797 3595 951 3674 quoddam
976 3595 1111 3669 luceant,

187 3685 219 3739 et
247 3686 280 3738 ut
308 3688 457 3758 appareat
485 3678 642 3757 omnibus,
676 3699 733 3739 nos
763 3699 836 3744 ,cum
865 3678 968 3757 aliquo
1003 3685 1110 3738 nostro

186 3761 283 3821 fructu
298 3762 359 3822 hoc
372 3771 566 3826 sacramento
582 3781 651 3824 esse
674 3777 757 3826 usos.
787 3763 819 3823 Is
840 3770 942 3823 autem
964 3770 1013 3823 est
1033 3761 1111 3823 fruc-
