2346 4208
501 258 537 313 ad
556 259 674 315 Leonem
694 260 726 316 Χ.
990 259 1053 327 217

125 456 295 520 personam
314 438 486 513 honorem,
519 439 550 493 ot
582 432 676 492 literis
698 431 875 494 humilitatis
906 451 1052 496 excusem

124 523 338 584 innocentiam
354 528 385 582 et
406 527 488 582 tuam
513 524 675 595 etmeam,
699 535 767 577 esse
780 515 880 576 adhuc
901 536 966 577 rem
988 537 1052 580 non

125 607 159 667 in
182 611 321 667 extremo
352 594 577 684 desperationis
604 599 691 676 loco,
721 601 746 659 si
769 599 831 661 Leo
854 600 890 664 X.
913 620 969 680 pro
998 619 1053 662 sua

129 689 239 750 innata
259 689 398 751 bonitate
428 705 550 748 manum
574 683 764 745 admoveret.
806 682 863 744 Hie
886 703 969 765 ego,
1002 686 1054 765 qui

123 790 256 851 semper
277 790 386 853 paoem
409 777 440 830 et
461 768 558 832 obtuli
581 773 612 826 et
634 769 757 847 optavi,
780 775 814 827 ut
834 767 1053 847 placidioribus

126 862 159 917 et
181 855 352 917 utilioribus
366 849 474 915 studiis
485 852 674 928 inservirem,
698 870 765 910 cum
779 856 810 911 et
830 851 861 910 in
874 851 935 913 boo
952 851 1053 931 ipsum

127 944 217 999 tanto
240 938 347 1018 spiritu
369 939 426 998 sim
440 935 648 1012 tumultuatus,
671 941 702 994 ut
715 953 780 1015 eos,
804 935 965 1013 quosmihi
988 935 1053 996 lon-

127 1021 257 1102 gissime
278 1021 412 1102 impares
435 1038 504 1081 esse
526 1017 686 1096 videbam,
715 1017 924 1099 magnitudine
946 1024 978 1080 et
997 1019 1066 1082 im·.

129 1109 205 1184 petu
228 1111 289 1164 tam
313 1105 475 1167 verborum
497 1121 586 1182 qnam
610 1101 704 1161 animi
727 1119 967 1181 compescerem,
990 1121 1053 1162 non

128 1186 225 1248 modo
248 1187 347 1248 libens
370 1190 458 1263 cessi,
481 1184 536 1246 sed
558 1191 668 1245 etcum
691 1184 805 1263 gaudio
828 1190 859 1244 et
869 1184 1054 1265 gratitudine

126 1270 289 1350 acceptavi
330 1277 363 1331 ut
400 1269 605 1351 gratissimum
642 1266 841 1346 beneficium,
874 1269 899 1328 si
928 1268 1053 1349 dignum

128 1354 223 1415 iuuerit
243 1354 308 1433 spei
330 1360 456 1416 nostrae
478 1351 663 1429 satisfacere.

218 1436 264 1497 lta
285 1439 387 1516 venie,
408 1435 586 1499 beatissime
598 1435 698 1511 Pater,
720 1440 751 1493 et
762 1433 862 1494 adhuc
883 1441 1054 1514 prostratus

125 1538 217 1600 rogo,
237 1520 262 1579 si
274 1519 339 1580 lieri
352 1525 465 1600 potest,
489 1517 776 1597 manunssapponas,
799 1523 831 1577 et
844 1516 1054 1579 adulatoribus

125 1603 210 1679 istis,
239 1603 323 1682 pacis
345 1603 501 1679 hostibus,
531 1601 602 1661 dum
626 1619 734 1680 pacem
756 1599 915 1678 simulant,
936 1601 1055 1661 frenum

124 1685 255 1750 indicias.
298 1685 394 1747 Porro
423 1685 611 1767 palinodiam
645 1691 678 1744 ut
716 1702 842 1760 canam,
878 1683 1054 1745 beatissime

125 1768 235 1846 Pater,
264 1787 326 1830 non
350 1775 413 1849 est,
448 1767 530 1849 quod
553 1768 631 1828 ullus
656 1778 844 1847 praesumat,
878 1767 936 1826 nisi
969 1767 1056 1827 malit

124 1850 227 1912 adhuc
265 1852 382 1913 maiore
415 1852 535 1913 turbine
568 1869 692 1911 causam
724 1851 891 1913 involvere.
934 1849 1054 1910 Deinde

126 1935 215 2015 leges
236 1935 457 2015 interpretandi
479 1933 564 1995 verbi
578 1935 635 1994 Dei
656 1953 720 1996 non
742 1937 852 2014 patior,
875 1951 944 1993 curn
966 1951 1054 2012 opor-

127 2023 194 2078 teat
216 2017 344 2078 verbum
366 2019 425 2079 Dei
448 2036 600 2079 essenon
624 2016 799 2098 alligatum,
829 2015 910 2099 qnod
934 2016 1055 2078 liberta·

123 2107 189 2162 tem
219 2099 310 2161 docet
341 2104 476 2162 omnium
505 2101 643 2162 aliorum.
687 2101 740 2162 His
768 2102 886 2164 duobus
914 2099 1050 2176 salvis1)
1102 2157 1104 2161 .

123 2181 201 2243 nihil
225 2190 280 2259 est,
303 2184 385 2262 quod
408 2184 592 2245 nonfacere
615 2192 645 2244 et
664 2186 727 2264 pati
749 2187 875 2265 possim,
894 2203 935 2251 ,ac
958 2184 1052 2244 liben-

124 2268 244 2327 tissime
263 2267 364 2346 velim,
379 2269 595 2329 contentiones
610 2267 671 2344 odi,
695 2271 848 2329 neminem
863 2265 1052 2350 provocabo,

121 2348 180 2411 sed
203 2351 369 2430 provocari
391 2370 494 2411 rursus
517 2351 809 2430 nolo,p1·ovocatus
832 2359 945 2429 autern,
969 2351 1052 2433 Obri-

127 2440 177 2492 sto
201 2434 365 2513 magistro,
394 2434 524 2514 elinguis
559 2452 622 2494 non
658 2453 721 2494 ero.
764 2435 880 2496 Poterit
913 2435 993 2494 enim
1016 2435 1051 2494 T.
1096 2451 1097 2454 ’

125 2515 160 2585 Β,
184 2514 269 2576 brevi
302 2523 333 2576 et
354 2517 436 2577 facili
469 2516 565 2576 verbo
590 2517 838 2578 contentionibus
867 2518 934 2578 istis
957 2517 995 2577 ad
1018 2537 1052 2578 se

123 2599 245 2658 vocatis
279 2606 310 2660 et
337 2601 496 2660 exstinctis
514 2599 669 2659 silentium
707 2613 745 2659 et*
768 2620 876 2679 pacem
911 2602 1052 2679 utrinque

126 2680 293 2759 mandare,
314 2683 344 2743 id
368 2683 450 2762 quod
473 2701 595 2762 semper
618 2681 722 2743 audire
745 2683 926 2744 desideravi.

208 2764 351 2844 Proinde,
374 2767 416 2825 mi
438 2765 500 2826 Leo
523 2772 625 2845 pater,
655 2784 732 2826 cave
755 2765 878 2827 Sirenas
901 2768 978 2826 istos
1000 2786 1051 2827 au·

122 2846 201 2926 dias,
223 2849 275 2927 qui
297 2855 329 2909 te
349 2868 412 2909 uon
436 2868 543 2929 purum
564 2848 739 2927 hominem,
763 2850 817 2910 sed
841 2851 968 2909 mixtum
991 2850 1049 2911 Do·

123 2950 177 2990 um
199 2929 330 3012 faciunt,
365 2938 397 2992 ut
420 2933 546 3011 quaevis
568 2931 715 2992 mandare
738 2940 769 2993 et
790 2934 916 3014 exigere
937 2934 1049 3011 possis.

122 3012 198 3076 Non
221 3011 275 3074 fiet
290 3015 343 3095 ita,
365 3033 424 3076 nco
444 3015 646 3095 praevalebis.
691 3015 802 3078 Servus
825 3035 982 3077 servorum
1006 3035 1050 3094 es,

122 3102 156 3157 et
177 3115 252 3176 prae
274 3098 415 3159 omnibus
428 3098 601 3161 hominibus
614 3100 784 3161 miserrimo
808 3107 839 3161 et
857 3100 1050 3180 periculosis-

122 3180 203 3240 simo
226 3179 306 3241 loco.
351 3180 421 3242 Non
444 3187 475 3242 te
496 3182 613 3262 fallant,
637 3184 687 3262 qui
710 3190 740 3244 te
757 3184 920 3244 Dominum
944 3181 1050 3243 mundi

127 3261 258 3343 fingunt,
282 3265 421 3343 quisine
444 3271 496 3325 tua
518 3267 682 3326 autoritate
704 3267 820 3327 nullum
844 3265 1049 3328 Christianum

127 3363 200 3407 esse
223 3346 344 3425 sinunt,
367 3348 418 3427 qui
440 3354 471 3408 te
492 3348 524 3409 in
547 3348 681 3424 coelum,
715 3350 884 3426 infernum,
905 3356 1049 3429 purgato·

125 3429 208 3488 rium
230 3447 325 3509 posse
348 3430 463 3510 aliquid
485 3433 630 3512 garriunt.
672 3431 786 3494 Hostes
809 3434 840 3493 bi
867 3434 910 3493 tui
933 3438 1051 3492 suntet

123 3512 262 3572 animam
285 3515 368 3573 tuam
390 3513 429 3573 ad
457 3514 647 3594 perdendum
671 3523 831 3594 quaerunt,
854 3518 932 3577 sieut
952 3515 1048 3576 Isaiae

178 3699 207 3764 1)
227 3698 259 3753 In
280 3700 324 3756 ed.
344 3704 415 3772 orig.
434 3703 504 3755 haec
521 3705 625 3757 verba:
643 3703 687 3756 his
707 3702 815 3757 duobus
835 3699 931 3771 salvis,
950 3721 1048 3773 paren-

120 3771 210 3826 thesis
229 3773 317 3844 eiguis
337 3773 523 3829 includuntur.
