<?xml version="1.0" encoding="UTF-8"?>
<!DOCTYPE html PUBLIC "-//W3C//DTD XHTML 1.0 Transitional//EN"
    "http://www.w3.org/TR/xhtml1/DTD/xhtml1-transitional.dtd">
<html xmlns="http://www.w3.org/1999/xhtml" xml:lang="en" lang="en">
 <head>
  <title>
</title>
<meta http-equiv="Content-Type" content="text/html;charset=utf-8" />
  <meta name='ocr-system' content='tesseract 3.04.00' />
  <meta name='ocr-capabilities' content='ocr_page ocr_carea ocr_par ocr_line ocrx_word'/>
</head>
<body>
  <div class='ocr_page' id='page_1' title='image "./dmartinilutheri04luthgoog_1013.png"; bbox 0 0 2346 4208; ppageno 0'>
   <div class='ocr_carea' id='block_1_1' title="bbox 180 242 874 320">
    <p class='ocr_par' dir='ltr' id='par_1_1' title="bbox 180 242 874 320">
     <span class='ocr_line' id='line_1_1' title="bbox 180 242 874 320; baseline 0 -13"><span class='ocrx_word' id='word_1_1' title='bbox 180 242 245 317; x_wconf 75' lang='lat'><strong>488</strong></span> <span class='ocrx_word' id='word_1_2' title='bbox 483 245 640 320; x_wconf 67' lang='lat' dir='ltr'><strong>Disputatio</strong></span> <span class='ocrx_word' id='word_1_3' title='bbox 659 247 690 304; x_wconf 80' lang='lat' dir='ltr'><strong>l).</strong></span> <span class='ocrx_word' id='word_1_4' title='bbox 708 247 743 315; x_wconf 77' lang='lat' dir='ltr'><strong>u.</strong></span> <span class='ocrx_word' id='word_1_5' title='bbox 762 249 791 306; x_wconf 81' lang='lat' dir='ltr'><strong>L.</strong></span> <span class='ocrx_word' id='word_1_6' title='bbox 850 298 874 309; x_wconf 86' lang='lat'><strong>..</strong></span> 
     </span>
    </p>
   </div>
   <div class='ocr_carea' id='block_1_2' title="bbox 123 435 1102 1003">
    <p class='ocr_par' dir='ltr' id='par_1_2' title="bbox 123 435 1101 769">
     <span class='ocr_line' id='line_1_2' title="bbox 242 435 1101 517; baseline -0.005 -14"><span class='ocrx_word' id='word_1_7' title='bbox 242 441 292 503; x_wconf 84' lang='lat'><strong>23.</strong></span> <span class='ocrx_word' id='word_1_8' title='bbox 313 438 439 501; x_wconf 76' lang='lat' dir='ltr'><strong>Missam</strong></span> <span class='ocrx_word' id='word_1_9' title='bbox 461 455 532 499; x_wconf 80' lang='lat' dir='ltr'><strong>esse</strong></span> <span class='ocrx_word' id='word_1_10' title='bbox 552 435 746 517; x_wconf 84' lang='lat' dir='ltr'><strong>sacrificium,</strong></span> <span class='ocrx_word' id='word_1_11' title='bbox 769 438 836 499; x_wconf 90' lang='lat' dir='ltr'><strong>sine</strong></span> <span class='ocrx_word' id='word_1_12' title='bbox 851 439 949 500; x_wconf 85' lang='lat' dir='ltr'><strong>verbo</strong></span> <span class='ocrx_word' id='word_1_13' title='bbox 966 438 1101 517; x_wconf 79' lang='lat' dir='ltr'>docetur,</span> 
     </span>
     <span class='ocr_line' id='line_1_3' title="bbox 181 520 1100 602; baseline 0.001 -17"><span class='ocrx_word' id='word_1_14' title='bbox 181 522 306 601; x_wconf 83' lang='lat' dir='ltr'><strong>etquis</strong></span> <span class='ocrx_word' id='word_1_15' title='bbox 327 521 366 582; x_wconf 91' lang='lat' dir='ltr'><strong>de</strong></span> <span class='ocrx_word' id='word_1_16' title='bbox 377 520 541 602; x_wconf 76' lang='lat' dir='ltr'><strong>seripturis</strong></span> <span class='ocrx_word' id='word_1_17' title='bbox 562 521 760 584; x_wconf 75' lang='lat' dir='ltr'><strong>autoritatem</strong></span> <span class='ocrx_word' id='word_1_18' title='bbox 780 541 844 583; x_wconf 90' lang='lat' dir='ltr'><strong>non</strong></span> <span class='ocrx_word' id='word_1_19' title='bbox 868 521 973 599; x_wconf 86' lang='lat' dir='ltr'><strong>habet,</strong></span> <span class='ocrx_word' id='word_1_20' title='bbox 996 521 1100 586; x_wconf 88' lang='lat' dir='ltr'><strong>eadem</strong></span> 
     </span>
     <span class='ocr_line' id='line_1_4' title="bbox 179 603 1101 685; baseline 0.001 -19"><span class='ocrx_word' id='word_1_21' title='bbox 179 605 327 666; x_wconf 72' lang='lat' dir='ltr'><strong>facilitate</strong></span> <span class='ocrx_word' id='word_1_22' title='bbox 359 605 578 682; x_wconf 78' lang='lat' dir='ltr'><strong>contemnitur,</strong></span> <span class='ocrx_word' id='word_1_23' title='bbox 610 622 670 683; x_wconf 90' lang='lat' dir='ltr'><strong>qua</strong></span> <span class='ocrx_word' id='word_1_24' title='bbox 703 603 867 685; x_wconf 89' lang='lat' dir='ltr'><strong>probatur,</strong></span> <span class='ocrx_word' id='word_1_25' title='bbox 903 612 936 666; x_wconf 90' lang='lat' dir='ltr'><strong>ut</strong></span> <span class='ocrx_word' id='word_1_26' title='bbox 964 606 1010 666; x_wconf 87' lang='lat' dir='ltr'><strong>sic</strong></span> <span class='ocrx_word' id='word_1_27' title='bbox 1037 612 1101 667; x_wconf 84' lang='lat' dir='ltr'><strong>utar</strong></span> 
     </span>
     <span class='ocr_line' id='line_1_5' title="bbox 123 687 490 769; baseline -0.011 -18"><span class='ocrx_word' id='word_1_28' title='bbox 123 717 126 723; x_wconf 91' lang='lat'>·</span> <span class='ocrx_word' id='word_1_29' title='bbox 181 687 277 751; x_wconf 85' lang='lat' dir='ltr'><strong>verbo</strong></span> <span class='ocrx_word' id='word_1_30' title='bbox 298 688 490 769; x_wconf 81' lang='lat' dir='ltr'><strong>Hieronymi.</strong></span> 
     </span>
    </p>

    <p class='ocr_par' dir='ltr' id='par_1_3' title="bbox 178 768 1102 1003">
     <span class='ocr_line' id='line_1_6' title="bbox 241 768 1102 850; baseline -0.003 -14"><span class='ocrx_word' id='word_1_31' title='bbox 241 772 291 836; x_wconf 85' lang='grc'><strong>24.</strong></span> <span class='ocrx_word' id='word_1_32' title='bbox 312 771 438 831; x_wconf 84' lang='lat' dir='ltr'><strong>Missam</strong></span> <span class='ocrx_word' id='word_1_33' title='bbox 460 787 516 850; x_wconf 85' lang='lat' dir='ltr'><strong>pro</strong></span> <span class='ocrx_word' id='word_1_34' title='bbox 538 769 690 831; x_wconf 88' lang='lat' dir='ltr'><strong>defunctis</strong></span> <span class='ocrx_word' id='word_1_35' title='bbox 713 768 825 846; x_wconf 85' lang='lat' dir='ltr'><strong>offerri,</strong></span> <span class='ocrx_word' id='word_1_36' title='bbox 847 770 1038 833; x_wconf 86' lang='lat' dir='ltr'><strong>haereticum</strong></span> <span class='ocrx_word' id='word_1_37' title='bbox 1058 783 1102 833; x_wconf 86' lang='lat' dir='ltr'><strong>est</strong></span> 
     </span>
     <span class='ocr_line' id='line_1_7' title="bbox 178 853 1100 934; baseline -0.003 -16"><span class='ocrx_word' id='word_1_38' title='bbox 178 859 212 918; x_wconf 75' lang='lat' dir='ltr'><strong>et</strong></span> <span class='ocrx_word' id='word_1_39' title='bbox 230 853 459 934; x_wconf 85' lang='lat' dir='ltr'><strong>blasphemum,</strong></span> <span class='ocrx_word' id='word_1_40' title='bbox 487 853 709 932; x_wconf 84' lang='lat' dir='ltr'><strong>insigniterque</strong></span> <span class='ocrx_word' id='word_1_41' title='bbox 729 855 875 934; x_wconf 69' lang='lat' dir='ltr'><strong>mentitur</strong></span> <span class='ocrx_word' id='word_1_42' title='bbox 896 855 984 916; x_wconf 87' lang='lat' dir='ltr'><strong>lerna</strong></span> <span class='ocrx_word' id='word_1_43' title='bbox 1004 855 1100 916; x_wconf 87' lang='lat' dir='ltr'><strong>Lova-</strong></span> 
     </span>
     <span class='ocr_line' id='line_1_8' title="bbox 179 934 813 1003; baseline 0.002 -4"><span class='ocrx_word' id='word_1_44' title='bbox 179 938 330 1002; x_wconf 85' lang='lat' dir='ltr'><strong>niensium</strong></span> <span class='ocrx_word' id='word_1_45' title='bbox 353 957 423 999; x_wconf 86' lang='lat' dir='ltr'><strong>esse</strong></span> <span class='ocrx_word' id='word_1_46' title='bbox 435 944 466 996; x_wconf 72' lang='lat' dir='ltr'><strong>&#39;a</strong></span> <span class='ocrx_word' id='word_1_47' title='bbox 486 934 612 1003; x_wconf 71' lang='lat' dir='ltr'><strong>Christo,</strong></span> <span class='ocrx_word' id='word_1_48' title='bbox 630 937 813 1000; x_wconf 86' lang='lat' dir='ltr'><strong>institutam.</strong></span> 
     </span>
    </p>
   </div>
   <div class='ocr_carea' id='block_1_3' title="bbox 177 1035 1102 2180">
    <p class='ocr_par' dir='ltr' id='par_1_4' title="bbox 178 1035 1100 1518">
     <span class='ocr_line' id='line_1_9' title="bbox 241 1035 1099 1116; baseline -0.001 -15"><span class='ocrx_word' id='word_1_49' title='bbox 241 1038 290 1101; x_wconf 80' lang='lat'><strong>25.</strong></span> <span class='ocrx_word' id='word_1_50' title='bbox 318 1037 428 1098; x_wconf 86' lang='lat' dir='ltr'><strong>Mortui</strong></span> <span class='ocrx_word' id='word_1_51' title='bbox 450 1055 513 1098; x_wconf 89' lang='lat' dir='ltr'><strong>uon</strong></span> <span class='ocrx_word' id='word_1_52' title='bbox 536 1035 723 1097; x_wconf 87' lang='lat' dir='ltr'><strong>manducant</strong></span> <span class='ocrx_word' id='word_1_53' title='bbox 744 1042 775 1099; x_wconf 86' lang='lat' dir='ltr'><strong>et</strong></span> <span class='ocrx_word' id='word_1_54' title='bbox 802 1036 926 1116; x_wconf 90' lang='lat' dir='ltr'><strong>bibunt,</strong></span> <span class='ocrx_word' id='word_1_55' title='bbox 962 1057 1031 1098; x_wconf 88' lang='lat' dir='ltr'><strong>cum</strong></span> <span class='ocrx_word' id='word_1_56' title='bbox 1060 1045 1099 1100; x_wconf 90' lang='lat' dir='ltr'><strong>ta·</strong></span> 
     </span>
     <span class='ocr_line' id='line_1_10' title="bbox 178 1118 1100 1183; baseline -0.001 0"><span class='ocrx_word' id='word_1_57' title='bbox 178 1139 249 1183; x_wconf 86' lang='lat' dir='ltr'><strong>men</strong></span> <span class='ocrx_word' id='word_1_58' title='bbox 278 1120 415 1182; x_wconf 76' lang='lat' dir='ltr'><strong>Christus</strong></span> <span class='ocrx_word' id='word_1_59' title='bbox 443 1119 548 1180; x_wconf 90' lang='lat' dir='ltr'><strong>iubeat</strong></span> <span class='ocrx_word' id='word_1_60' title='bbox 574 1118 760 1181; x_wconf 86' lang='lat' dir='ltr'><strong>manducare</strong></span> <span class='ocrx_word' id='word_1_61' title='bbox 791 1124 823 1182; x_wconf 88' lang='lat' dir='ltr'><strong>et</strong></span> <span class='ocrx_word' id='word_1_62' title='bbox 849 1120 958 1183; x_wconf 90' lang='lat' dir='ltr'><strong>bibere</strong></span> <span class='ocrx_word' id='word_1_63' title='bbox 987 1123 1019 1183; x_wconf 90' lang='lat' dir='ltr'><strong>in</strong></span> <span class='ocrx_word' id='word_1_64' title='bbox 1045 1123 1100 1183; x_wconf 87' lang='lat' dir='ltr'><strong>hac</strong></span> 
     </span>
     <span class='ocr_line' id='line_1_11' title="bbox 179 1206 727 1266; baseline 0 0"><span class='ocrx_word' id='word_1_65' title='bbox 179 1206 253 1266; x_wconf 83' lang='lat' dir='ltr'><strong>vita.</strong></span> <span class='ocrx_word' id='word_1_66' title='bbox 724 1243 727 1247; x_wconf 86' lang='lat'><strong>·</strong></span> 
     </span>
     <span class='ocr_line' id='line_1_12' title="bbox 242 1285 1099 1368; baseline 0.002 -22"><span class='ocrx_word' id='word_1_67' title='bbox 242 1289 292 1352; x_wconf 82' lang='grc'><strong>26.</strong></span> <span class='ocrx_word' id='word_1_68' title='bbox 314 1285 379 1347; x_wconf 88' lang='lat' dir='ltr'><strong>Nec</strong></span> <span class='ocrx_word' id='word_1_69' title='bbox 401 1285 432 1349; x_wconf 85' lang='lat' dir='ltr'><strong>S.</strong></span> <span class='ocrx_word' id='word_1_70' title='bbox 455 1285 644 1368; x_wconf 83' lang='lat' dir='ltr'><strong>Augustinus</strong></span> <span class='ocrx_word' id='word_1_71' title='bbox 668 1305 741 1347; x_wconf 90' lang='lat' dir='ltr'><strong>suos</strong></span> <span class='ocrx_word' id='word_1_72' title='bbox 764 1286 860 1354; x_wconf 81' lang='lat' dir='ltr'><strong>libros</strong></span> <span class='ocrx_word' id='word_1_73' title='bbox 882 1287 951 1349; x_wconf 87' lang='lat' dir='ltr'><strong>vult</strong></span> <span class='ocrx_word' id='word_1_74' title='bbox 977 1289 1099 1368; x_wconf 87' lang='lat' dir='ltr'><strong>aequari</strong></span> 
     </span>
     <span class='ocr_line' id='line_1_13' title="bbox 179 1369 1099 1454; baseline 0.001 -22"><span class='ocrx_word' id='word_1_75' title='bbox 179 1372 275 1432; x_wconf 77' lang='lat' dir='ltr'><strong>socna</strong></span> <span class='ocrx_word' id='word_1_76' title='bbox 303 1370 413 1450; x_wconf 88' lang='lat' dir='ltr'><strong>iiteris,</strong></span> <span class='ocrx_word' id='word_1_77' title='bbox 446 1389 504 1430; x_wconf 90' lang='lat' dir='ltr'><strong>nec</strong></span> <span class='ocrx_word' id='word_1_78' title='bbox 533 1370 663 1431; x_wconf 89' lang='lat' dir='ltr'><strong>aliorum</strong></span> <span class='ocrx_word' id='word_1_79' title='bbox 693 1377 746 1430; x_wconf 86' lang='lat' dir='ltr'><strong>aut</strong></span> <span class='ocrx_word' id='word_1_80' title='bbox 774 1389 829 1430; x_wconf 87' lang='lat' dir='ltr'><strong>sua</strong></span> <span class='ocrx_word' id='word_1_81' title='bbox 851 1369 934 1431; x_wconf 89' lang='lat' dir='ltr'><strong>dicta</strong></span> <span class='ocrx_word' id='word_1_82' title='bbox 957 1391 1014 1454; x_wconf 88' lang='lat' dir='ltr'><strong>pro</strong></span> <span class='ocrx_word' id='word_1_83' title='bbox 1038 1373 1099 1433; x_wconf 83' lang='lat' dir='ltr'><strong>arti·</strong></span> 
     </span>
     <span class='ocr_line' id='line_1_14' title="bbox 178 1452 482 1518; baseline 0.01 -3"><span class='ocrx_word' id='word_1_84' title='bbox 178 1454 257 1515; x_wconf 91' lang='lat' dir='ltr'><strong>culis</strong></span> <span class='ocrx_word' id='word_1_85' title='bbox 279 1452 352 1514; x_wconf 83' lang='lat' dir='ltr'><strong>fidei</strong></span> <span class='ocrx_word' id='word_1_86' title='bbox 374 1455 482 1518; x_wconf 86' lang='lat' dir='ltr'><strong>teneri.</strong></span> 
     </span>
    </p>

    <p class='ocr_par' dir='ltr' id='par_1_5' title="bbox 177 1535 1100 1848">
     <span class='ocr_line' id='line_1_15' title="bbox 239 1535 1099 1617; baseline -0.001 -18"><span class='ocrx_word' id='word_1_87' title='bbox 239 1539 289 1600; x_wconf 85' lang='lat'><strong>27.</strong></span> <span class='ocrx_word' id='word_1_88' title='bbox 310 1536 352 1597; x_wconf 80' lang='lat' dir='ltr'><strong>m</strong></span> <span class='ocrx_word' id='word_1_89' title='bbox 372 1535 455 1597; x_wconf 91' lang='lat' dir='ltr'><strong>unde</strong></span> <span class='ocrx_word' id='word_1_90' title='bbox 476 1535 632 1598; x_wconf 86' lang='lat' dir='ltr'><strong>diabolica</strong></span> <span class='ocrx_word' id='word_1_91' title='bbox 652 1537 713 1597; x_wconf 86' lang='lat' dir='ltr'><strong>ista</strong></span> <span class='ocrx_word' id='word_1_92' title='bbox 734 1538 913 1617; x_wconf 83' lang='lat' dir='ltr'><strong>arrogantia</strong></span> <span class='ocrx_word' id='word_1_93' title='bbox 935 1536 1099 1598; x_wconf 87' lang='lat' dir='ltr'><strong>nostrollo-</strong></span> 
     </span>
     <span class='ocr_line' id='line_1_16' title="bbox 178 1619 1099 1701; baseline 0 -21"><span class='ocrx_word' id='word_1_94' title='bbox 178 1637 245 1680; x_wconf 87' lang='lat' dir='ltr'><strong>rum</strong></span> <span class='ocrx_word' id='word_1_95' title='bbox 265 1621 297 1680; x_wconf 90' lang='lat' dir='ltr'><strong>in</strong></span> <span class='ocrx_word' id='word_1_96' title='bbox 319 1619 439 1681; x_wconf 88' lang='lat' dir='ltr'><strong>alienos</strong></span> <span class='ocrx_word' id='word_1_97' title='bbox 467 1619 623 1699; x_wconf 86' lang='lat' dir='ltr'><strong>subditos,</strong></span> <span class='ocrx_word' id='word_1_98' title='bbox 652 1620 772 1680; x_wconf 82' lang='lat' dir='ltr'><strong>seilicet</strong></span> <span class='ocrx_word' id='word_1_99' title='bbox 793 1619 919 1701; x_wconf 81' lang='lat' dir='ltr'><strong>Christi,</strong></span> <span class='ocrx_word' id='word_1_100' title='bbox 954 1627 990 1680; x_wconf 87' lang='lat' dir='ltr'><strong>ut</strong></span> <span class='ocrx_word' id='word_1_101' title='bbox 1015 1620 1099 1682; x_wconf 89' lang='lat' dir='ltr'><strong>nobis</strong></span> 
     </span>
     <span class='ocr_line' id='line_1_17' title="bbox 177 1703 1100 1784; baseline -0.001 -20"><span class='ocrx_word' id='word_1_102' title='bbox 177 1703 336 1764; x_wconf 77' lang='lat' dir='ltr'><strong>hominum</strong></span> <span class='ocrx_word' id='word_1_103' title='bbox 358 1711 389 1765; x_wconf 88' lang='lat' dir='ltr'><strong>et</strong></span> <span class='ocrx_word' id='word_1_104' title='bbox 411 1723 482 1764; x_wconf 82' lang='lat' dir='ltr'><strong>suas</strong></span> <span class='ocrx_word' id='word_1_105' title='bbox 504 1704 667 1783; x_wconf 88' lang='lat' dir='ltr'><strong>opiniones</strong></span> <span class='ocrx_word' id='word_1_106' title='bbox 690 1721 840 1783; x_wconf 69' lang='lat' dir='ltr'><strong>aequare,</strong></span> <span class='ocrx_word' id='word_1_107' title='bbox 862 1705 926 1765; x_wconf 89' lang='lat' dir='ltr'><strong>imo</strong></span> <span class='ocrx_word' id='word_1_108' title='bbox 950 1705 1100 1784; x_wconf 83' lang='lat' dir='ltr'><strong>praeferre</strong></span> 
     </span>
     <span class='ocr_line' id='line_1_18' title="bbox 177 1785 666 1848; baseline -0.002 -1"><span class='ocrx_word' id='word_1_109' title='bbox 177 1786 315 1848; x_wconf 89' lang='lat' dir='ltr'><strong>audeant</strong></span> <span class='ocrx_word' id='word_1_110' title='bbox 336 1787 471 1848; x_wconf 85' lang='lat' dir='ltr'><strong>articulis</strong></span> <span class='ocrx_word' id='word_1_111' title='bbox 492 1785 587 1847; x_wconf 84' lang='lat' dir='ltr'><strong>fidei?</strong></span> <span class='ocrx_word' id='word_1_112' title='bbox 663 1829 666 1838; x_wconf 81' lang='grc'><strong>.</strong></span> 
     </span>
    </p>

    <p class='ocr_par' dir='ltr' id='par_1_6' title="bbox 177 1869 1102 2180">
     <span class='ocr_line' id='line_1_19' title="bbox 241 1869 1099 1935; baseline -0.005 0"><span class='ocrx_word' id='word_1_113' title='bbox 241 1873 290 1935; x_wconf 84' lang='grc'><strong>28.</strong></span> <span class='ocrx_word' id='word_1_114' title='bbox 318 1870 500 1931; x_wconf 89' lang='lat' dir='ltr'><strong>Haereticos</strong></span> <span class='ocrx_word' id='word_1_115' title='bbox 535 1870 615 1930; x_wconf 89' lang='lat' dir='ltr'><strong>serio</strong></span> <span class='ocrx_word' id='word_1_116' title='bbox 653 1887 814 1930; x_wconf 81' lang='lat' dir='ltr'><strong>censemus</strong></span> <span class='ocrx_word' id='word_1_117' title='bbox 850 1874 880 1929; x_wconf 89' lang='lat' dir='ltr'><strong>et</strong></span> <span class='ocrx_word' id='word_1_118' title='bbox 914 1869 1036 1931; x_wconf 90' lang='lat' dir='ltr'><strong>alienos</strong></span> <span class='ocrx_word' id='word_1_119' title='bbox 1064 1869 1099 1931; x_wconf 83' lang='lat' dir='ltr'><strong>ab</strong></span> 
     </span>
     <span class='ocr_line' id='line_1_20' title="bbox 179 1951 1101 2032; baseline -0.002 -18"><span class='ocrx_word' id='word_1_120' title='bbox 179 1953 311 2016; x_wconf 83' lang='lat' dir='ltr'><strong>ecclesia</strong></span> <span class='ocrx_word' id='word_1_121' title='bbox 341 1954 398 2014; x_wconf 91' lang='lat' dir='ltr'><strong>Dei</strong></span> <span class='ocrx_word' id='word_1_122' title='bbox 425 1972 494 2014; x_wconf 85' lang='lat' dir='ltr'><strong>esse</strong></span> <span class='ocrx_word' id='word_1_123' title='bbox 520 1952 700 2032; x_wconf 81' lang='lat' dir='ltr'><strong>Oinglianoa</strong></span> <span class='ocrx_word' id='word_1_124' title='bbox 729 1957 762 2012; x_wconf 87' lang='lat' dir='ltr'><strong>et</strong></span> <span class='ocrx_word' id='word_1_125' title='bbox 791 1970 899 2014; x_wconf 87' lang='lat' dir='ltr'><strong>omnes</strong></span> <span class='ocrx_word' id='word_1_126' title='bbox 923 1951 1101 2014; x_wconf 79' lang='lat' dir='ltr'><strong>Sacramen-</strong></span> 
     </span>
     <span class='ocr_line' id='line_1_21' title="bbox 177 2034 1102 2118; baseline -0.001 -21"><span class='ocrx_word' id='word_1_127' title='bbox 177 2039 283 2114; x_wconf 82' lang='lat' dir='ltr'><strong>tarios,</strong></span> <span class='ocrx_word' id='word_1_128' title='bbox 305 2038 357 2117; x_wconf 87' lang='lat' dir='ltr'><strong>qui</strong></span> <span class='ocrx_word' id='word_1_129' title='bbox 379 2043 496 2118; x_wconf 79' lang='lat' dir='ltr'><strong>negant</strong></span> <span class='ocrx_word' id='word_1_130' title='bbox 517 2054 629 2116; x_wconf 88' lang='lat' dir='ltr'><strong>corpus</strong></span> <span class='ocrx_word' id='word_1_131' title='bbox 651 2041 683 2095; x_wconf 86' lang='lat' dir='ltr'><strong>et</strong></span> <span class='ocrx_word' id='word_1_132' title='bbox 704 2037 886 2116; x_wconf 86' lang='lat' dir='ltr'><strong>sanguinem</strong></span> <span class='ocrx_word' id='word_1_133' title='bbox 915 2034 1030 2097; x_wconf 79' lang='lat' dir='ltr'><strong>Christi</strong></span> <span class='ocrx_word' id='word_1_134' title='bbox 1053 2054 1102 2096; x_wconf 88' lang='lat' dir='ltr'><strong>ore</strong></span> 
     </span>
     <span class='ocr_line' id='line_1_22' title="bbox 181 2118 854 2180; baseline 0 0"><span class='ocrx_word' id='word_1_135' title='bbox 181 2120 297 2180; x_wconf 86' lang='lat' dir='ltr'><strong>carnali</strong></span> <span class='ocrx_word' id='word_1_136' title='bbox 320 2120 397 2180; x_wconf 88' lang='lat' dir='ltr'><strong>sumi</strong></span> <span class='ocrx_word' id='word_1_137' title='bbox 415 2122 445 2180; x_wconf 91' lang='lat' dir='ltr'><strong>in</strong></span> <span class='ocrx_word' id='word_1_138' title='bbox 468 2119 636 2180; x_wconf 81' lang='lat' dir='ltr'><strong>venerabili</strong></span> <span class='ocrx_word' id='word_1_139' title='bbox 658 2118 854 2180; x_wconf 86' lang='lat' dir='ltr'><strong>eucharistia.</strong></span> 
     </span>
    </p>
   </div>
   <div class='ocr_carea' id='block_1_4' title="bbox 121 2223 1103 2803">
    <p class='ocr_par' dir='ltr' id='par_1_7' title="bbox 177 2223 1103 2540">
     <span class='ocr_line' id='line_1_23' title="bbox 243 2223 1103 2304; baseline -0.008 -14"><span class='ocrx_word' id='word_1_140' title='bbox 243 2229 290 2290; x_wconf 86' lang='grc'><strong>29.</strong></span> <span class='ocrx_word' id='word_1_141' title='bbox 320 2225 553 2286; x_wconf 72' lang='lat' dir='ltr'><strong>confutationes</strong></span> <span class='ocrx_word' id='word_1_142' title='bbox 581 2231 684 2284; x_wconf 88' lang='lat' dir='ltr'><strong>tamen</strong></span> <span class='ocrx_word' id='word_1_143' title='bbox 705 2223 945 2286; x_wconf 89' lang='lat' dir='ltr'><strong>Lovaniensium</strong></span> <span class='ocrx_word' id='word_1_144' title='bbox 984 2225 1103 2304; x_wconf 84' lang='lat' dir='ltr'><strong>sangui-</strong></span> 
     </span>
     <span class='ocr_line' id='line_1_24' title="bbox 178 2307 1101 2390; baseline -0.003 -21"><span class='ocrx_word' id='word_1_145' title='bbox 178 2310 284 2369; x_wconf 87' lang='lat' dir='ltr'><strong>nariae</strong></span> <span class='ocrx_word' id='word_1_146' title='bbox 307 2319 337 2368; x_wconf 86' lang='lat' dir='ltr'><strong>et</strong></span> <span class='ocrx_word' id='word_1_147' title='bbox 359 2307 571 2368; x_wconf 82' lang='lat' dir='ltr'><strong>incendiariae</strong></span> <span class='ocrx_word' id='word_1_148' title='bbox 593 2309 748 2387; x_wconf 87' lang='lat' dir='ltr'><strong>pertinent</strong></span> <span class='ocrx_word' id='word_1_149' title='bbox 769 2307 808 2367; x_wconf 89' lang='lat' dir='ltr'><strong>ad</strong></span> <span class='ocrx_word' id='word_1_150' title='bbox 831 2307 1018 2390; x_wconf 87' lang='lat' dir='ltr'><strong>parricidas,</strong></span> <span class='ocrx_word' id='word_1_151' title='bbox 1041 2327 1101 2368; x_wconf 91' lang='lat' dir='ltr'><strong>non</strong></span> 
     </span>
     <span class='ocr_line' id='line_1_25' title="bbox 178 2389 1103 2472; baseline -0.003 -19"><span class='ocrx_word' id='word_1_152' title='bbox 178 2391 216 2454; x_wconf 92' lang='lat' dir='ltr'><strong>ad</strong></span> <span class='ocrx_word' id='word_1_153' title='bbox 234 2391 448 2468; x_wconf 86' lang='lat' dir='ltr'><strong>eruditionem,</strong></span> <span class='ocrx_word' id='word_1_154' title='bbox 471 2409 563 2470; x_wconf 87' lang='lat' dir='ltr'><strong>quarn</strong></span> <span class='ocrx_word' id='word_1_155' title='bbox 575 2392 605 2450; x_wconf 93' lang='lat' dir='ltr'><strong>in</strong></span> <span class='ocrx_word' id='word_1_156' title='bbox 623 2393 717 2450; x_wconf 88' lang='lat' dir='ltr'><strong>sacris</strong></span> <span class='ocrx_word' id='word_1_157' title='bbox 733 2389 828 2451; x_wconf 88' lang='lat' dir='ltr'><strong>literis</strong></span> <span class='ocrx_word' id='word_1_158' title='bbox 844 2410 973 2472; x_wconf 88' lang='lat' dir='ltr'><strong>prorsus</strong></span> <span class='ocrx_word' id='word_1_159' title='bbox 990 2390 1103 2451; x_wconf 89' lang='lat' dir='ltr'><strong>nullam</strong></span> 
     </span>
     <span class='ocr_line' id='line_1_26' title="bbox 177 2475 847 2540; baseline -0.003 -3"><span class='ocrx_word' id='word_1_160' title='bbox 177 2475 303 2540; x_wconf 80' lang='lat' dir='ltr'><strong>habent.</strong></span> <span class='ocrx_word' id='word_1_161' title='bbox 844 2499 847 2502; x_wconf 88' lang='grc'><em>·</em></span> 
     </span>
    </p>

    <p class='ocr_par' dir='ltr' id='par_1_8' title="bbox 121 2556 1103 2803">
     <span class='ocr_line' id='line_1_27' title="bbox 121 2556 1103 2637; baseline -0.008 -13"><span class='ocrx_word' id='word_1_162' title='bbox 121 2617 124 2623; x_wconf 91' lang='grc'><strong>.</strong></span> <span class='ocrx_word' id='word_1_163' title='bbox 241 2562 290 2624; x_wconf 88' lang='grc'><strong>30.</strong></span> <span class='ocrx_word' id='word_1_164' title='bbox 319 2559 436 2635; x_wconf 74' lang='lat' dir='ltr'><strong>Quem,</strong></span> <span class='ocrx_word' id='word_1_165' title='bbox 460 2576 594 2637; x_wconf 79' lang='lat' dir='ltr'><strong>quaese,</strong></span> <span class='ocrx_word' id='word_1_166' title='bbox 617 2556 777 2617; x_wconf 87' lang='lat' dir='ltr'><strong>articulum</strong></span> <span class='ocrx_word' id='word_1_167' title='bbox 800 2556 939 2617; x_wconf 88' lang='lat' dir='ltr'><strong>haeresis</strong></span> <span class='ocrx_word' id='word_1_168' title='bbox 963 2557 1009 2617; x_wconf 94' lang='lat' dir='ltr'><strong>illi</strong></span> <span class='ocrx_word' id='word_1_169' title='bbox 1035 2576 1103 2617; x_wconf 89' lang='lat' dir='ltr'><strong>con·</strong></span> 
     </span>
     <span class='ocr_line' id='line_1_28' title="bbox 177 2639 1103 2722; baseline -0.004 -18"><span class='ocrx_word' id='word_1_170' title='bbox 177 2641 326 2718; x_wconf 79' lang='lat' dir='ltr'><strong>tutarent,</strong></span> <span class='ocrx_word' id='word_1_171' title='bbox 355 2642 405 2722; x_wconf 92' lang='lat' dir='ltr'><strong>qui</strong></span> <span class='ocrx_word' id='word_1_172' title='bbox 435 2641 493 2721; x_wconf 90' lang='lat' dir='ltr'><strong>ipsi</strong></span> <span class='ocrx_word' id='word_1_173' title='bbox 522 2645 593 2699; x_wconf 87' lang='lat' dir='ltr'><strong>sunt</strong></span> <span class='ocrx_word' id='word_1_174' title='bbox 622 2640 705 2719; x_wconf 87' lang='lat' dir='ltr'><strong>pleni</strong></span> <span class='ocrx_word' id='word_1_175' title='bbox 736 2647 767 2699; x_wconf 88' lang='lat' dir='ltr'><strong>et</strong></span> <span class='ocrx_word' id='word_1_176' title='bbox 788 2639 912 2700; x_wconf 87' lang='lat' dir='ltr'><strong>distenti</strong></span> <span class='ocrx_word' id='word_1_177' title='bbox 935 2641 1103 2702; x_wconf 85' lang='lat' dir='ltr'><strong>innumeris</strong></span> 
     </span>
     <span class='ocr_line' id='line_1_29' title="bbox 177 2722 838 2803; baseline -0.008 -17"><span class='ocrx_word' id='word_1_178' title='bbox 177 2725 367 2803; x_wconf 90' lang='lat' dir='ltr'><strong>haeresibus,</strong></span> <span class='ocrx_word' id='word_1_179' title='bbox 389 2723 590 2796; x_wconf 78' lang='lat' dir='ltr'><strong>blasphemiis</strong></span> <span class='ocrx_word' id='word_1_180' title='bbox 614 2730 644 2782; x_wconf 86' lang='lat' dir='ltr'><strong>et</strong></span> <span class='ocrx_word' id='word_1_181' title='bbox 666 2722 838 2782; x_wconf 83' lang='lat' dir='ltr'><strong>idolatriis?</strong></span> 
     </span>
    </p>
   </div>
   <div class='ocr_carea' id='block_1_5' title="bbox 178 2822 1104 3070">
    <p class='ocr_par' dir='ltr' id='par_1_9' title="bbox 178 2822 1104 3070">
     <span class='ocr_line' id='line_1_30' title="bbox 241 2822 1102 2903; baseline -0.008 -14"><span class='ocrx_word' id='word_1_182' title='bbox 241 2829 290 2890; x_wconf 84' lang='grc'><strong>31.</strong></span> <span class='ocrx_word' id='word_1_183' title='bbox 318 2824 439 2887; x_wconf 90' lang='lat' dir='ltr'><strong>Deinde</strong></span> <span class='ocrx_word' id='word_1_184' title='bbox 467 2823 542 2884; x_wconf 88' lang='lat' dir='ltr'><strong>nihil</strong></span> <span class='ocrx_word' id='word_1_185' title='bbox 570 2842 609 2882; x_wconf 85' lang='lat' dir='ltr'><strong>ex</strong></span> <span class='ocrx_word' id='word_1_186' title='bbox 632 2822 811 2903; x_wconf 75' lang='lat' dir='ltr'><strong>ScripturiS,</strong></span> <span class='ocrx_word' id='word_1_187' title='bbox 840 2822 897 2883; x_wconf 90' lang='lat' dir='ltr'><strong>sed</strong></span> <span class='ocrx_word' id='word_1_188' title='bbox 926 2826 1038 2884; x_wconf 89' lang='lat' dir='ltr'><strong>omnia</strong></span> <span class='ocrx_word' id='word_1_189' title='bbox 1067 2844 1102 2884; x_wconf 90' lang='lat' dir='ltr'><strong>ex</strong></span> 
     </span>
     <span class='ocr_line' id='line_1_31' title="bbox 178 2906 1104 2984; baseline 0 -18"><span class='ocrx_word' id='word_1_190' title='bbox 178 2906 326 2969; x_wconf 87' lang='lat' dir='ltr'><strong>doctrinis</strong></span> <span class='ocrx_word' id='word_1_191' title='bbox 349 2908 507 2969; x_wconf 88' lang='lat' dir='ltr'><strong>hominum</strong></span> <span class='ocrx_word' id='word_1_192' title='bbox 537 2911 676 2984; x_wconf 88' lang='lat' dir='ltr'><strong>ructant,</strong></span> <span class='ocrx_word' id='word_1_193' title='bbox 710 2911 837 2966; x_wconf 88' lang='lat' dir='ltr'><strong>vomunt</strong></span> <span class='ocrx_word' id='word_1_194' title='bbox 870 2912 902 2967; x_wconf 87' lang='lat' dir='ltr'><strong>et</strong></span> <span class='ocrx_word' id='word_1_195' title='bbox 932 2915 1049 2968; x_wconf 82' lang='lat' dir='ltr'><strong>uacant</strong></span> <span class='ocrx_word' id='word_1_196' title='bbox 1078 2909 1104 2968; x_wconf 91' lang='lat' dir='ltr'><strong>in</strong></span> 
     </span>
     <span class='ocr_line' id='line_1_32' title="bbox 179 2988 884 3070; baseline 0.004 -21"><span class='ocrx_word' id='word_1_197' title='bbox 179 2991 353 3070; x_wconf 87' lang='lat' dir='ltr'><strong>eeclesiam,</strong></span> <span class='ocrx_word' id='word_1_198' title='bbox 378 3011 440 3052; x_wconf 91' lang='lat' dir='ltr'><strong>non</strong></span> <span class='ocrx_word' id='word_1_199' title='bbox 464 3009 561 3066; x_wconf 88' lang='lat' dir='ltr'><strong>suam,</strong></span> <span class='ocrx_word' id='word_1_200' title='bbox 585 2988 639 3048; x_wconf 90' lang='lat' dir='ltr'><strong>sed</strong></span> <span class='ocrx_word' id='word_1_201' title='bbox 662 2989 719 3049; x_wconf 90' lang='lat' dir='ltr'><strong>Dei</strong></span> <span class='ocrx_word' id='word_1_202' title='bbox 741 2989 884 3052; x_wconf 83' lang='lat' dir='ltr'><strong>viventis.</strong></span> 
     </span>
    </p>
   </div>
   <div class='ocr_carea' id='block_1_6' title="bbox 175 3093 1117 3845">
    <p class='ocr_par' dir='ltr' id='par_1_10' title="bbox 176 3093 1107 3420">
     <span class='ocr_line' id='line_1_33' title="bbox 241 3093 1107 3176; baseline -0.008 -15"><span class='ocrx_word' id='word_1_203' title='bbox 241 3098 290 3161; x_wconf 89' lang='grc'><strong>32.</strong></span> <span class='ocrx_word' id='word_1_204' title='bbox 313 3096 437 3157; x_wconf 86' lang='lat' dir='ltr'><strong>Habent</strong></span> <span class='ocrx_word' id='word_1_205' title='bbox 458 3114 532 3176; x_wconf 83' lang='lat' dir='ltr'><strong>ergo</strong></span> <span class='ocrx_word' id='word_1_206' title='bbox 546 3094 783 3155; x_wconf 89' lang='lat' dir='ltr'><strong>Lovaniensium</strong></span> <span class='ocrx_word' id='word_1_207' title='bbox 806 3093 902 3157; x_wconf 81' lang='lat' dir='ltr'><strong>iuriae</strong></span> <span class='ocrx_word' id='word_1_208' title='bbox 925 3094 1107 3171; x_wconf 89' lang='lat' dir='ltr'><strong>ecclesiam,</strong></span> 
     </span>
     <span class='ocr_line' id='line_1_34' title="bbox 176 3177 1107 3259; baseline -0.001 -20"><span class='ocrx_word' id='word_1_209' title='bbox 176 3179 384 3240; x_wconf 87' lang='lat' dir='ltr'><strong>habitaculum</strong></span> <span class='ocrx_word' id='word_1_210' title='bbox 408 3180 483 3257; x_wconf 88' lang='lat' dir='ltr'><strong>Dei,</strong></span> <span class='ocrx_word' id='word_1_211' title='bbox 512 3197 567 3258; x_wconf 88' lang='lat' dir='ltr'><strong>pro</strong></span> <span class='ocrx_word' id='word_1_212' title='bbox 591 3196 647 3237; x_wconf 87' lang='lat' dir='ltr'><strong>sua</strong></span> <span class='ocrx_word' id='word_1_213' title='bbox 669 3177 791 3254; x_wconf 87' lang='lat' dir='ltr'><strong>cloaca,</strong></span> <span class='ocrx_word' id='word_1_214' title='bbox 820 3178 852 3236; x_wconf 91' lang='lat' dir='ltr'><strong>in</strong></span> <span class='ocrx_word' id='word_1_215' title='bbox 875 3195 989 3255; x_wconf 87' lang='lat' dir='ltr'><strong>quam,</strong></span> <span class='ocrx_word' id='word_1_216' title='bbox 1023 3180 1107 3259; x_wconf 85' lang='lat' dir='ltr'><strong>quasi</strong></span> 
     </span>
     <span class='ocr_line' id='line_1_35' title="bbox 177 3261 1106 3341; baseline 0.001 -20"><span class='ocrx_word' id='word_1_217' title='bbox 177 3261 294 3322; x_wconf 89' lang='lat' dir='ltr'><strong>domini</strong></span> <span class='ocrx_word' id='word_1_218' title='bbox 309 3263 383 3339; x_wconf 90' lang='lat' dir='ltr'><strong>eius,</strong></span> <span class='ocrx_word' id='word_1_219' title='bbox 396 3281 451 3322; x_wconf 89' lang='lat' dir='ltr'><strong>sua</strong></span> <span class='ocrx_word' id='word_1_220' title='bbox 467 3268 607 3322; x_wconf 84' lang='lat' dir='ltr'><strong>stercora</strong></span> <span class='ocrx_word' id='word_1_221' title='bbox 620 3266 756 3339; x_wconf 85' lang='lat' dir='ltr'><strong>egerant,</strong></span> <span class='ocrx_word' id='word_1_222' title='bbox 778 3266 809 3320; x_wconf 90' lang='lat' dir='ltr'><strong>et</strong></span> <span class='ocrx_word' id='word_1_223' title='bbox 821 3266 953 3341; x_wconf 86' lang='lat' dir='ltr'><strong>propter</strong></span> <span class='ocrx_word' id='word_1_224' title='bbox 967 3262 1028 3323; x_wconf 87' lang='lat' dir='ltr'><strong>illa</strong></span> <span class='ocrx_word' id='word_1_225' title='bbox 1041 3282 1106 3324; x_wconf 86' lang='lat' dir='ltr'><strong>eam</strong></span> 
     </span>
     <span class='ocr_line' id='line_1_36' title="bbox 178 3344 651 3420; baseline -0.004 -16"><span class='ocrx_word' id='word_1_226' title='bbox 178 3345 332 3420; x_wconf 89' lang='lat' dir='ltr'><strong>occidant,</strong></span> <span class='ocrx_word' id='word_1_227' title='bbox 357 3365 374 3404; x_wconf 93' lang='lat'>0</span> <span class='ocrx_word' id='word_1_228' title='bbox 399 3345 483 3404; x_wconf 83' lang='lat' dir='ltr'><strong>furor</strong></span> <span class='ocrx_word' id='word_1_229' title='bbox 505 3344 651 3404; x_wconf 86' lang='lat' dir='ltr'><strong>furorum.</strong></span> 
     </span>
    </p>

    <p class='ocr_par' dir='ltr' id='par_1_11' title="bbox 176 3426 1112 3655">
     <span class='ocr_line' id='line_1_37' title="bbox 239 3426 1110 3504; baseline -0.001 -12"><span class='ocrx_word' id='word_1_230' title='bbox 239 3430 288 3492; x_wconf 83' lang='lat'><strong>33.</strong></span> <span class='ocrx_word' id='word_1_231' title='bbox 311 3426 583 3488; x_wconf 81' lang='lat' dir='ltr'><strong>Confirmatiunem</strong></span> <span class='ocrx_word' id='word_1_232' title='bbox 598 3444 667 3486; x_wconf 91' lang='lat' dir='ltr'><strong>esse</strong></span> <span class='ocrx_word' id='word_1_233' title='bbox 679 3432 917 3504; x_wconf 81' lang='lat' dir='ltr'><strong>sacramentum,</strong></span> <span class='ocrx_word' id='word_1_234' title='bbox 930 3429 1004 3489; x_wconf 91' lang='lat' dir='ltr'><strong>sine</strong></span> <span class='ocrx_word' id='word_1_235' title='bbox 1017 3431 1110 3491; x_wconf 89' lang='lat' dir='ltr'><strong>verbo</strong></span> 
     </span>
     <span class='ocr_line' id='line_1_38' title="bbox 176 3509 1112 3586; baseline 0.004 -15"><span class='ocrx_word' id='word_1_236' title='bbox 176 3513 342 3586; x_wconf 84' lang='lat' dir='ltr'><strong>asseritur,</strong></span> <span class='ocrx_word' id='word_1_237' title='bbox 364 3517 396 3570; x_wconf 88' lang='lat' dir='ltr'><strong>et</strong></span> <span class='ocrx_word' id='word_1_238' title='bbox 418 3512 540 3570; x_wconf 87' lang='lat' dir='ltr'><strong>sentina</strong></span> <span class='ocrx_word' id='word_1_239' title='bbox 561 3509 802 3571; x_wconf 86' lang='lat' dir='ltr'><strong>Lovaniensium</strong></span> <span class='ocrx_word' id='word_1_240' title='bbox 825 3511 977 3572; x_wconf 89' lang='lat' dir='ltr'><strong>mentitur</strong></span> <span class='ocrx_word' id='word_1_241' title='bbox 1001 3534 1112 3575; x_wconf 82' lang='lat' dir='ltr'><strong>essee</strong></span> 
     </span>
     <span class='ocr_line' id='line_1_39' title="bbox 177 3594 505 3655; baseline 0 -1"><span class='ocrx_word' id='word_1_242' title='bbox 177 3594 299 3655; x_wconf 80' lang='lat' dir='ltr'><strong>Christo</strong></span> <span class='ocrx_word' id='word_1_243' title='bbox 325 3595 505 3654; x_wconf 88' lang='lat' dir='ltr'><strong>institutum.</strong></span> 
     </span>
    </p>

    <p class='ocr_par' dir='ltr' id='par_1_12' title="bbox 175 3675 1117 3845">
     <span class='ocr_line' id='line_1_40' title="bbox 239 3675 1114 3758; baseline 0.006 -19"><span class='ocrx_word' id='word_1_244' title='bbox 239 3678 288 3740; x_wconf 90' lang='grc'><strong>34.</strong></span> <span class='ocrx_word' id='word_1_245' title='bbox 323 3676 444 3738; x_wconf 81' lang='lat' dir='ltr'><strong>Scimus</strong></span> <span class='ocrx_word' id='word_1_246' title='bbox 468 3675 567 3737; x_wconf 90' lang='lat' dir='ltr'><strong>bonos</strong></span> <span class='ocrx_word' id='word_1_247' title='bbox 599 3682 631 3736; x_wconf 87' lang='lat' dir='ltr'><strong>et</strong></span> <span class='ocrx_word' id='word_1_248' title='bbox 652 3677 722 3758; x_wconf 87' lang='lat' dir='ltr'><strong>pios</strong></span> <span class='ocrx_word' id='word_1_249' title='bbox 750 3676 833 3736; x_wconf 88' lang='lat' dir='ltr'><strong>viros</strong></span> <span class='ocrx_word' id='word_1_250' title='bbox 856 3693 935 3737; x_wconf 21' lang='lat' dir='ltr'><strong>,non</strong></span> <span class='ocrx_word' id='word_1_251' title='bbox 971 3680 1114 3743; x_wconf 87' lang='lat' dir='ltr'><strong>voluisse</strong></span> 
     </span>
     <span class='ocr_line' id='line_1_41' title="bbox 175 3759 1117 3845; baseline 0.011 -24"><span class='ocrx_word' id='word_1_252' title='bbox 175 3761 345 3822; x_wconf 83' lang='lat' dir='ltr'><strong>sententias</strong></span> <span class='ocrx_word' id='word_1_253' title='bbox 367 3777 439 3822; x_wconf 80' lang='lat' dir='ltr'><strong>auae</strong></span> <span class='ocrx_word' id='word_1_254' title='bbox 464 3760 516 3840; x_wconf 88' lang='lat' dir='ltr'><strong>(ut</strong></span> <span class='ocrx_word' id='word_1_255' title='bbox 536 3778 629 3821; x_wconf 86' lang='lat' dir='ltr'><strong>carne</strong></span> <span class='ocrx_word' id='word_1_256' title='bbox 651 3759 755 3823; x_wconf 84' lang='lat' dir='ltr'><strong>adhuc</strong></span> <span class='ocrx_word' id='word_1_257' title='bbox 773 3764 947 3842; x_wconf 81' lang='lat' dir='ltr'><strong>gravatos)</strong></span> <span class='ocrx_word' id='word_1_258' title='bbox 984 3783 1050 3845; x_wconf 86' lang='lat' dir='ltr'><strong>pro</strong></span> <span class='ocrx_word' id='word_1_259' title='bbox 1073 3786 1117 3830; x_wconf 83' lang='lat' dir='ltr'><strong>ar·</strong></span> 
     </span>
    </p>
   </div>
   <div class='ocr_carea' id='block_1_7' title="bbox 0 0 1178 4208">
    <p class='ocr_par' dir='ltr' id='par_1_13' title="bbox 0 0 1178 4208">
     <span class='ocr_line' id='line_1_42' title="bbox 0 0 1178 4208; baseline 0 0"><span class='ocrx_word' id='word_1_260' title='bbox 0 0 1178 4208; x_wconf 95' lang='lat' dir='ltr'><strong> </strong></span> 
     </span>
    </p>
   </div>
  </div>
 </body>
</html>
