<?xml version="1.0" encoding="UTF-8"?>
<!DOCTYPE html PUBLIC "-//W3C//DTD XHTML 1.0 Transitional//EN"
    "http://www.w3.org/TR/xhtml1/DTD/xhtml1-transitional.dtd">
<html xmlns="http://www.w3.org/1999/xhtml" xml:lang="en" lang="en">
 <head>
  <title>
</title>
<meta http-equiv="Content-Type" content="text/html;charset=utf-8" />
  <meta name='ocr-system' content='tesseract 3.04.00' />
  <meta name='ocr-capabilities' content='ocr_page ocr_carea ocr_par ocr_line ocrx_word'/>
</head>
<body>
  <div class='ocr_page' id='page_1' title='image "./dmartinilutheri04luthgoog_0363.png"; bbox 0 0 2346 4208; ppageno 0'>
   <div class='ocr_carea' id='block_1_1' title="bbox 177 216 869 314">
    <p class='ocr_par' dir='ltr' id='par_1_1' title="bbox 177 216 869 314">
     <span class='ocr_line' id='line_1_1' title="bbox 177 216 869 314; baseline -0.01 -8"><span class='ocrx_word' id='word_1_1' title='bbox 177 237 240 306; x_wconf 77' lang='lat'>352</span> <span class='ocrx_word' id='word_1_2' title='bbox 411 243 505 299; x_wconf 75' lang='lat' dir='ltr'>Resot.</span> <span class='ocrx_word' id='word_1_3' title='bbox 524 245 553 297; x_wconf 85' lang='lat' dir='ltr'>t..</span> <span class='ocrx_word' id='word_1_4' title='bbox 571 216 869 314; x_wconf 72' lang='lat' dir='ltr'>anperProposittond</span> 
     </span>
    </p>
   </div>
   <div class='ocr_carea' id='block_1_2' title="bbox 166 429 1102 844">
    <p class='ocr_par' dir='ltr' id='par_1_2' title="bbox 166 429 1102 844">
     <span class='ocr_line' id='line_1_2' title="bbox 178 429 1099 512; baseline 0 -17"><span class='ocrx_word' id='word_1_5' title='bbox 178 429 248 495; x_wconf 86' lang='lat' dir='ltr'>ditis</span> <span class='ocrx_word' id='word_1_6' title='bbox 271 431 333 492; x_wconf 84' lang='lat' dir='ltr'>suis</span> <span class='ocrx_word' id='word_1_7' title='bbox 355 430 500 495; x_wconf 79' lang='lat' dir='ltr'>dixeram</span> <span class='ocrx_word' id='word_1_8' title='bbox 519 450 674 512; x_wconf 84' lang='lat' dir='ltr'>personas</span> <span class='ocrx_word' id='word_1_9' title='bbox 696 431 899 512; x_wconf 83' lang='lat' dir='ltr'>loquentium,</span> <span class='ocrx_word' id='word_1_10' title='bbox 921 433 1036 495; x_wconf 76' lang='lat' dir='ltr'>etatis</span> <span class='ocrx_word' id='word_1_11' title='bbox 1051 451 1099 501; x_wconf 84' lang='lat' dir='ltr'>se·</span> 
     </span>
     <span class='ocr_line' id='line_1_3' title="bbox 178 520 1097 681; baseline 0 -22"><span class='ocrx_word' id='word_1_12' title='bbox 178 520 453 678; x_wconf 32' lang='lat' dir='ltr'>§dmededdbuam</span> <span class='ocrx_word' id='word_1_13' title='bbox 475 597 514 657; x_wconf 91' lang='lat' dir='ltr'>de</span> <span class='ocrx_word' id='word_1_14' title='bbox 534 598 594 659; x_wconf 84' lang='lat' dir='ltr'>bae</span> <span class='ocrx_word' id='word_1_15' title='bbox 615 597 807 659; x_wconf 75' lang='lat' dir='ltr'>subiectione</span> <span class='ocrx_word' id='word_1_16' title='bbox 819 598 926 658; x_wconf 87' lang='lat' dir='ltr'>Petrus</span> <span class='ocrx_word' id='word_1_17' title='bbox 949 598 1009 681; x_wconf 84' lang='lat' dir='ltr'>boo</span> <span class='ocrx_word' id='word_1_18' title='bbox 1024 598 1097 659; x_wconf 86' lang='lat' dir='ltr'>loeo</span> 
     </span>
     <span class='ocr_line' id='line_1_4' title="bbox 166 680 1097 761; baseline -0.002 -18"><span class='ocrx_word' id='word_1_19' title='bbox 166 697 242 743; x_wconf 78' lang='lat' dir='ltr'>-aon</span> <span class='ocrx_word' id='word_1_20' title='bbox 270 681 428 760; x_wconf 85' lang='lat' dir='ltr'>loquatur,</span> <span class='ocrx_word' id='word_1_21' title='bbox 460 699 540 760; x_wconf 89' lang='lat' dir='ltr'>quae</span> <span class='ocrx_word' id='word_1_22' title='bbox 570 690 675 743; x_wconf 87' lang='lat' dir='ltr'>mutua</span> <span class='ocrx_word' id='word_1_23' title='bbox 706 680 878 742; x_wconf 89' lang='lat' dir='ltr'>humilitate</span> <span class='ocrx_word' id='word_1_24' title='bbox 898 682 1035 761; x_wconf 84' lang='lat' dir='ltr'>spiritua</span> <span class='ocrx_word' id='word_1_25' title='bbox 1065 683 1097 742; x_wconf 88' lang='lat' dir='ltr'>in</span> 
     </span>
     <span class='ocr_line' id='line_1_5' title="bbox 173 763 1102 844; baseline -0.004 -17"><span class='ocrx_word' id='word_1_26' title='bbox 173 763 358 827; x_wconf 75' lang='lat' dir='ltr'>-chrisriams</span> <span class='ocrx_word' id='word_1_27' title='bbox 381 771 505 844; x_wconf 86' lang='lat' dir='ltr'>regnet,</span> <span class='ocrx_word' id='word_1_28' title='bbox 539 764 595 826; x_wconf 89' lang='lat' dir='ltr'>sed</span> <span class='ocrx_word' id='word_1_29' title='bbox 626 765 665 826; x_wconf 90' lang='lat' dir='ltr'>de</span> <span class='ocrx_word' id='word_1_30' title='bbox 692 783 744 840; x_wconf 89' lang='lat' dir='ltr'>ea,</span> <span class='ocrx_word' id='word_1_31' title='bbox 778 783 839 843; x_wconf 89' lang='lat' dir='ltr'>qua</span> <span class='ocrx_word' id='word_1_32' title='bbox 860 763 1102 829; x_wconf 85' lang='lat' dir='ltr'>subiioiebantur</span> 
     </span>
    </p>
   </div>
   <div class='ocr_carea' id='block_1_3' title="bbox 56 841 1098 929">
    <p class='ocr_par' dir='ltr' id='par_1_3' title="bbox 56 841 1098 929">
     <span class='ocr_line' id='line_1_6' title="bbox 56 841 1098 929; baseline 0.003 -24"><span class='ocrx_word' id='word_1_33' title='bbox 56 859 64 872; x_wconf 62' lang='lat'>‘</span> <span class='ocrx_word' id='word_1_34' title='bbox 165 841 317 928; x_wconf 76' lang='lat' dir='ltr'>profanis</span> <span class='ocrx_word' id='word_1_35' title='bbox 337 847 575 927; x_wconf 82' lang='lat' dir='ltr'>magistratibus,</span> <span class='ocrx_word' id='word_1_36' title='bbox 597 846 805 929; x_wconf 74' lang='lat' dir='ltr'>praesidibus,</span> <span class='ocrx_word' id='word_1_37' title='bbox 828 846 997 926; x_wconf 76' lang='lat' dir='ltr'>iudicibus,</span> <span class='ocrx_word' id='word_1_38' title='bbox 1019 866 1098 927; x_wconf 88' lang='lat' dir='ltr'>quos</span> 
     </span>
    </p>
   </div>
   <div class='ocr_carea' id='block_1_4' title="bbox 144 930 1101 1593">
    <p class='ocr_par' dir='ltr' id='par_1_4' title="bbox 144 930 1101 1593">
     <span class='ocr_line' id='line_1_7' title="bbox 178 930 1097 1012; baseline 0 -21"><span class='ocrx_word' id='word_1_39' title='bbox 178 936 316 1011; x_wconf 76' lang='lat' dir='ltr'>potestas</span> <span class='ocrx_word' id='word_1_40' title='bbox 348 930 481 991; x_wconf 83' lang='lat' dir='ltr'>Romani</span> <span class='ocrx_word' id='word_1_41' title='bbox 509 931 629 1012; x_wconf 85' lang='lat' dir='ltr'>imperii</span> <span class='ocrx_word' id='word_1_42' title='bbox 659 930 864 1003; x_wconf 79' lang='lat' dir='ltr'>ordinaverat.</span> <span class='ocrx_word' id='word_1_43' title='bbox 906 930 995 991; x_wconf 86' lang='lat' dir='ltr'>Hane</span> <span class='ocrx_word' id='word_1_44' title='bbox 1016 932 1097 993; x_wconf 87' lang='lat' dir='ltr'>enim</span> 
     </span>
     <span class='ocr_line' id='line_1_8' title="bbox 176 1012 1099 1093; baseline 0.003 -19"><span class='ocrx_word' id='word_1_45' title='bbox 176 1012 429 1076; x_wconf 68' lang='lat' dir='ltr'>constitutionem</span> <span class='ocrx_word' id='word_1_46' title='bbox 459 1021 553 1076; x_wconf 86' lang='lat' dir='ltr'>voest</span> <span class='ocrx_word' id='word_1_47' title='bbox 580 1015 687 1075; x_wconf 85' lang='lat' dir='ltr'>Petrus</span> <span class='ocrx_word' id='word_1_48' title='bbox 724 1021 894 1074; x_wconf 88' lang='lat' dir='ltr'>ereaturam</span> <span class='ocrx_word' id='word_1_49' title='bbox 923 1015 1099 1093; x_wconf 79' lang='lat' dir='ltr'>humanam,</span> 
     </span>
     <span class='ocr_line' id='line_1_9' title="bbox 177 1095 1098 1176; baseline 0 -20"><span class='ocrx_word' id='word_1_50' title='bbox 177 1095 338 1176; x_wconf 19' lang='lat' dir='ltr'>qooduper</span> <span class='ocrx_word' id='word_1_51' title='bbox 357 1096 499 1158; x_wconf 87' lang='lat' dir='ltr'>homines</span> <span class='ocrx_word' id='word_1_52' title='bbox 521 1106 662 1159; x_wconf 85' lang='lat' dir='ltr'>areentur</span> <span class='ocrx_word' id='word_1_53' title='bbox 684 1098 705 1157; x_wconf 89' lang='lat' dir='ltr'>ii</span> <span class='ocrx_word' id='word_1_54' title='bbox 727 1098 933 1176; x_wconf 76' lang='lat' dir='ltr'><strong>magistratus.</strong></span> <span class='ocrx_word' id='word_1_55' title='bbox 976 1097 1098 1159; x_wconf 79' lang='lat' dir='ltr'>Athis</span> 
     </span>
     <span class='ocr_line' id='line_1_10' title="bbox 176 1177 1100 1261; baseline 0 -20"><span class='ocrx_word' id='word_1_56' title='bbox 176 1177 461 1241; x_wconf 69' lang='lat' dir='ltr'>decretoriam-neo</span> <span class='ocrx_word' id='word_1_57' title='bbox 489 1180 641 1242; x_wconf 88' lang='lat' dir='ltr'>voeabula</span> <span class='ocrx_word' id='word_1_58' title='bbox 663 1180 837 1259; x_wconf 84' lang='lat' dir='ltr'>Soripturae</span> <span class='ocrx_word' id='word_1_59' title='bbox 873 1180 1048 1261; x_wconf 68' lang='lat' dir='ltr'>intelligia.</span> <span class='ocrx_word' id='word_1_60' title='bbox 1067 1187 1100 1241; x_wconf 92' lang='lat' dir='ltr'>et</span> 
     </span>
     <span class='ocr_line' id='line_1_11' title="bbox 177 1261 1098 1342; baseline 0 -18"><span class='ocrx_word' id='word_1_61' title='bbox 177 1261 273 1324; x_wconf 73' lang='lat' dir='ltr'>audet</span> <span class='ocrx_word' id='word_1_62' title='bbox 293 1281 362 1325; x_wconf 85' lang='lat' dir='ltr'>eam</span> <span class='ocrx_word' id='word_1_63' title='bbox 384 1263 585 1342; x_wconf 84' lang='lat' dir='ltr'>interpretari.</span> <span class='ocrx_word' id='word_1_64' title='bbox 625 1263 704 1324; x_wconf 79' lang='lat' dir='ltr'>Esse</span> <span class='ocrx_word' id='word_1_65' title='bbox 726 1270 829 1323; x_wconf 89' lang='lat' dir='ltr'>autem</span> <span class='ocrx_word' id='word_1_66' title='bbox 853 1270 1024 1325; x_wconf 85' lang='lat' dir='ltr'>ereaturam</span> <span class='ocrx_word' id='word_1_67' title='bbox 1045 1262 1098 1324; x_wconf 91' lang='lat' dir='ltr'>bu-</span> 
     </span>
     <span class='ocr_line' id='line_1_12' title="bbox 144 1343 1098 1429; baseline -0.002 -21"><span class='ocrx_word' id='word_1_68' title='bbox 144 1380 147 1387; x_wconf 77' lang='lat'>,</span> <span class='ocrx_word' id='word_1_69' title='bbox 176 1364 302 1408; x_wconf 74' lang='lat' dir='ltr'>mabam</span> <span class='ocrx_word' id='word_1_70' title='bbox 327 1343 375 1415; x_wconf 70' lang='lat' dir='ltr'>tid</span> <span class='ocrx_word' id='word_1_71' title='bbox 397 1346 478 1426; x_wconf 92' lang='lat' dir='ltr'>quod</span> <span class='ocrx_word' id='word_1_72' title='bbox 502 1343 585 1429; x_wconf 85' lang='lat' dir='ltr'>dixi)</span> <span class='ocrx_word' id='word_1_73' title='bbox 609 1349 760 1426; x_wconf 87' lang='lat' dir='ltr'>potuisset</span> <span class='ocrx_word' id='word_1_74' title='bbox 780 1347 952 1426; x_wconf 81' lang='lat' dir='ltr'>intelligere</span> <span class='ocrx_word' id='word_1_75' title='bbox 975 1347 1098 1420; x_wconf 71' lang='lat' dir='ltr'>(sitam</span> 
     </span>
     <span class='ocr_line' id='line_1_13' title="bbox 174 1429 1097 1509; baseline -0.001 -18"><span class='ocrx_word' id='word_1_76' title='bbox 174 1447 304 1491; x_wconf 70' lang='lat' dir='ltr'>¹sensum</span> <span class='ocrx_word' id='word_1_77' title='bbox 325 1429 416 1508; x_wconf 79' lang='lat' dir='ltr'>Petri,</span> <span class='ocrx_word' id='word_1_78' title='bbox 441 1449 532 1509; x_wconf 87' lang='lat' dir='ltr'>quem</span> <span class='ocrx_word' id='word_1_79' title='bbox 553 1449 640 1490; x_wconf 88' lang='lat' dir='ltr'>suam</span> <span class='ocrx_word' id='word_1_80' title='bbox 656 1430 857 1491; x_wconf 70' lang='lat' dir='ltr'><strong>ambitionem</strong></span> <span class='ocrx_word' id='word_1_81' title='bbox 874 1431 1097 1508; x_wconf 72' lang='lat' dir='ltr'>quaesivisset)</span> 
     </span>
     <span class='ocr_line' id='line_1_14' title="bbox 177 1512 1101 1593; baseline -0.001 -20"><span class='ocrx_word' id='word_1_82' title='bbox 177 1531 219 1573; x_wconf 74' lang='lat' dir='ltr'>su</span> <span class='ocrx_word' id='word_1_83' title='bbox 247 1531 320 1574; x_wconf 82' lang='lat' dir='ltr'>mox</span> <span class='ocrx_word' id='word_1_84' title='bbox 348 1512 562 1592; x_wconf 83' lang='lat' dir='ltr'>sequentibus,</span> <span class='ocrx_word' id='word_1_85' title='bbox 593 1513 644 1573; x_wconf 92' lang='lat' dir='ltr'>ubi</span> <span class='ocrx_word' id='word_1_86' title='bbox 682 1513 788 1574; x_wconf 88' lang='lat' dir='ltr'>Petrus</span> <span class='ocrx_word' id='word_1_87' title='bbox 823 1512 1007 1575; x_wconf 85' lang='lat' dir='ltr'>distribuens</span> <span class='ocrx_word' id='word_1_88' title='bbox 1043 1532 1101 1593; x_wconf 87' lang='lat' dir='ltr'>per</span> 
     </span>
    </p>
   </div>
   <div class='ocr_carea' id='block_1_5' title="bbox 68 1595 1098 1677">
    <p class='ocr_par' dir='ltr' id='par_1_5' title="bbox 68 1595 1098 1677">
     <span class='ocr_line' id='line_1_15' title="bbox 68 1595 1098 1677; baseline 0.002 -21"><span class='ocrx_word' id='word_1_89' title='bbox 68 1619 70 1624; x_wconf 95' lang='lat'>·</span> <span class='ocrx_word' id='word_1_90' title='bbox 179 1595 315 1677; x_wconf 85' lang='lat' dir='ltr'>singula,</span> <span class='ocrx_word' id='word_1_91' title='bbox 349 1614 429 1674; x_wconf 88' lang='lat' dir='ltr'>quae</span> <span class='ocrx_word' id='word_1_92' title='bbox 456 1597 487 1655; x_wconf 90' lang='lat' dir='ltr'>in</span> <span class='ocrx_word' id='word_1_93' title='bbox 510 1595 695 1657; x_wconf 85' lang='lat' dir='ltr'>oolleetione</span> <span class='ocrx_word' id='word_1_94' title='bbox 718 1595 847 1673; x_wconf 87' lang='lat' dir='ltr'>dixerat,</span> <span class='ocrx_word' id='word_1_95' title='bbox 870 1596 1023 1676; x_wconf 85' lang='lat' dir='ltr'>seipsum</span> <span class='ocrx_word' id='word_1_96' title='bbox 1045 1614 1098 1658; x_wconf 86' lang='lat' dir='ltr'>ex-</span> 
     </span>
    </p>
   </div>
   <div class='ocr_carea' id='block_1_6' title="bbox 177 1678 1101 1842">
    <p class='ocr_par' dir='ltr' id='par_1_6' title="bbox 177 1678 1101 1842">
     <span class='ocr_line' id='line_1_16' title="bbox 178 1678 1100 1760; baseline 0.001 -22"><span class='ocrx_word' id='word_1_97' title='bbox 178 1680 276 1760; x_wconf 84' lang='lat' dir='ltr'>ponit,</span> <span class='ocrx_word' id='word_1_98' title='bbox 301 1678 401 1757; x_wconf 87' lang='lat' dir='ltr'>Omni,</span> <span class='ocrx_word' id='word_1_99' title='bbox 424 1680 559 1758; x_wconf 84' lang='lat' dir='ltr'>inquam,</span> <span class='ocrx_word' id='word_1_100' title='bbox 582 1688 750 1758; x_wconf 75' lang='lat' dir='ltr'>creaturae,</span> <span class='ocrx_word' id='word_1_101' title='bbox 772 1683 838 1740; x_wconf 88' lang='lat' dir='ltr'>sive</span> <span class='ocrx_word' id='word_1_102' title='bbox 860 1680 936 1760; x_wconf 85' lang='lat' dir='ltr'>regi,</span> <span class='ocrx_word' id='word_1_103' title='bbox 958 1681 1024 1740; x_wconf 87' lang='lat' dir='ltr'>sive</span> <span class='ocrx_word' id='word_1_104' title='bbox 1047 1678 1100 1739; x_wconf 92' lang='lat' dir='ltr'>du-</span> 
     </span>
     <span class='ocr_line' id='line_1_17' title="bbox 177 1761 1101 1842; baseline 0 -19"><span class='ocrx_word' id='word_1_105' title='bbox 177 1761 281 1841; x_wconf 82' lang='lat' dir='ltr'>eibua,</span> <span class='ocrx_word' id='word_1_106' title='bbox 304 1763 391 1842; x_wconf 86' lang='lat' dir='ltr'>quasi</span> <span class='ocrx_word' id='word_1_107' title='bbox 412 1762 513 1823; x_wconf 83' lang='lat' dir='ltr'>dieat:</span> <span class='ocrx_word' id='word_1_108' title='bbox 554 1763 628 1824; x_wconf 81' lang='lat' dir='ltr'>ideo</span> <span class='ocrx_word' id='word_1_109' title='bbox 659 1763 722 1825; x_wconf 86' lang='lat' dir='ltr'>dixi</span> <span class='ocrx_word' id='word_1_110' title='bbox 750 1762 833 1823; x_wconf 89' lang='lat' dir='ltr'>omni</span> <span class='ocrx_word' id='word_1_111' title='bbox 862 1768 1037 1841; x_wconf 74' lang='lat' dir='ltr'>creaturae,</span> <span class='ocrx_word' id='word_1_112' title='bbox 1069 1770 1101 1823; x_wconf 90' lang='lat' dir='ltr'>et</span> 
     </span>
    </p>
   </div>
   <div class='ocr_carea' id='block_1_7' title="bbox 78 1840 1100 1924">
    <p class='ocr_par' dir='ltr' id='par_1_7' title="bbox 78 1840 1100 1924">
     <span class='ocr_line' id='line_1_18' title="bbox 78 1840 1100 1924; baseline -0.002 -17"><span class='ocrx_word' id='word_1_113' title='bbox 78 1899 86 1907; x_wconf 86' lang='lat'>.</span> <span class='ocrx_word' id='word_1_114' title='bbox 180 1844 322 1913; x_wconf 82' lang='lat' dir='ltr'>omnibus</span> <span class='ocrx_word' id='word_1_115' title='bbox 351 1845 509 1906; x_wconf 89' lang='lat' dir='ltr'>hominum</span> <span class='ocrx_word' id='word_1_116' title='bbox 545 1840 790 1907; x_wconf 64' lang='lat' dir='ltr'>ordinationibus</span> <span class='ocrx_word' id='word_1_117' title='bbox 819 1846 945 1923; x_wconf 87' lang='lat' dir='ltr'>subiioi,</span> <span class='ocrx_word' id='word_1_118' title='bbox 977 1866 1018 1906; x_wconf 90' lang='lat' dir='ltr'>ne</span> <span class='ocrx_word' id='word_1_119' title='bbox 1047 1847 1100 1924; x_wconf 85' lang='lat' dir='ltr'>qui</span> 
     </span>
    </p>
   </div>
   <div class='ocr_carea' id='block_1_8' title="bbox 159 1926 1099 2175">
    <p class='ocr_par' dir='ltr' id='par_1_8' title="bbox 159 1926 1099 2175">
     <span class='ocr_line' id='line_1_19' title="bbox 159 1926 1099 2008; baseline -0.001 -18"><span class='ocrx_word' id='word_1_120' title='bbox 159 1935 315 1997; x_wconf 51' lang='lat' dir='ltr'>,nestrum</span> <span class='ocrx_word' id='word_1_121' title='bbox 347 1948 382 1989; x_wconf 88' lang='lat' dir='ltr'>se</span> <span class='ocrx_word' id='word_1_122' title='bbox 418 1927 565 1990; x_wconf 84' lang='lat' dir='ltr'>adversus</span> <span class='ocrx_word' id='word_1_123' title='bbox 603 1930 737 1990; x_wconf 87' lang='lat' dir='ltr'>minores</span> <span class='ocrx_word' id='word_1_124' title='bbox 774 1926 932 2008; x_wconf 79' lang='lat' dir='ltr'>praesides</span> <span class='ocrx_word' id='word_1_125' title='bbox 954 1929 1099 2006; x_wconf 66' lang='lat' dir='ltr'>devant,</span> 
     </span>
     <span class='ocr_line' id='line_1_20' title="bbox 177 2011 1098 2093; baseline 0.003 -22"><span class='ocrx_word' id='word_1_126' title='bbox 177 2012 267 2092; x_wconf 68' lang='lat' dir='ltr'>quasi</span> <span class='ocrx_word' id='word_1_127' title='bbox 300 2011 512 2073; x_wconf 89' lang='lat' dir='ltr'>tantummodo</span> <span class='ocrx_word' id='word_1_128' title='bbox 544 2015 613 2093; x_wconf 84' lang='lat' dir='ltr'>regi</span> <span class='ocrx_word' id='word_1_129' title='bbox 632 2013 888 2092; x_wconf 70' lang='lat' dir='ltr'>obtemperaturi,</span> <span class='ocrx_word' id='word_1_130' title='bbox 919 2011 974 2073; x_wconf 85' lang='lat' dir='ltr'>sed</span> <span class='ocrx_word' id='word_1_131' title='bbox 1004 2013 1098 2074; x_wconf 85' lang='lat' dir='ltr'>etiam</span> 
     </span>
     <span class='ocr_line' id='line_1_21' title="bbox 178 2094 1098 2175; baseline 0 -18"><span class='ocrx_word' id='word_1_132' title='bbox 178 2096 280 2157; x_wconf 78' lang='lat' dir='ltr'>missis</span> <span class='ocrx_word' id='word_1_133' title='bbox 301 2095 340 2155; x_wconf 91' lang='lat' dir='ltr'>ab</span> <span class='ocrx_word' id='word_1_134' title='bbox 363 2113 412 2172; x_wconf 87' lang='lat' dir='ltr'>eo,</span> <span class='ocrx_word' id='word_1_135' title='bbox 436 2094 516 2174; x_wconf 89' lang='lat' dir='ltr'>date,</span> <span class='ocrx_word' id='word_1_136' title='bbox 534 2096 640 2174; x_wconf 77' lang='lat' dir='ltr'>-t&#39;aeite,</span> <span class='ocrx_word' id='word_1_137' title='bbox 664 2103 797 2175; x_wconf 85' lang='lat' dir='ltr'>servate,</span> <span class='ocrx_word' id='word_1_138' title='bbox 818 2114 900 2175; x_wconf 84' lang='lat' dir='ltr'>quae</span> <span class='ocrx_word' id='word_1_139' title='bbox 920 2095 1033 2173; x_wconf 84' lang='lat' dir='ltr'>danda,</span> <span class='ocrx_word' id='word_1_140' title='bbox 1055 2095 1098 2157; x_wconf 78' lang='lat' dir='ltr'>ta·</span> 
     </span>
    </p>
   </div>
   <div class='ocr_carea' id='block_1_9' title="bbox 91 2177 1097 2259">
    <p class='ocr_par' dir='ltr' id='par_1_9' title="bbox 91 2177 1097 2259">
     <span class='ocr_line' id='line_1_22' title="bbox 91 2177 1097 2259; baseline -0.002 -20"><span class='ocrx_word' id='word_1_141' title='bbox 91 2190 95 2195; x_wconf 83' lang='lat'>&#39;</span> <span class='ocrx_word' id='word_1_142' title='bbox 179 2177 306 2256; x_wconf 69' lang='lat' dir='ltr'>menda,</span> <span class='ocrx_word' id='word_1_143' title='bbox 340 2177 494 2238; x_wconf 87' lang='lat' dir='ltr'>servanda</span> <span class='ocrx_word' id='word_1_144' title='bbox 516 2186 601 2259; x_wconf 78' lang='lat' dir='ltr'>sunt3</span> <span class='ocrx_word' id='word_1_145' title='bbox 631 2177 788 2259; x_wconf 90' lang='lat' dir='ltr'>quomodo</span> <span class='ocrx_word' id='word_1_146' title='bbox 817 2179 927 2239; x_wconf 87' lang='lat' dir='ltr'>Roma.</span> <span class='ocrx_word' id='word_1_147' title='bbox 952 2182 1005 2244; x_wconf 79' lang='lat'>13:</span> <span class='ocrx_word' id='word_1_148' title='bbox 1040 2177 1097 2239; x_wconf 84' lang='lat' dir='ltr'>Oui</span> 
     </span>
    </p>
   </div>
   <div class='ocr_carea' id='block_1_10' title="bbox 177 2259 1098 2508">
    <p class='ocr_par' dir='ltr' id='par_1_10' title="bbox 177 2259 1098 2508">
     <span class='ocr_line' id='line_1_23' title="bbox 177 2259 1098 2341; baseline -0.001 -19"><span class='ocrx_word' id='word_1_149' title='bbox 177 2259 344 2339; x_wconf 86' lang='lat' dir='ltr'>bonorem,</span> <span class='ocrx_word' id='word_1_150' title='bbox 367 2261 535 2340; x_wconf 73' lang='lat' dir='ltr'>honorem,</span> <span class='ocrx_word' id='word_1_151' title='bbox 557 2264 605 2322; x_wconf 88' lang='lat' dir='ltr'>oui</span> <span class='ocrx_word' id='word_1_152' title='bbox 619 2265 771 2341; x_wconf 87' lang='lat' dir='ltr'>timorem,</span> <span class='ocrx_word' id='word_1_153' title='bbox 793 2263 951 2340; x_wconf 72' lang='lat' dir='ltr'>timorem,</span> <span class='ocrx_word' id='word_1_154' title='bbox 978 2262 1026 2325; x_wconf 87' lang='lat' dir='ltr'>oui</span> <span class='ocrx_word' id='word_1_155' title='bbox 1049 2262 1098 2321; x_wconf 89' lang='lat' dir='ltr'>tri-</span> 
     </span>
     <span class='ocr_line' id='line_1_24' title="bbox 178 2343 479 2421; baseline 0.003 -16"><span class='ocrx_word' id='word_1_156' title='bbox 178 2343 302 2421; x_wconf 86' lang='lat' dir='ltr'>butum,</span> <span class='ocrx_word' id='word_1_157' title='bbox 325 2343 479 2406; x_wconf 86' lang='lat' dir='ltr'>tributum.</span> 
     </span>
     <span class='ocr_line' id='line_1_25' title="bbox 261 2427 1098 2508; baseline 0 -22"><span class='ocrx_word' id='word_1_158' title='bbox 261 2427 331 2488; x_wconf 85' lang='lat' dir='ltr'>Non</span> <span class='ocrx_word' id='word_1_159' title='bbox 354 2446 429 2507; x_wconf 80' lang='lat' dir='ltr'>ergo</span> <span class='ocrx_word' id='word_1_160' title='bbox 451 2427 490 2488; x_wconf 88' lang='lat' dir='ltr'>da</span> <span class='ocrx_word' id='word_1_161' title='bbox 512 2435 651 2489; x_wconf 85' lang='lat' dir='ltr'>ereatura</span> <span class='ocrx_word' id='word_1_162' title='bbox 674 2429 732 2489; x_wconf 87' lang='lat' dir='ltr'>Dei</span> <span class='ocrx_word' id='word_1_163' title='bbox 753 2428 904 2507; x_wconf 84' lang='lat' dir='ltr'>loquitur,</span> <span class='ocrx_word' id='word_1_164' title='bbox 936 2447 1027 2508; x_wconf 89' lang='lat' dir='ltr'>quam</span> <span class='ocrx_word' id='word_1_165' title='bbox 1051 2428 1098 2487; x_wconf 90' lang='lat' dir='ltr'>ln-</span> 
     </span>
    </p>
   </div>
   <div class='ocr_carea' id='block_1_11' title="bbox 89 2510 1096 2592">
    <p class='ocr_par' dir='ltr' id='par_1_11' title="bbox 89 2510 1096 2592">
     <span class='ocr_line' id='line_1_26' title="bbox 89 2510 1096 2592; baseline 0 -20"><span class='ocrx_word' id='word_1_166' title='bbox 89 2582 92 2587; x_wconf 41' lang='grc'><strong>,</strong></span> <span class='ocrx_word' id='word_1_167' title='bbox 179 2510 341 2572; x_wconf 76' lang='lat' dir='ltr'>aerenum</span> <span class='ocrx_word' id='word_1_168' title='bbox 362 2511 393 2570; x_wconf 91' lang='lat' dir='ltr'>in</span> <span class='ocrx_word' id='word_1_169' title='bbox 416 2512 478 2571; x_wconf 89' lang='lat' dir='ltr'>suis</span> <span class='ocrx_word' id='word_1_170' title='bbox 501 2510 697 2590; x_wconf 89' lang='lat' dir='ltr'>opinionibus</span> <span class='ocrx_word' id='word_1_171' title='bbox 720 2513 851 2592; x_wconf 81' lang='lat' dir='ltr'>cogitat,</span> <span class='ocrx_word' id='word_1_172' title='bbox 874 2511 928 2581; x_wconf 87' lang='lat' dir='ltr'>sed</span> <span class='ocrx_word' id='word_1_173' title='bbox 952 2511 991 2572; x_wconf 87' lang='lat' dir='ltr'>de</span> <span class='ocrx_word' id='word_1_174' title='bbox 1013 2530 1096 2572; x_wconf 87' lang='lat' dir='ltr'>orea-</span> 
     </span>
    </p>
   </div>
   <div class='ocr_carea' id='block_1_12' title="bbox 178 2593 1101 3072">
    <p class='ocr_par' dir='ltr' id='par_1_12' title="bbox 178 2593 1101 3072">
     <span class='ocr_line' id='line_1_27' title="bbox 178 2593 1099 2674; baseline -0.002 -19"><span class='ocrx_word' id='word_1_175' title='bbox 178 2599 247 2655; x_wconf 86' lang='lat' dir='ltr'>tura</span> <span class='ocrx_word' id='word_1_176' title='bbox 266 2593 410 2673; x_wconf 88' lang='lat' dir='ltr'>bumana,</span> <span class='ocrx_word' id='word_1_177' title='bbox 433 2605 467 2655; x_wconf 84' lang='lat' dir='ltr'>ut</span> <span class='ocrx_word' id='word_1_178' title='bbox 484 2594 581 2655; x_wconf 84' lang='lat' dir='ltr'>verba</span> <span class='ocrx_word' id='word_1_179' title='bbox 602 2614 750 2674; x_wconf 78' lang='lat' dir='ltr'>expressa</span> <span class='ocrx_word' id='word_1_180' title='bbox 772 2602 893 2674; x_wconf 87' lang='lat' dir='ltr'>sonant,</span> <span class='ocrx_word' id='word_1_181' title='bbox 917 2594 1016 2674; x_wconf 87' lang='lat' dir='ltr'>qualis</span> <span class='ocrx_word' id='word_1_182' title='bbox 1035 2613 1099 2655; x_wconf 89' lang='lat' dir='ltr'>non</span> 
     </span>
     <span class='ocr_line' id='line_1_28' title="bbox 179 2678 1099 2758; baseline 0 -20"><span class='ocrx_word' id='word_1_183' title='bbox 179 2685 227 2739; x_wconf 84' lang='lat' dir='ltr'>eat</span> <span class='ocrx_word' id='word_1_184' title='bbox 248 2696 365 2755; x_wconf 83' lang='lat' dir='ltr'>servus,</span> <span class='ocrx_word' id='word_1_185' title='bbox 386 2696 478 2755; x_wconf 86' lang='lat' dir='ltr'>quem</span> <span class='ocrx_word' id='word_1_186' title='bbox 501 2678 588 2737; x_wconf 88' lang='lat' dir='ltr'>timet</span> <span class='ocrx_word' id='word_1_187' title='bbox 607 2679 767 2757; x_wconf 83' lang='lat' dir='ltr'>imperium</span> <span class='ocrx_word' id='word_1_188' title='bbox 790 2679 934 2757; x_wconf 88' lang='lat' dir='ltr'>aooipere</span> <span class='ocrx_word' id='word_1_189' title='bbox 947 2697 1039 2758; x_wconf 89' lang='lat' dir='ltr'>super</span> <span class='ocrx_word' id='word_1_190' title='bbox 1052 2695 1099 2737; x_wconf 82' lang='lat' dir='ltr'>aa·</span> 
     </span>
     <span class='ocr_line' id='line_1_29' title="bbox 179 2760 1100 2841; baseline -0.001 -20"><span class='ocrx_word' id='word_1_191' title='bbox 179 2760 331 2838; x_wconf 74' lang='lat' dir='ltr'>semota,</span> <span class='ocrx_word' id='word_1_192' title='bbox 351 2761 425 2821; x_wconf 86' lang='lat' dir='ltr'>lieet</span> <span class='ocrx_word' id='word_1_193' title='bbox 445 2761 552 2837; x_wconf 82' lang='lat' dir='ltr'>(iuxta</span> <span class='ocrx_word' id='word_1_194' title='bbox 573 2761 784 2841; x_wconf 84' lang='lat' dir='ltr'>evangelium)</span> <span class='ocrx_word' id='word_1_195' title='bbox 810 2762 906 2822; x_wconf 87' lang='lat' dir='ltr'>ouivis</span> <span class='ocrx_word' id='word_1_196' title='bbox 929 2779 1100 2823; x_wconf 75' lang='lat' dir='ltr'>seruonos</span> 
     </span>
     <span class='ocr_line' id='line_1_30' title="bbox 179 2843 1099 2925; baseline -0.002 -19"><span class='ocrx_word' id='word_1_197' title='bbox 179 2850 324 2925; x_wconf 89' lang='lat' dir='ltr'>oporteat</span> <span class='ocrx_word' id='word_1_198' title='bbox 344 2843 496 2918; x_wconf 76' lang='lat' dir='ltr'>submitti,</span> <span class='ocrx_word' id='word_1_199' title='bbox 518 2844 590 2922; x_wconf 90' lang='lat' dir='ltr'>quin</span> <span class='ocrx_word' id='word_1_200' title='bbox 613 2845 794 2906; x_wconf 78' lang='lat' dir='ltr'>totumhoe</span> <span class='ocrx_word' id='word_1_201' title='bbox 816 2844 980 2907; x_wconf 83' lang='lat' dir='ltr'>verborum</span> <span class='ocrx_word' id='word_1_202' title='bbox 1002 2843 1099 2905; x_wconf 84' lang='lat' dir='ltr'>sabos</span> 
     </span>
     <span class='ocr_line' id='line_1_31' title="bbox 178 2926 1101 3006; baseline -0.002 -18"><span class='ocrx_word' id='word_1_203' title='bbox 178 2927 350 2989; x_wconf 83' lang='lat' dir='ltr'>innoeentii</span> <span class='ocrx_word' id='word_1_204' title='bbox 372 2934 404 2988; x_wconf 87' lang='lat' dir='ltr'>at</span> <span class='ocrx_word' id='word_1_205' title='bbox 425 2927 499 2987; x_wconf 88' lang='lat' dir='ltr'>nihil</span> <span class='ocrx_word' id='word_1_206' title='bbox 522 2927 595 2987; x_wconf 87' lang='lat' dir='ltr'>faoit</span> <span class='ocrx_word' id='word_1_207' title='bbox 615 2926 655 2988; x_wconf 91' lang='lat' dir='ltr'>ad</span> <span class='ocrx_word' id='word_1_208' title='bbox 684 2947 764 3006; x_wconf 84' lang='lat' dir='ltr'>rem,</span> <span class='ocrx_word' id='word_1_209' title='bbox 798 2935 830 2988; x_wconf 90' lang='lat' dir='ltr'>et</span> <span class='ocrx_word' id='word_1_210' title='bbox 855 2928 997 2988; x_wconf 90' lang='lat' dir='ltr'>inseitiae</span> <span class='ocrx_word' id='word_1_211' title='bbox 1025 2945 1101 2987; x_wconf 87' lang='lat' dir='ltr'>suas</span> 
     </span>
     <span class='ocr_line' id='line_1_32' title="bbox 180 3011 629 3072; baseline 0.002 -2"><span class='ocrx_word' id='word_1_212' title='bbox 180 3011 331 3071; x_wconf 85' lang='lat' dir='ltr'>duntaxat</span> <span class='ocrx_word' id='word_1_213' title='bbox 352 3012 528 3071; x_wconf 88' lang='lat' dir='ltr'>testimonia</span> <span class='ocrx_word' id='word_1_214' title='bbox 550 3017 629 3072; x_wconf 88' lang='lat' dir='ltr'>sunt.</span> 
     </span>
    </p>
   </div>
   <div class='ocr_carea' id='block_1_13' title="bbox 564 3147 721 3229">
    <p class='ocr_par' dir='ltr' id='par_1_13' title="bbox 564 3147 721 3229">
     <span class='ocr_line' id='line_1_33' title="bbox 564 3147 721 3229; baseline -0.006 -21"><span class='ocrx_word' id='word_1_215' title='bbox 564 3147 721 3229; x_wconf 82' lang='lat' dir='ltr'>Sequitur:</span> 
     </span>
    </p>
   </div>
   <div class='ocr_carea' id='block_1_14' title="bbox 151 3266 1103 3847">
    <p class='ocr_par' dir='ltr' id='par_1_14' title="bbox 151 3266 1103 3598">
     <span class='ocr_line' id='line_1_34' title="bbox 184 3266 1103 3346; baseline 0 -19"><span class='ocrx_word' id='word_1_216' title='bbox 184 3284 187 3291; x_wconf 92' lang='lat'>·</span> <span class='ocrx_word' id='word_1_217' title='bbox 261 3266 352 3341; x_wconf 77' lang='lat' dir='ltr'>Quod</span> <span class='ocrx_word' id='word_1_218' title='bbox 374 3273 476 3326; x_wconf 87' lang='lat' dir='ltr'>autem</span> <span class='ocrx_word' id='word_1_219' title='bbox 498 3266 649 3344; x_wconf 83' lang='lat' dir='ltr'>sequitur,</span> <span class='ocrx_word' id='word_1_220' title='bbox 672 3267 737 3326; x_wconf 88' lang='lat' dir='ltr'>siva</span> <span class='ocrx_word' id='word_1_221' title='bbox 757 3266 822 3346; x_wconf 82' lang='lat' dir='ltr'>regi</span> <span class='ocrx_word' id='word_1_222' title='bbox 845 3271 995 3345; x_wconf 83' lang='lat' dir='ltr'>tanquam</span> <span class='ocrx_word' id='word_1_223' title='bbox 1013 3284 1103 3345; x_wconf 84' lang='lat' dir='ltr'>prae·</span> 
     </span>
     <span class='ocr_line' id='line_1_35' title="bbox 171 3348 1101 3429; baseline -0.008 -16"><span class='ocrx_word' id='word_1_224' title='bbox 171 3350 319 3428; x_wconf 82' lang='lat' dir='ltr'>-oellenti,</span> <span class='ocrx_word' id='word_1_225' title='bbox 350 3367 412 3411; x_wconf 90' lang='lat' dir='ltr'>non</span> <span class='ocrx_word' id='word_1_226' title='bbox 435 3368 598 3429; x_wconf 83' lang='lat' dir='ltr'>negamus,</span> <span class='ocrx_word' id='word_1_227' title='bbox 632 3351 702 3429; x_wconf 90' lang='lat' dir='ltr'>quin</span> <span class='ocrx_word' id='word_1_228' title='bbox 733 3348 901 3429; x_wconf 87' lang='lat' dir='ltr'>praeosilat</span> <span class='ocrx_word' id='word_1_229' title='bbox 932 3349 1101 3428; x_wconf 76' lang='lat' dir='ltr'>imperator</span> 
     </span>
     <span class='ocr_line' id='line_1_36' title="bbox 151 3430 1101 3514; baseline -0.001 -23"><span class='ocrx_word' id='word_1_230' title='bbox 151 3434 212 3495; x_wconf 67' lang='lat' dir='ltr'>‚in</span> <span class='ocrx_word' id='word_1_231' title='bbox 235 3431 471 3514; x_wconf 85' lang='lat' dir='ltr'>temporalibus,</span> <span class='ocrx_word' id='word_1_232' title='bbox 504 3432 575 3492; x_wconf 86' lang='lat' dir='ltr'>illos</span> <span class='ocrx_word' id='word_1_233' title='bbox 602 3432 768 3510; x_wconf 81' lang='lat' dir='ltr'>duntaxat,</span> <span class='ocrx_word' id='word_1_234' title='bbox 802 3433 854 3511; x_wconf 89' lang='lat' dir='ltr'>qui</span> <span class='ocrx_word' id='word_1_235' title='bbox 870 3430 922 3493; x_wconf 79' lang='lat' dir='ltr'>ab</span> <span class='ocrx_word' id='word_1_236' title='bbox 946 3450 986 3493; x_wconf 86' lang='lat' dir='ltr'>ee</span> <span class='ocrx_word' id='word_1_237' title='bbox 1008 3432 1101 3492; x_wconf 84' lang='lat' dir='ltr'>sussi-</span> 
     </span>
     <span class='ocr_line' id='line_1_37' title="bbox 180 3515 481 3598; baseline -0.003 -21"><span class='ocrx_word' id='word_1_238' title='bbox 180 3517 268 3598; x_wconf 89' lang='lat' dir='ltr'>piunt</span> <span class='ocrx_word' id='word_1_239' title='bbox 290 3515 481 3596; x_wconf 82' lang='lat' dir='ltr'>temporalia.</span> 
     </span>
    </p>

    <p class='ocr_par' dir='ltr' id='par_1_15' title="bbox 179 3595 1103 3847">
     <span class='ocr_line' id='line_1_38' title="bbox 263 3595 1100 3678; baseline -0.004 -19"><span class='ocrx_word' id='word_1_240' title='bbox 263 3600 320 3660; x_wconf 86' lang='lat' dir='ltr'>Hie</span> <span class='ocrx_word' id='word_1_241' title='bbox 342 3601 367 3659; x_wconf 88' lang='lat' dir='ltr'>si</span> <span class='ocrx_word' id='word_1_242' title='bbox 399 3618 546 3678; x_wconf 81' lang='lat' dir='ltr'>quaeras,</span> <span class='ocrx_word' id='word_1_243' title='bbox 578 3617 640 3677; x_wconf 89' lang='lat' dir='ltr'>qua</span> <span class='ocrx_word' id='word_1_244' title='bbox 666 3599 830 3659; x_wconf 87' lang='lat' dir='ltr'>autoritate</span> <span class='ocrx_word' id='word_1_245' title='bbox 867 3595 1000 3659; x_wconf 83' lang='lat' dir='ltr'>verbum·</span> <span class='ocrx_word' id='word_1_246' title='bbox 1018 3596 1100 3659; x_wconf 84' lang='lat' dir='ltr'>Petri</span> 
     </span>
     <span class='ocr_line' id='line_1_39' title="bbox 180 3679 1101 3761; baseline -0.007 -17"><span class='ocrx_word' id='word_1_247' title='bbox 180 3683 227 3744; x_wconf 80' lang='lat' dir='ltr'>aie</span> <span class='ocrx_word' id='word_1_248' title='bbox 249 3688 375 3761; x_wconf 82' lang='lat' dir='ltr'>ooartet,</span> <span class='ocrx_word' id='word_1_249' title='bbox 397 3688 428 3742; x_wconf 88' lang='lat' dir='ltr'>et</span> <span class='ocrx_word' id='word_1_250' title='bbox 450 3680 532 3761; x_wconf 91' lang='lat' dir='ltr'>quod</span> <span class='ocrx_word' id='word_1_251' title='bbox 546 3681 687 3743; x_wconf 85' lang='lat' dir='ltr'>omnibus</span> <span class='ocrx_word' id='word_1_252' title='bbox 700 3681 814 3743; x_wconf 88' lang='lat' dir='ltr'>dietum</span> <span class='ocrx_word' id='word_1_253' title='bbox 838 3685 893 3756; x_wconf 74' lang='lat' dir='ltr'>est,</span> <span class='ocrx_word' id='word_1_254' title='bbox 916 3679 957 3743; x_wconf 85' lang='lat' dir='ltr'>ed</span> <span class='ocrx_word' id='word_1_255' title='bbox 979 3679 1101 3759; x_wconf 71' lang='lat' dir='ltr'>aliquos</span> 
     </span>
     <span class='ocr_line' id='line_1_40' title="bbox 179 3762 1103 3847; baseline -0.005 -19"><span class='ocrx_word' id='word_1_256' title='bbox 179 3765 331 3828; x_wconf 81' lang='lat' dir='ltr'>duntaxat</span> <span class='ocrx_word' id='word_1_257' title='bbox 341 3766 526 3847; x_wconf 85' lang='lat' dir='ltr'>depravator</span> <span class='ocrx_word' id='word_1_258' title='bbox 539 3771 640 3846; x_wconf 86' lang='lat' dir='ltr'>aptat,</span> <span class='ocrx_word' id='word_1_259' title='bbox 662 3763 877 3846; x_wconf 81' lang='lat' dir='ltr'>respondebit:</span> <span class='ocrx_word' id='word_1_260' title='bbox 900 3762 1103 3839; x_wconf 73' lang='lat' dir='ltr'>Aliudznibil,</span> 
     </span>
    </p>
   </div>
   <div class='ocr_carea' id='block_1_15' title="bbox 0 0 1181 4208">
    <p class='ocr_par' dir='ltr' id='par_1_16' title="bbox 0 0 1181 4208">
     <span class='ocr_line' id='line_1_41' title="bbox 0 0 1181 4208; baseline 0 0"><span class='ocrx_word' id='word_1_261' title='bbox 0 0 1181 4208; x_wconf 95' lang='lat' dir='ltr'> </span> 
     </span>
    </p>
   </div>
  </div>
 </body>
</html>
