2346 4208
441 274 606 345 Hieronymi
623 274 742 331 Emseri.
1025 274 1045 341 5

121 463 211 543 quasi
233 461 386 542 velamen,
409 463 517 542 inquit,
538 461 688 523 habentes
711 461 845 523 malitiae
862 461 1045 526 libertatem.

121 546 172 607 An
194 564 269 608 vero
292 545 445 626 voluptas,
467 563 505 606 ac
526 545 627 606 carnis
648 544 821 606 desideria?
844 544 885 606 At
906 552 1048 626 repetant

121 630 246 704 animo,
275 648 337 708 quo
359 648 485 690 snorum
509 627 659 707 quosdam
684 630 794 705 (etiam
817 629 959 709 regulos)
995 628 1046 690 ab·

122 712 246 773 duxerit
267 718 448 791 portentosa
469 710 523 771 illa
544 710 692 791 nulloque
723 712 881 793 religionis
903 711 1046 792 symbolo

122 797 353 876 circumscripta
375 793 480 857 libido.

205 877 269 938 Aut
302 884 447 958 quantum
477 877 616 956 sceleris,
653 876 765 955 quidve
800 879 929 939 monstri
961 877 1047 939 brevi

122 960 205 1041 apud
239 980 295 1022 eos
327 961 438 1022 aluerit
464 961 671 1040 contemptrix
705 979 848 1041 superum
880 962 1048 1039 temeritas,
1132 1037 1135 1045 Ι

121 1050 156 1106 et
177 1041 322 1124 ereeta1)
348 1042 444 1104 semel
468 1042 623 1103 deliratio:
654 1042 755 1104 Deum
778 1050 875 1105 testor
897 1045 1045 1123 optimum

122 1127 307 1206 maximum,
345 1126 428 1206 quod
463 1145 525 1186 non
560 1127 627 1186 sine
656 1126 790 1187 lacrimis
817 1128 877 1188 ista
899 1126 1046 1188 dictitem.

122 1210 200 1286 Quis
232 1211 316 1270 enim
351 1229 424 1271 vere
448 1209 636 1269 Christianus
674 1216 706 1270 et
731 1208 885 1271 fraternae
913 1211 1047 1270 caritatis

123 1298 246 1354 amator
265 1313 329 1355 non
351 1292 458 1354 doleat
490 1298 537 1353 tot
563 1291 689 1354 fratrum
725 1293 895 1353 iacturam?
930 1299 1046 1354 tantam

122 1377 312 1437 animarum«
327 1375 468 1436 cladem?
510 1382 573 1437 tam
606 1375 714 1456 inclyti
756 1377 845 1456 regni
878 1394 982 1437 casum
1017 1382 1049 1437 et

120 1459 265 1520 ruinam?
297 1464 415 1519 tantam
448 1464 606 1537 postremo
640 1457 762 1518 divinas
784 1459 952 1519 maiestatis
975 1477 1047 1520 con·

122 1542 281 1604 tumeliam
304 1561 341 1602 ac
374 1540 619 1620 blasphemiam?
658 1539 721 1601 Aut
742 1539 876 1620 quem¹)
900 1542 961 1602 iam
982 1560 1046 1602 non

122 1624 249 1706 pudeat,
271 1625 390 1703 priscos
411 1624 482 1683 illos
504 1623 892 1704 generososBohemnrnm
915 1625 1048 1703 spiritus,

121 1714 247 1790 gentem
270 1714 357 1768 tanta
378 1707 450 1767 clim
475 1707 585 1768 virtute
608 1708 823 1787 conopionem,
845 1713 895 1768 tot
913 1707 1048 1767 victoriis

121 1791 282 1870 illustrem,
304 1809 401 1872 penes
423 1807 516 1868 quarn
539 1809 658 1850 summa
674 1789 829 1868 quondam
851 1788 909 1849 fuit
927 1790 1046 1870 imperii

123 1881 156 1935 et
176 1875 328 1934 terrestris
349 1873 436 1953 regni
459 1879 561 1952 caput,
584 1891 622 1933 ao
634 1872 790 1935 redactam
811 1892 891 1952 esse,
911 1878 955 1950 ut,
978 1890 1047 1933 cum

123 1956 267 2037 singulae
287 1963 395 2036 gentes
417 1957 599 2036 religionem
622 1955 756 2036 aliquam
776 1975 868 2016 unam
891 1954 1048 2016 mordicus

122 2044 260 2118 teneant,
282 2039 332 2099 hic
353 2041 385 2098 in
407 2058 469 2098 uno
492 2057 589 2118 regno
613 2038 706 2099 alium
724 2057 869 2120 proceres
883 2037 1049 2099 observent

123 2123 283 2203 religionis
306 2122 429 2199 cultum,
452 2121 545 2181 aliurn
568 2123 668 2182 cives:
692 2123 775 2182 etin
800 2141 861 2181 una
877 2118 1048 2198 eademque

124 2206 219 2267 domo
243 2207 331 2265 aliter
352 2205 581 2285 paterfamilias,
604 2205 693 2265 aliter
713 2204 828 2264 familia
851 2203 1049 2283 ipsaadoret,

125 2290 260 2367 denique
281 2290 313 2348 in
335 2307 396 2347 uno
421 2306 515 2366 saepe
529 2288 618 2347 thoro
641 2287 703 2349 alio
726 2290 771 2348 vir
793 2290 861 2365 ritu,
884 2287 946 2348 alio
971 2305 1049 2346 uxor

124 2374 224 2432 Deum
246 2371 350 2432 colat?
384 2372 414 2430 in
437 2371 612 2431 universum
641 2377 759 2449 autem,
793 2377 825 2430 ut
854 2390 924 2449 pars
952 2369 1048 2429 multo

126 2456 271 2533 maxima,
294 2453 470 2534 posthabito
486 2453 554 2513 Deo
577 2463 609 2512 et
629 2453 736 2514 relicto
761 2454 855 2515 verbo
872 2453 963 2532 vitae,
987 2471 1048 2512 cer·

125 2537 257 2599 donibus
290 2537 383 2598 modo
422 2535 497 2614 ets)
540 2535 733 2615 crepidariis,
766 2543 830 2596 tum
864 2535 1049 2596 mulierculis

125 2620 308 2700 quibusdam
326 2618 479 2700 praeficis,
501 2619 594 2695 idque
616 2620 646 2677 in
665 2619 830 2699 gurgustiis
843 2618 1049 2679 subterraneis

127 2703 319 2781 (Cimmeriis
355 2701 489 2762 tenebris
525 2701 729 2782 dignissimis)
760 2721 848 2762 aures
881 2700 1049 2780 praebeat?

126 2786 230 2865 Atque
251 2786 298 2846 his
322 2785 449 2846 ducibus
472 2783 553 2867 ac4)
577 2785 700 2864 aurigis,
723 2790 830 2844 eontra
841 2783 1049 2845 invincibilem

126 2871 280 2931 ecclesiae
301 2870 473 2946 veritatem,
497 2875 543 2928 tot
556 2874 722 2948 martyrum
740 2867 895 2944 caedibus,
916 2873 978 2927 tam
1002 2885 1049 2927 so·

127 2952 197 3013 lidis
228 2951 442 3032 apostolorum
469 2950 693 3030 fundamentis,
721 2969 814 3031 supra
845 2949 1050 3009 firmissimam

127 3037 240 3097 Christi
263 3043 379 3115 petram
406 3033 616 3112 aedificatam,
643 3041 787 3114 tanquam
816 3051 921 3093 musea
943 3037 1052 3092 contra

127 3119 384 3200 elephantem5),
414 3123 467 3178 aut
488 3117 635 3177 adversus
658 3117 792 3197 aquilam
815 3115 978 3176 scarabeus
1001 3134 1050 3175 ve·

128 3202 212 3262 litari
234 3201 334 3262 ausit?

210 3285 288 3345 Num
332 3283 413 3344 idem
448 3283 597 3343 factitavit
629 3283 839 3344 Vuenceslaus
871 3281 941 3342 Dux
978 3280 1050 3341 olim

127 3388 249 3446 eorum,
283 3369 329 3427 vir
357 3368 441 3426 omni
471 3367 634 3426 sanctitate
663 3365 870 3427 venerabilia?
912 3365 991 3425 Num
1020 3363 1052 3423 id

127 3471 204 3513 ausa
226 3456 273 3511 est
294 3451 395 3530 prisca
424 3449 477 3508 illa
499 3449 668 3510 Bnhemica
695 3450 789 3510 virtus
818 3467 856 3509 ae
885 3446 1052 3509 nobilitas?

201 3658 232 3718 1)
253 3655 358 3710 Inedit.
372 3656 443 3708 Jem:
463 3660 582 3724 erecta3
602 3654 675 3723 apud
686 3654 815 3708 Loesch.:
836 3668 851 3704 e
870 3657 953 3704 recto.
973 3652 1005 3721 2)
1021 3652 1052 3703 In

129 3728 173 3782 ed.
193 3726 270 3783 Jen.:
303 3743 393 3796 quam.
431 3727 463 3792 3)
487 3725 567 3796 Apud
588 3726 716 3780 huarch:
746 3742 787 3778 ac.
825 3722 857 3791 4)
878 3723 998 3777 ibidem:
1018 3728 1053 3777 et.

129 3800 164 3870 5)
186 3799 271 3855 ibid:
290 3799 478 3868 elephantum.
