2346 4208
398 275 505 331 additio
523 274 560 332 D.
575 275 657 330 Mart.
677 276 796 333 huthari.
821 300 825 307 ·
1001 268 1044 338 26

120 459 240 522 habent
272 480 409 542 pannas,
443 462 674 525 annunciabunt
711 461 904 522 sententiam.
958 458 1045 520 Haeo

122 551 176 605 tuo
202 545 346 625 exemplo
369 564 527 628 cognosce
542 564 612 607 esse
627 564 710 607 vera.
741 544 816 619 Quis
831 545 922 622 enim,
945 553 1044 623 putas,

123 627 197 687 mihi
220 646 275 689 cor
301 637 384 689 tuum
406 630 557 690 revelavit
578 637 610 689 et
632 626 833 690 revelandum
856 625 956 704 dedit,
987 626 1045 686 nisi

120 710 194 787 ille',
222 711 273 791 qni
303 711 388 772 dedit
420 713 509 774 nohis
538 715 616 773 scire
648 715 740 773 etiam
764 711 969 791 cogitationes
993 708 1045 770 Sa-

122 802 225 870 tanae,
248 793 464 856 discretionem
488 797 662 875 spirituum,
691 797 754 856 imo
777 812 901 854 sensum
923 792 1046 871 Christi,

122 885 156 938 et
177 877 329 956 profunda
350 878 428 938 Dei?

207 959 298 1037 Quid,
321 961 404 1039 quod
426 970 457 1022 tu
479 963 547 1043 ipse
569 962 733 1022 autoritate
755 960 869 1036 Bedae,
891 978 960 1019 cum
983 978 1046 1019 non

122 1062 222 1124 neges
242 1043 412 1105 Iohannem
425 1045 506 1106 Huss
526 1044 607 1106 falsa
630 1042 787 1105 miscuisse
811 1042 913 1104 reris?
935 1041 1047 1103 Nonne

123 1126 174 1188 vel
195 1126 329 1205 Bedam,
363 1128 414 1190 vel
450 1136 480 1189 te
512 1129 614 1208 ipsum
643 1127 849 1188 Bohenrornm
884 1132 1046 1206 patronum

123 1209 284 1271 ostentas?
316 1212 367 1289 qui
399 1217 489 1272 tonas
528 1230 591 1272 non
628 1212 728 1272 solum
751 1217 861 1272 contra
883 1209 1047 1270 concilium

123 1294 364 1355 Constantiensa
395 1293 475 1435 aquo
509 1296 602 1355 unico
641 1296 734 1354 miser
764 1303 834 1354 tuns
865 1291 1049 1353 fulciebatur

122 1377 306 1438 fortissimus
330 1378 402 1437 theo
417 1376 527 1460 ogus),
558 1377 613 1438 sed
649 1383 758 1439 contra
793 1379 894 1456 ipsum
924 1393 1048 1455 qnoque

122 1460 339 1538 lortimimum,
366 1459 468 1542 (quod
490 1459 684 1523 intolerabile
708 1465 794 1535 est),
827 1458 973 1520 articulos
995 1459 1048 1519 ali-

122 1560 203 1622 quos
226 1560 326 1620 veros,
350 1543 431 1604 mals
453 1543 625 1622 damnatos,
647 1562 708 1623 quo
731 1549 828 1604 totam
850 1543 911 1603 vim
935 1550 966 1602 et
988 1543 1049 1602 vic-

124 1627 235 1686 toriam
257 1625 350 1697 Eccii,
366 1645 506 1704 enervas,
529 1646 712 1706 mecumque
732 1645 789 1706 per
813 1626 917 1686 omnia
943 1626 1047 1688 sentis.

208 1708 341 1769 Ptoinde
363 1717 404 1787 tu,
429 1711 455 1770 si
467 1712 562 1790 sapis,
585 1709 684 1770 scriba
703 1709 876 1770 catholicae
896 1707 1049 1769 ecclesiae

126 1791 333 1852 Bohemorum
356 1792 606 1869 administratori,
629 1801 662 1853 ut
683 1792 722 1853 ad
736 1793 885 1872 gremium
898 1790 1049 1851 ecclesiae

124 1882 253 1935 revocat
274 1882 430 1952 errantes,
454 1876 536 1954 qnod
559 1883 592 1937 ut
613 1878 676 1950 sui,
698 1877 752 1954 tui,
776 1875 973 1952 omniumque
994 1892 1048 1934 no-

124 1965 221 2018 strum
242 1957 337 2018 faciat
355 1957 498 2020 ludibrio.
541 1959 589 2020 Da
621 1958 785 2020 haereticis
820 1958 918 2033 (sicut
951 1953 1046 2038 facis)

124 2041 196 2118 hoc,
219 2040 390 2101 iohannem
412 2042 494 2102 Huss
517 2062 590 2103 vera
611 2043 696 2102 falsis
719 2042 889 2117 miscuisse,
909 2040 969 2099 hoc
991 2045 1048 2116 est,

125 2124 291 2184 concilium
335 2125 573 2186 Constantianos
616 2125 761 2186 articulos
815 2125 880 2184 eius
931 2122 1050 2201 aliquot

123 2207 219 2286 impie
243 2206 417 2284 damnasse,
438 2209 531 2287 idque
552 2209 656 2269 Bedae
679 2210 850 2269 autoritate.
895 2206 945 2266 Sic
968 2207 1048 2265 enim

124 2291 211 2363 corvi
234 2291 276 2350 tui
299 2309 389 2350 ovum
413 2291 582 2371 legitimum
610 2293 683 2370 aris,
708 2294 757 2371 qui
781 2297 812 2350 et
833 2292 914 2370 ipse,
945 2295 978 2350 ut
998 2309 1048 2350 me

123 2372 296 2432 Bohemum
338 2374 525 2447 haereticum
565 2381 728 2453 statueret,
768 2375 866 2454 primo
898 2373 1047 2434 Nicanum

126 2456 293 2516 concilium
315 2459 511 2537 contempsit,
535 2479 647 2538 magna
670 2459 850 2532 autoritate,
872 2455 995 2516 habitus
1016 2457 1047 2515 in

123 2540 186 2598 hoc
220 2540 308 2599 vobis
348 2541 619 2615 catholicissimus,
652 2541 764 2600 deinde
800 2539 1048 2617 Constantiense,

125 2621 271 2700 Magister
293 2621 421 2702 Spiritus
444 2626 542 2684 sancti
563 2625 678 2699 iactus,
708 2623 809 2683 denuo
834 2629 865 2682 et
886 2622 975 2682 aliter
997 2621 1047 2682 de·
1151 2654 1159 2669 κ

124 2704 262 2765 claravit.
307 2704 358 2765 Sic
387 2707 494 2767 soletis
528 2727 584 2767 vos
613 2706 772 2767 confutare
793 2704 982 2782 haereticos,
1016 2711 1049 2764 ut

124 2788 248 2867 peiores
271 2789 417 2848 haeretici
439 2788 519 2849 fiatis
543 2797 573 2850 et
595 2809 653 2850 nos
677 2808 785 2850 omnes
808 2807 913 2848 eorum
936 2786 1047 2847 fabulis

123 2869 263 2948 tradatis,
287 2870 357 2930 dum
381 2880 413 2931 ut
436 2872 544 2933 coletis
568 2874 713 2952 culicem,
747 2871 897 2933 camelum
921 2871 1047 2952 glutitis,

124 2953 206 3013 adeo
231 2956 312 3014 cauti
335 2957 425 3036 estis,
448 2956 527 3016 adeo
551 2957 644 3016 refert
664 2962 776 3031 vestra,
799 2954 894 3014 multa
924 2972 1046 3033 magna·

123 3055 185 3114 que
208 3056 322 3116 negare
352 3045 383 3097 et
419 3038 565 3100 damnare
588 3040 827 3115 catholicorum,
863 3056 903 3097 ua
925 3036 1048 3096 modica

124 3119 257 3200 probare
280 3121 443 3181 videamini
466 3122 706 3198 haereticorum,
736 3130 769 3181 ut
790 3120 955 3202 probantes
977 3137 1047 3198 pos-

125 3203 192 3262 sitis
213 3204 329 3263 iactare
351 3205 534 3283 haereticos,
557 3215 649 3285 atqua
670 3205 700 3264 id
715 3205 868 3264 nullorum
887 3203 1045 3263 hominum
1107 3253 1109 3258 .

124 3285 216 3365 odio,
246 3286 301 3346 sed
324 3288 391 3348 zelo
413 3289 564 3367 veritatis,
598 3309 653 3369 pro
676 3289 775 3369 gloria
797 3288 853 3348 Dei
877 3287 1047 3348 ethonore

124 3376 253 3429 sanotae
275 3370 435 3430 Romanae
457 3371 616 3436 ecclesiae.

210 3452 270 3512 Sed
294 3460 325 3512 et
346 3473 402 3513 vos
430 3456 594 3534 scriptores
617 3456 690 3514 mihi
713 3453 857 3514 videmini
881 3471 949 3512 esse
971 3469 1047 3511 non·
1101 3462 1104 3472 ⁴

125 3534 201 3594 nihil
224 3540 349 3597 autores
371 3538 558 3598 Bohemicae
579 3538 785 3618 pertinaciae,
822 3536 872 3614 qui
906 3542 967 3594 tam
997 3534 1046 3595 fri-

124 3616 197 3697 gida
219 3627 250 3678 et
269 3620 477 3680 inconstantia
499 3621 628 3682 scribitis
637 3644 652 3700 ,¹
673 3619 782 3700 frigide
804 3619 884 3679 enirn
909 3626 939 3678 et
960 3619 1046 3698 pigre

124 3700 298 3779 conhrtare,
331 3702 403 3782 quid
438 3703 519 3764 aliud
559 3712 619 3782 est,
653 3724 744 3784 quam
772 3703 818 3764 bis
843 3699 1045 3761 confirmare?

124 3783 329 3869 Adversaris,
350 3788 436 3847 iuxta
457 3787 604 3867 Paulum,
626 3805 662 3848 os
684 3786 812 3868 opplere
834 3791 865 3846 at
886 3783 1045 3847 obstruere
