2346 4208
360 208 756 341 imitatuturum·
812 222 924 351 'squ'
1017 260 1065 339 w·
1124 316 1130 323 .

146 472 186 535 ns
218 470 317 554 anes,
339 468 503 553 amaus,
524 452 1060 559 isannestonsanmspsnsmm,

145 476 291 639 “bago
317 558 519 701 tempors'in
551 558 717 621 seidsmats
744 562 980 643 perseverantes
1001 560 1058 639 aab

142 638 279 721 sugerio
297 640 409 709 N.·,'u
429 640 565 703 ¹eonoilio
586 642 766 713 Fiorsntino
788 640 995 705 obedientiam
1007 642 1059 713 'ie-

142 726 244 785 aarum
260 722 439 805 eodemus,
452 726 593 805 quomis
615 742 672 807 pro
680 726 834 825 pertinaoi
856 722 986 809 pertidia
998 716 1058 789 ata-⁵

121 800 187 867 ‘tim
206 804 248 867 ad
271 806 422 875 vomitum
443 806 600 877 redierint.
637 808 784 891 Alioquin
813 808 840 869 si
860 806 971 871 Graeoi
993 824 1056 871 non
1114 848 1121 871 .

139 886 262 951 tuissent
282 888 472 951 subismatioi
487 888 697 971 'et'basrstibu
717 906 781 953 non
801 890 985 955 haberemus
1005 890 1057 954 de
1097 934 1102 955 .

121 972 346 1035 munemne
367 971 492 1035 summa
514 968 576 1035 ude
598 973 752 1036 ostholiua
778 980 887 1037 eontra
909 972 1056 1041 Graeoos.
1148 1036 1151 1045 ,

138 1052 190 1117 iel
220 1054 305 1117 sorte
319 1056 521 1119 *reversbdus
546 1056 638 1118 Pater
663 1058 788 1139 ignorat
807 1054 960 1121 Thomam
994 1056 1054 1121 edi-

137 1134 355 1199 namuurum·
370 1136 410 1200 ds
427 1138 585 1201 asturibus
606 1138 805 1203 Grasoorum.
1005 1206 1012 1217 ,

181 1218 304 1299 Addo,
320 1220 394 1301 quia
412 1220 534 1285 induxit
554 1222 616 1285 iam
637 1225 761 1305 saepius
782 1222 1057 1285 aoeiesiamorisn·

136 1302 314 1365 bladr'non
337 1302 436 1367 inisse
454 1298 624 1367 subieram
645 1298 737 1369 Roma
751 1288 909 1385 ¹Pontifloi,
933 1313 965 1367 et
985 1304 1056 1387 upr-

135 1386 279 1467 pbanium
313 1384 461 1469 (typrium
482 1386 517 1465 ²)
553 1388 705 1472 repulisse
728 1388 769 1451 'a
799 1384 1057 1473 (ibrysostomum

134 1468 399 1553 abepi'seopatu,
445 1470 508 1533 uod
528 1470 746 1535 benefactum
774 1469 852 1557 dioit
867 1468 1055 1545 reversurus

134 1550 219 1615 istor
240 1550 410 1615 autoritate
422 1488 533 1615 bidem
554 1554 678 1617 eonoilii
700 1562 732 1616 et
743 1554 900 1637 Cypriani.
923 1552 985 1616 aad
1006 1570 1055 1615 oe·

135 1634 203 1699 cidit
223 1636 258 1697 in
281 1634 427 1717 foveam,
455 1640 563 1725 quam'
578 1636 668 1717 iecit,
700 1632 847 1719 quoniam
869 1636 900 1701 8.
922 1634 1056 1719 Chryso·

136 1700 335 1783 mmbsomo
356 1718 638 1801 i'mpaiatrieis'mit
658 1720 806 1799 deieotns,
828 1728 861 1781 st
880 1720 1054 1783 baeretious
1119 1772 1124 1783 .

134 1800 262 1863 brianus
285 1800 484 1885 substitutus,
512 1818 769 1883 qnemsummus
791 1800 935 1865 Pontifex
948 1802 1057 1864 ,tubus

133 1885 291 1947 mandavit
309 1885 466 1969 resedere,
487 1893 520 1949 et
539 1884 713 1949 iohannem
732 1884 990 1969 chrysostomum
1009 1906 1055 1948 re·

135 1968 236 2031 stituit.
272 1966 379 2044 Quod·
393 1968 465 2031 dum
487 1971 601 2032 fastum
624 1989 688 2032 non
710 1975 809 2048 esset,
843 1968 944 2031 Julius
968 1988 1054 2051 papa

133 2050 305 2113 iohannem
314 2050 572 2134 tihrys'ostomum
594 2054 712 2115 restitui
732 2052 910 2134 praecepit,
946 2062 978 2114 et
998 2054 1052 2114 im-

134 2142 304 2213 peratorem
342 2136 630 2200 excommunicavit.
682 2135 729 2198 Ita
771 2144 803 2198 et
832 2142 939 2198 oonba
973 2128 1057 2198 aiios·

136 2218 297 2299 episcopos
319 2218 493 2280 haereticos
515 2222 685 2301 prooessit,
713 2226 747 2280 ut
768 2239 830 2280 non
855 2220 967 2298 semei,
998 2220 1052 2281 sed

136 2298 233 2362 deeies
255 2301 395 2362 Graecos
417 2302 455 2363 ab
479 2301 655 2364 obedientia
668 2302 758 2364 Rom.
782 2303 932 2364 eeclesiae
953 2323 1052 2365 reaes-

137 2385 206 2444 sisss
226 2378 375 2445 historiae
397 2385 528 2449 tradant.
552 2386 613 2448 Eiat
641 2404 722 2446 nuno
742 2386 929 2447 reverendus
952 2388 1051 2464 Pater,

139 2472 164 2528 et
195 2467 282 2528 dieat
302 2466 392 2529 Rom.
415 2468 594 2530 Pontiiioem
623 2469 661 2530 ds
690 2469 828 2530 ecelesiis
851 2471 1050 2530 orientalibus

138 2568 190 2610 non
212 2550 420 2630 disposuisse,
448 2553 498 2614 vei
519 2552 664 2614 iustifloet
691 2560 753 2612 tam
776 2552 806 2614 S.
837 2552 934 2613 Patris
957 2552 1051 2634 Chry·

138 2635 260 2694 sostomi
281 2632 445 2714 repulsam.
882 2659 889 2678 ·

210 2715 340 2795 Tertio,
373 2716 411 2778 de
433 2716 551 2778 Nioena
577 2717 699 2798 syuodo
731 2736 821 2797 quam
855 2736 893 2779 ex
914 2717 1051 2781 Historia

138 2798 315 2860 sobolastiea
336 2799 387 2862 lib.
411 2798 460 2864 10.
482 2799 628 2883 adduxit,
662 2802 687 2861 si
708 2803 768 2861 ista
790 2810 838 2862 est
859 2803 1048 2882 constitutio,

142 2898 224 2961 qnam
247 2883 279 2943 in
302 2901 359 2943 sua
379 2883 477 2944 voluit
498 2884 710 2965 oonoiasione,
731 2884 814 2945 bona
836 2893 892 2963 est,
914 2884 1050 2967 inquam,

140 2963 241 3028 sedad
262 2967 456 3047 propositum
477 2966 597 3047 frigida.¹
618 2967 686 3027 Jam
705 2967 842 3048 synodus
857 2967 941 3029 nullo
958 2969 1050 3029 etiam

139 3050 170 3109 eb
191 3052 332 3129 tempore
346 3048 499 3131 'legitima
527 3050 744 3130 arbitrabatur,
775 3069 854 3130 quae
886 3069 949 3110 non
971 3052 1051 3114 foret

139 3133 297 3195 autoritate
319 3130 407 3192 Rom.
424 3131 580 3193 Pontifiois
602 3142 801 3215 congregata,
845 3134 891 3194 lta
914 3133 986 3212 Leo,
1008 3137 1051 3196 ita

141 3210 304 3290 Mareslins,
326 3215 370 3277 ita
390 3214 499 3294 Juiius,
522 3217 630 3295 saneti,
653 3235 715 3277 non
738 3216 839 3299 frigidi
860 3235 960 3297 papae
983 3238 1051 3278 san·

139 3307 249 3376 rerunt,
273 3300 355 3358 airon
375 3298 457 3359 idem
480 3307 601 3379 tempus
623 3301 773 3364 viventes.
807 3300 1051 3362 constitutiones

140 3394 234 3441 sorum
255 3378 401 3460 leguntur
423 3381 491 3444 dist.
516 3385 563 3445 19.
587 3402 655 3444 ean.
679 3383 848 3463 Synodum,
871 3391 902 3442 et
924 3402 1051 3463 sequen-

140 3461 218 3542 tibus,
240 3464 322 3524 unde
344 3465 427 3543 quod
449 3465 644 3526 Patriarehae
657 3465 940 3546 Hierosolymitano
963 3487 1051 3547 prae-

140 3548 301 3626 rogativam
326 3546 453 3609 honoris
477 3549 637 3630 dederunt,
659 3549 714 3611 sed
736 3570 798 3611 non
820 3551 983 3630 primatum
1007 3558 1050 3612 to·

183 3813 211 3868 1ι
231 3814 262 3868 in
277 3815 321 3869 ed.
338 3814 400 3870 ian,
419 3816 538 3907 atapnd
559 3810 687 3873 Lotsebr‘
707 3814 885 3888 cyprianum.
