2346 4208
415 263 440 333 {a
457 263 580 322 Notariis
605 265 730 331 excepta.
986 260 1048 347 133

201 451 279 528 Quia
300 471 334 512 se
355 451 494 514 fundat'
485 471 517 512 ιιι
539 451 616 528 hoa,
648 450 731 531 quod
748 451 962 539 purgatorium
984 471 1048 514 non

134 536 188 596 ιιι
181 555 209 596 ιο
232 537 328 596 saeris
350 535 447 597 literis
467 555 656 616 expressum,
680 540 754 596 cont
754 554 789 595 ra
810 533 892 613 quod
907 542 955 596 est
975 555 1048 597 con·

134 618 190 683 cilii¹
201 618 371 681 Florentini
392 619 570 695 decretum,
604 617 687 698 quod
709 626 740 678 et
760 617 872 679 Graeci
893 617 1067 717 abnegato,

135 721 220 763 errore
230 709 472 783 assumpserunt,
496 701 608 762 deinde
630 702 732 782 plures
754 701 816 762 loci
830 720 937 762 sacrae
950 701 1048 784 Scrip-

135 791 212 864 tnae,
233 791 267 845 ut
287 785 362 846 illud
378 789 432 860 *):
455 785 666 847 Transivimus
689 805 744 865 per
756 804 867 864 aquam
890 793 921 845 et
934 786 1048 865 ignem,

135 876 158 928 et
177 868 345 949 perduxisti
367 888 425 929 nos
453 870 490 928 in
512 869 725 949 refrigerium,
757 868 842 929 illud.
865 866 985 929 Bccles.
1009 871 1047 931 4:

135 951 170 1012 lle
187 970 310 1013 carcere
341 958 372 1013 et
400 953 517 1013 catenis
547 951 702 1032 egreditur
732 950 771 1011 ad
794 970 939 1032 regnum,
972 952 1048 1012 illud

134 1033 224 1096 listth.
247 1040 282 1100 5:
305 1036 393 1097 Dixit
414 1034 571 1096 dominus:
608 1034 685 1096 Esto
709 1037 905 1095 consentiens
928 1044 985 1100 etc.
1008 1055 1048 1097 ue

133 1118 157 1177 in
170 1137 321 1179 carcerem
333 1120 473 1195 mittaris,
495 1119 594 1179 Amen
607 1118 677 1178 dico
693 1118 757 1196 tibi,
780 1137 842 1179 uon
866 1119 952 1180 exies
965 1117 1047 1196 inde,

133 1199 217 1263 donec
250 1200 362 1263 reddas
406 1203 610 1262 novissimum
649 1200 861 1280 quadrantem.
906 1201 964 1264 Ubi
992 1222 1049 1283 per

133 1302 271 1347 carcerem
294 1285 440 1381 iutelligit
428 1286 564 1345 tlocum
586 1286 772 1366 purgatorii,
802 1306 840 1345 ex
869 1304 931 1364 quo
953 1285 1047 1346 horno

132 1386 181 1428 nou
199 1368 367 1446 liberatur,
390 1369 448 1428 nisi
470 1368 568 1453 plene
587 1368 777 1446 satisfecerit,
801 1370 880 1429 sieut
900 1370 1047 1448 interpre-

132 1452 242 1516 tatorB.
251 1451 451 1531 Gregorius
443 1472 474 1511 ιιι
496 1435 568 1512 loco
585 1451 794 1532 respondente
816 1471 909 1532 super
923 1452 1046 1514 Lucam.

95 1611 98 1617 .
132 1532 204 1597 liotio
228 1541 333 1597 tamen
356 1533 508 1615 Gregorii,
532 1554 622 1614 quam
646 1536 809 1595 reassumit
829 1535 864 1596 B.
872 1535 1047 1596 Bernartius

134 1634 175 1679 ιιι.
194 1621 246 1684 66
269 1617 522 1697 snperCanticis,
547 1625 594 1677 est
582 1617 726 1696 tvalida,
750 1616 982 1696 quodChristus
1003 1620 1047 1679 in·

133 1708 186 1762 urat
207 1702 315 1780 aliqua
336 1705 466 1780 peccata
488 1702 630 1761 remitti
623 1721 652 1760 tn
675 1701 776 1761 futuro
799 1701 914 1762 seculo.

194 1784 258 1846 Sed
281 1785 493 1864 apertissimus
515 1791 619 1844 textus
653 1792 700 1844 est
688 1785 757 1855 tl.
782 1783 917 1845 Corinth.
936 1786 979 1848 3:
1014 1785 1046 1846 Si

130 1868 197 1929 cuns
219 1886 300 1948 opus
315 1868 434 1944 arserit,
457 1866 510 1926 det
498 1868 672 1928 trimeutum
691 1868 862 1947 patietur,
854 1886 922 1947 ipse
943 1873 1046 1928 autern

128 1950 215 2012 salvus
239 1953 307 2029 erit,
330 1951 376 2010 sio
399 1957 500 2010 tamen
524 1952 611 2029 quasi
634 1970 688 2031 per
709 1952 821 2031 ignem.
844 1949 886 2010 Bt
907 1949 971 2011 dies
986 1952 1046 2013 Do·

127 2034 185 2095 nini
207 2033 390 2110 declarabit,
413 2035 485 2112 quia
505 2035 536 2093 iu
560 2035 631 2114 igne
653 2034 848 2094 revelabitur.
885 2031 925 2092 Bt
946 2035 1046 2095 unius·

127 2119 263 2197 tuusque
286 2137 364 2196 opus
388 2116 478 2194 quale
501 2118 556 2192 sit,
579 2118 657 2196 ignis
681 2117 844 2195 probabit,
879 2123 911 2176 et
939 2117 980 2177 ibi
1008 2117 1046 2177 de

126 2201 239 2281 stipula,
263 2200 357 2261 foeno
383 2205 451 2277 etc,
476 2199 526 2259 ubi
552 2200 778 2259 BAmbrosius
801 2200 890 2278 dicit,
914 2199 1045 2280 Aposto-

124 2282 174 2343 lum
195 2303 347 2363 expresso
369 2282 505 2341 locutum
528 2282 567 2342 de
585 2285 773 2362 purgatorio.
811 2283 893 2342 ldern
917 2290 1046 2344 testatur

123 2366 217 2445 glossa
239 2367 467 2442 interlinearis,
490 2366 595 2445 glossa
617 2386 739 2445 quoque
763 2366 924 2425 ordinaria.
971 2366 1045 2429 Sub-

123 2451 215 2512 scribit
242 2448 274 2524 ¹]
304 2449 336 2509 B.
360 2449 565 2528 Hieronymus
588 2450 637 2511 lib.
661 2454 688 2511 2.
714 2458 821 2509 contra
837 2449 1044 2527 Jovinianum,

123 2532 148 2591 Β.
168 2551 294 2613 quoque
314 2532 482 2611 Gregorius
506 2532 544 2591 de
564 2534 741 2611 purgatorio
764 2534 883 2612 accipit,
908 2533 990 2611 quod
1013 2541 1044 2594 et

122 2615 148 2675 B.
167 2614 346 2677 Bernartius
374 2633 467 2693 super
489 2615 622 2673 Cantieis
645 2615 725 2678 iacit..
755 2615 795 2674 Bt
784 2624 856 2674 tne
879 2617 945 2710 quis
971 2616 1044 2676 obii-

122 2700 172 2759 ciat
193 2698 490 2777 mihiAugustinum
512 2698 686 2760 iancher
711 2718 777 2777 cap.
793 2703 854 2776 67,
880 2701 984 2777 quiet
973 2701 1045 2760 tde

121 2782 180 2861 igne
203 2783 379 2863 praesentis
398 2781 494 2840 seculi
518 2781 612 2840 verba
633 2781 686 2840 illa
708 2801 801 2861 posse
838 2784 868 2841 in
872 2782 1044 2862 telligi,
992 2785 1035 2843 ait

121 2863 192 2946 legat
214 2864 351 2926 eundem
373 2864 557 2943 completius
580 2848 759 2943 ibidem,et
728 2872 898 2943 ettquaes
878 2870 932 2928 ι)
956 2865 1043 2930 dea.

121 2947 233 3010 Dulcit'
199 2956 235 3010 ιιι
259 2948 477 3089 quaesttio.et,
499 2949 629 3026 reperiet
649 2948 852 3028 Augustinurn
875 2949 928 3008 illa
950 2951 1044 3010 verba

122 3033 256 3110 apostoli,
280 3032 359 3089 sicut
381 3038 451 3089 sunt
440 3031 731 3109 tmauifestissinra,
757 3033 897 3111 accipere
920 3052 1043 3111 quoque

124 3112 152 3173 tle
171 3114 363 3196 purgatorio

192 3197 298 3272 Quare
320 3196 461 3256 nedum
454 3216 484 3254 m
509 3195 592 3256 libris
618 3197 909 3257 Machabaeorum*
915 3207 935 3276 ),
960 3201 1041 3278 quod
1085 3272 1088 3277 Ι

124 3282 221 3424 utiquet
237 3281 391 3340 ecclesiae
414 3278 584 3358 sufficeret,
608 3280 661 3340 sed
685 3290 714 3339 et
737 3284 766 3341 ιο
790 3282 857 3340 aliis
880 3282 1041 3362 scripturis
1082 3280 1091 3317 ¹

125 3365 321 3445 purgatorium
351 3365 515 3439 asseritur,
544 3364 601 3422 nisi
630 3364 813 3443 Gregorius,
850 3365 1041 3443 Ambrosius,

127 3447 313 3528 Augustinus,
335 3446 551 3525 Hieronymus,
575 3447 747 3507 Bernartius
770 3449 830 3506 sint
852 3448 890 3508 de
914 3469 1040 3509 numero

158 3704 183 3767 l)
206 3705 236 3755 ln
253 3703 296 3756 etl.
309 3704 371 3757 len.
392 3709 418 3755 et
436 3703 505 3771 apud
522 3703 648 3759 Loeseh.:
669 3707 840 3775 subscripsit.

161 3799 187 3867 ⁸)
205 3798 327 3853 Psaros.
368 3799 417 3863 ⁰)
438 3799 461 3855 i.
480 3798 546 3853 Mac.
564 3798 605 3853 12.
