2346 4208
120 225 184 295 290
419 290 427 301 Ι
444 224 526 278 Bulla
543 224 644 279 Leonis
663 224 697 276 X.

166 413 194 487 i)
220 411 269 471 An
291 411 322 469 in
347 411 471 472 occulto
493 411 614 471 locutus
648 414 716 487 est,
753 409 928 488 quitatum
949 427 1032 488 paene

166 495 322 573 Europam
348 494 587 575 praedicationis
608 512 683 553 suae
704 492 812 553 auditu
833 491 990 572 implevit?

165 574 206 658 lr)
227 576 296 636 Hoc
318 577 440 656 quidem
463 577 625 654 oredimus,
646 576 744 637 semel
765 575 824 636 abs
845 580 1033 655 tcaceeptum

166 658 253 719 illum
275 679 430 739 nunquam
449 660 663 740 fuissepostea
678 657 847 737 quidquam
866 657 1035 720 locuturum.
1078 686 1081 701 ·

165 742 193 817 lt
219 742 306 802 Tune
328 761 423 824 coges
438 744 557 803 nescire
568 742 709 803 homines
723 759 805 820 quae
817 739 937 819 vident,
959 759 1036 821 quas·

168 844 227 905 que
256 826 376 886 sciunt?
410 823 489 900 Quid
523 824 646 886 tandem
682 842 745 884 non
781 825 939 904 permittis
974 822 1037 887 tillil

164 907 250 967 lllam
275 909 409 968 omnium
433 908 580 969 malorum
604 909 773 983 sentinam,
807 906 887 966 illud
916 907 1037 967 omniun

166 991 368 1070 pessimorum
404 991 552 1052 scelerum
586 990 794 1068 domicilium,
834 991 939 1050 omnis
973 988 1039 1050 labis

166 1074 327 1152 omnisque
358 1073 556 1135 foedissimae
578 1073 772 1153 turpitudinis
808 1073 1040 1152 receptaculum,

164 1154 403 1234 illudpublicac
438 1159 519 1217 vitae
541 1158 733 1236 contagium,
768 1173 971 1217 communem
997 1174 1042 1236 pc-

166 1237 348 1316 stilentism,
371 1239 476 1301 urbem
496 1240 628 1301 Romam
651 1236 853 1320 persuadebis
877 1238 1040 1301 nobisnou

166 1339 235 1380 esse
257 1321 371 1381 talem?

169 1399 219 1487 m)
243 1403 367 1464 Nihilne
388 1410 418 1464 te
439 1403 544 1485 pudet,
567 1403 730 1465 Pontifex?
751 1402 801 1463 Ad
825 1402 949 1464 nullum
972 1422 1042 1465 man

168 1485 288 1561 dacium
310 1486 440 1548 frontem
464 1487 585 1547 mutas?
618 1485 679 1548 Sed
702 1486 776 1546 nihil
799 1486 913 1547 horum
935 1485 1043 1547 scribe

166 1588 229 1647 res,
263 1569 322 1630 nisi
344 1577 375 1630 te
397 1569 435 1631 ab
459 1570 542 1630 omni
563 1568 727 1631 honestate
747 1587 896 1630 aversum
920 1570 1045 1631 trahsrd

167 1653 318 1732 pecuniae
340 1651 482 1715 studium.

187 1734 248 1796 Sed
261 1733 419 1796 obaudivit
432 1754 563 1815 semper,
583 1734 778 1814 etpraedicta
788 1733 1044 1796 (litationaomni-

125 1816 244 1896 busque
266 1823 297 1877 et
319 1819 447 1898 singulis
470 1817 651 1898 supradictis
674 1817 783 1897 spretis
801 1818 913 1878 venire
921 1817 957 1899 a)
982 1836 1044 1877 oon-

125 1903 229 1960 temsit
241 1919 278 1959 ac
294 1900 435 1980 usquein
452 1907 643 1980 praesentem
658 1899 739 1960 diem
756 1907 940 1978 contumax,
962 1908 1045 1979 atque

124 1984 228 2043 animo
251 1982 393 2044 indurato
416 2003 561 2043 sensuras
583 1983 662 2044 ultra
684 2002 795 2043 annum
822 1985 986 2059 sustinuit,
1012 1990 1045 2059 et,

128 2064 210 2144 quod
233 2065 367 2126 deterius
390 2073 447 2142 est,
469 2064 586 2127 addens
609 2066 691 2127 mala
711 2065 810 2141 malis,
834 2065 1046 2129 deoitstione

126 2146 304 2207 huiusmodi
327 2150 468 2209 notitiam
490 2148 625 2226 habens,
658 2150 689 2207 in
729 2167 839 2208 vocem
870 2150 1046 2210 temerariae

126 2229 398 2309 Appellationisb)
435 2233 574 2312 prorupit
618 2231 655 2290 ad
701 2233 832 2292 futurum
868 2232 1045 2308 Concilium,

127 2317 233 2372 eontra
264 2314 514 2375 constitutionem
536 2315 581 2373 Pii
602 2314 679 2389 lic)
705 2333 742 2375 ac
768 2314 835 2374 Iulii
860 2312 942 2397 lid)
968 2334 1046 2395 praa·

127 2392 324 2455 decessorum
349 2404 540 2476 nostrorum,
568 2417 629 2476 qua
650 2404 792 2476 cavetur,
827 2399 930 2458 taliter
949 2397 1046 2478 appel·

127 2475 226 2537 lantes
257 2478 480 2540 haereticorum
513 2484 654 2559 poenae)
686 2479 886 2556 plectendos,
923 2481 1047 2549 (frustra

126 2559 217 2620 etiarn
247 2559 366 2621 Concili
404 2563 550 2623 auxilium
584 2565 774 2643 imploravit,
810 2562 899 2642 quis)
930 2563 977 2623 illi
1017 2582 1045 2622 se

126 2662 189 2703 uon
212 2644 338 2704 credere
359 2646 461 2724 palam
484 2646 681 2725 profiteturj:
705 2648 747 2706 ita
759 2654 922 2707 utcontra
941 2648 1045 2726 ipsum,

127 2733 270 2804 tanquam
293 2725 330 2787 de
352 2727 413 2788 fide
437 2730 558 2789 notorie
581 2736 771 2810 suspectum,
800 2729 863 2789 imo
887 2749 963 2791 vere
983 2730 1046 2790 hae-

48 2883 56 2894 ἱ
127 2810 266 2887 retioum,
289 2811 405 2890 absque
429 2809 529 2892 ullal)
555 2811 709 2872 ditatione
732 2811 784 2872 vel
805 2831 895 2872 mora
917 2814 958 2875 ad
981 2832 1046 2873 con·

127 2889 355 2952 demnationem
386 2900 417 2953 et
438 2893 666 2955 damnationem
690 2896 753 2955 eius
777 2900 925 2973 tanquam
948 2897 1046 2956 haere-

127 2975 197 3050 tici,
219 2973 294 3051 ac²)
321 2977 456 3036 omnium
492 2988 523 3037 et
556 2978 741 3058 singularum
775 2980 1045 3058 suprascriptarum

127 3076 295 3135 poenarum
319 3065 349 3117 et
371 3077 566 3119 censurarum
580 3063 773 3121 severitatem
790 3060 965 3138 procedere
983 3081 1045 3142 pos·

127 3138 287 3222 semusg).
330 3140 535 3202 Nihilominus
569 3143 606 3203 de
644 3143 810 3204 eorundem
834 3143 977 3205 Fratrum
999 3163 1047 3204 no·

127 3229 256 3281 atrorum
301 3223 494 3305 consilioh),
520 3225 770 3305 omnipotentisil
798 3226 856 3286 Dei
897 3229 1048 3288 imitantes

127 3305 338 3382 clementiam,
369 3307 420 3384 qui
442 3326 504 3366 non
527 3308 592 3368 vult
614 3318 741 3370 mortem
765 3313 963 3388 peccatoris,
998 3308 1046 3370 sed

127 3389 224 3467 magis
247 3397 280 3447 ut
301 3397 497 3449 convertatur
519 3399 550 3451 ct
571 3392 670 3471 vivat,
706 3393 841 3452 omnium
872 3394 1047 3455 iniuriarum

126 3469 275 3530 hactenus
302 3470 392 3530 nobis
422 3480 453 3532 et
474 3475 667 3554 apostolicae
689 3474 760 3537 sedi
780 3475 935 3537 illatarum
960 3477 1052 3547 obliti,

142 3592 429 3601 --...--—-—.-.-.--—.·-.
436 3595 542 3604 ———.-

247 3648 279 3704 ll
308 3647 337 3700 ln
368 3648 431 3701 edit.
457 3648 579 3706 Mincii:
613 3652 716 3718 absque
746 3651 872 3704 ulteriori
908 3656 1048 3707 citatione.

124 3715 160 3781 2)
181 3716 267 3772 Ibid.:
288 3733 318 3769 ae
338 3719 381 3773 ad.
