2346 4208
126 253 189 320 302
454 254 552 308 'Bulla
570 253 669 308 Leonis
688 254 720 308 X.

113 468 117 477 ·
207 442 394 502 earnationia
408 440 583 502 dominicae
593 442 633 502 Μ.
646 440 765 523 ΒΓΧΧ,
776 445 827 508 17.
836 440 1048 521 Καὶεηᾶ.1υ1ἰί,

141 538 145 562 ³
211 524 410 585 Pontificatus
434 527 529 585 nost-ri
553 544 635 585 anno
660 534 784 587 octavo.
927 540 931 549 ’

584 609 659 668 Visa
682 609 716 669 R.
739 607 921 670 Milanesius

791 691 1004 772 Albergatns.'

457 856 506 915 Ad
528 855 663 917 Leonem
685 855 724 919 X.

205 1021 292 1081 Haec
313 1039 405 1099 super
425 1021 515 1082 Bolia
536 1028 588 1081 tua
609 1020 789 1100 habuimus,
812 1016 960 1081 Pontifex
983 1019 1047 1094 leo,

126 1121 216 1182 quarn
251 1104 429 1184 praestabat
456 1105 575 1165 Romae
603 1105 754 1166 contineri
796 1103 881 1184 apud
910 1109 1046 1165 satiatum

126 1185 265 1263 Petrum,
295 1193 329 1246 ut
348 1195 497 1267 perpetuo
520 1188 647 1264 lateret,
674 1205 764 1267 qnam
794 1193 886 1248 tanto
909 1199 981 1246 enm
1003 1206 1046 1266 pu·

127 1267 201 1329 dore
242 1271 285 1347 (si
316 1277 346 1330 te
380 1270 472 1330 modo
502 1271 597 1350 pudet
629 1270 810 1336 dedecoris)
846 1270 934 1329 foras
966 1276 997 1328 et
1021 1271 1045 1328 in

126 1352 225 1412 lucem
249 1354 356 1415 emitti.
399 1352 501 1427 Quare
533 1373 572 1415 ne
600 1373 662 1414 non
686 1372 808 1434 semper
828 1353 956 1432 aliquid.
974 1360 1045 1412 reete

126 1454 305 1496 moneamus
327 1443 368 1513 ta,
390 1439 519 1517 pretium
534 1454 648 1517 operae
670 1444 727 1516 ast,
747 1437 799 1498 isti
812 1441 888 1497 tuae
910 1432 1045 1496 licentiae

125 1517 250 1579 modurn
274 1523 417 1596 statuere,
440 1532 472 1580 ct
492 1518 667 1599 petulantes
687 1519 775 1579 huius
798 1520 926 1599 generis
950 1519 1044 1579 Bullaa

124 1600 261 1680 frenare,
292 1621 331 1662 ne
352 1602 420 1681 plus
439 1621 546 1681 aequo.
566 1621 600 1663 se
630 1601 803 1682 effundant,
832 1601 952 1662 Paulus
973 1601 1045 1663 iubet

123 1686 215 1745 etiam
238 1705 258 1745 a
279 1687 383 1764 speeie
405 1686 478 1749 mali
491 1685 653 1747 abstinere
676 1693 722 1759 te,
752 1691 839 1745 tanto
872 1685 978 1744 minus
998 1684 1042 1745 de·

123 1766 177 1828 bes
200 1775 337 1847 apertum
361 1776 391 1828 te
413 1767 630 1829 offendiculum
653 1767 802 1848 praebere
824 1768 948 1847 populo
966 1768 1041 1829 Obri-

121 1851 239 1927 suano,
277 1852 325 1911 cui
358 1852 418 1913 iam
453 1868 630 1931 persuasum
663 1853 721 1931 ipsi
757 1869 885 1930 quoque
924 1857 987 1926 eat,
1018 1852 1041 1909 in

122 1931 289 1995 Germania
312 1937 505 2013 praesertim,
533 1954 573 1994 ex
594 1933 824 1995 Pontificaiibua
855 1935 1041 1995 constitutio·

125 2016 231 2092 nibus,
264 2023 296 2076 ut
328 2019 444 2077 nummi
472 2018 564 2098 vulgo
587 2026 672 2095 sunt,
710 2025 794 2077 tanto
818 2035 979 2096 quamque
999 2016 1041 2077 de

125 2099 268 2159 tariorem
301 2118 384 2176 esse,
423 2108 538 2179 quanto
576 2102 617 2160 ait
655 2101 816 2161 reeentior.
869 2099 945 2163 Noti
978 2116 1041 2159 vero

125 2189 315 2242 commutare
325 2185 485 2243 veritatem
499 2185 555 2243 Dei
569 2185 599 2243 in
618 2184 819 2258 mendacium,
844 2195 877 2242 et
899 2183 1042 2244 humanas

125 2272 242 2325 vestras
281 2268 517 2326 constitutiones
558 2267 596 2327 ab
641 2268 769 2325 avaritia
805 2274 836 2324 ct
878 2267 1042 2327 ambitione

125 2347 322 2429 depromptas
369 2348 479 2410 divinis
528 2349 681 2430 praeferre
718 2349 870 2408 mandatis
921 2360 953 2409 et
993 2349 1042 2408 Dei

124 2430 229 2495 verbo.

207 2513 286 2575 Iliad
314 2517 343 2574 in
373 2515 478 2595 primis
507 2515 637 2594 desiste,
672 2531 778 2574 amore
812 2511 889 2573 lucri
925 2512 1042 2575 divinae

125 2598 300 2679 Scripturae
322 2617 446 2659 sensum
467 2599 579 2677 iniquis
596 2597 786 2676 detorquere
808 2595 931 2675 modis,
960 2605 991 2657 et
1010 2595 1042 2656 ab

124 2701 159 2742 se
180 2682 312 2742 alienum
335 2680 481 2760 reddere,
515 2701 552 2740 aa
579 2680 730 2741 fascinare
758 2677 894 2737 fidelium
921 2690 1042 2751 mentes,

124 2784 163 2824 ne
192 2766 311 2825 veritati
347 2764 502 2825 obediant.
552 2765 629 2824 Nam
667 2762 738 2842 quid
771 2763 893 2821 conaris
916 2763 947 2834 ¹)
989 2771 1041 2823 mm

124 2847 292 2906 manifestis
314 2848 372 2906 tuis
396 2846 521 2927 flagitiis
543 2846 616 2908 boni
638 2847 772 2927 speciem
796 2843 958 2924 inducere,
981 2865 1041 2906 cun

123 2930 256 3009 possim,
279 2930 304 2990 si
326 2931 358 3005 in
380 2932 641 2993 concertationem
665 2948 715 2989 me
739 2926 933 3008 perduxeris,
957 2947 1041 2989 unum

116 3012 153 3070 -in
176 3010 343 3072 Germania
365 3013 544 3092 episcopum
567 3012 730 3073 ostendere
754 3009 916 3083 omnibns,
946 3033 965 3071 a
989 3030 1041 3091 quo

121 3094 152 3152 vi
174 3113 211 3154 ae
232 3093 339 3155 frauda
361 3097 517 3156 extorsisti
539 3103 647 3178 quater
662 3095 803 3174 sexagies
820 3093 907 3152 mille
926 3114 1041 3156 aureos.

121 3174 178 3236 Est
198 3176 259 3237 hoc
281 3177 409 3255 tondere
434 3178 528 3239 oves?
551 3177 612 3238 Aut
626 3179 773 3257 spelunca
788 3176 944 3239 latronum
968 3179 1042 3239 facts

122 3266 170 3318 est
190 3258 300 3320 domus
323 3260 469 3320 Domini?

203 3342 340 3403 Tandem
365 3343 581 3424 cupiditatibus
604 3345 663 3402 tuis
687 3342 814 3416 obsiste,
838 3349 935 3420 atque
956 3344 1040 3403 istam

120 3433 258 3504 tempera
292 3427 490 3505 rapacitatem
535 3435 637 3500 tuam,
680 3422 839 3485 confidens
873 3427 904 3484 in
947 3427 1040 3486 verbis

124 3507 295 3587 mendacii,
332 3528 368 3568 ac
389 3509 495 3569 dicens
524 3507 677 3589 quotidie:
720 3507 882 3585 Templum
914 3509 1042 3583 Domini,

190 3775 223 3842 1)
243 3776 273 3827 ln
291 3773 334 3829 ed.
354 3774 428 3830 Jeu.:
447 3777 565 3830 coneris.
