2346 4208
190 285 254 363 274
525 281 609 343 Bulla
626 281 729 342 iconis
747 283 780 342 Χ.

235 478 273 553 b)
297 477 356 539 Hic
380 475 506 538 modern
526 475 766 558 irreparabiliter
791 483 839 538 sat
859 475 977 557 lapsus.
1021 473 1115 551 Quan-

238 570 302 622 tum
325 561 408 623 enim
431 559 554 622 decedit
576 559 662 621 lucro
684 560 823 641 episcopi
843 559 994 637 Romani,
1017 559 1042 618 si
1062 557 1116 619 lroo

237 664 343 706 verum
365 649 422 707 est
467 643 562 705 Porro
585 643 756 724 principem
777 642 986 722 sacerdotum,
1008 640 1117 703 seonls·

239 729 281 788 ris
304 727 396 788 etiam
419 727 539 806 imperii
561 726 830 806 moderatorems
821 746 854 787 ιιι
878 725 1022 788 ordinem
1043 723 1118 786 redi·

217 807 900 975 1ff3relqffiissairrerlffitfflcergrr3ggmgpom’
919 910 956 953 se
967 910 1040 953 esse
1054 908 1118 952 oon·

198 978 311 1053 tritum,
334 993 393 1034 nec
411 975 559 1037 sacerdos
577 976 742 1055 requirere

221 1057 277 1141 15)
295 1058 424 1138 lllsgnus
446 1066 495 1120 est
515 1079 601 1121 error
622 1077 739 1137 eorum,
762 1077 812 1139 qur
804 1058 866 1119 ad
888 1055 1117 1131 sacromonta¹l

198 1141 400 1203 eucharistiae
420 1141 573 1203 accedunt
586 1142 658 1203 huic
669 1143 777 1220 innixi,
799 1140 882 1222 quod
902 1143 966 1202 sint
982 1140 1121 1217 confessi,

198 1223 282 1306 quod
303 1243 367 1285 non
390 1226 451 1286 sint
471 1225 530 1287 sibi
552 1226 669 1286 consoii
682 1226 811 1286 alicuius
831 1226 954 1306 peceati
976 1222 1120 1300 mortalis,

199 1306 282 1387 quod
304 1308 519 1387 praemiserint
548 1309 706 1370 orationes
736 1326 808 1370 snas
830 1316 863 1369 et
882 1307 1122 1389 praeparatoria,

200 1409 308 1455 omnes
329 1390 375 1451 illi
397 1390 436 1450 ad
458 1390 642 1463 iudicinm²)
668 1389 726 1452 sibi
745 1391 934 1455 manducant
955 1396 990 1452 et
1010 1389 1121 1453 bibunt

200 1473 307 1535 Sed
284 1493 310 1535 ιι
332 1471 460 1535 credant
493 1482 525 1536 et
552 1473 711 1536 oonlldant
732 1494 766 1536 se
786 1475 917 1556 gratiam
950 1470 995 1536 ibi
1020 1490 1123 1535 conse

199 1563 342 1635 outnros,
374 1556 452 1618 haee
474 1558 543 1620 sols
565 1557 642 1619 lldes
663 1559 737 1619 iacit
758 1577 813 1619 ees
834 1576 929 1640 puros
951 1562 985 1618 et
1007 1556 1123 1637 dignos.

222 1641 278 1715 16)
301 1639 482 1701 consultum
503 1641 633 1720 videtur,
654 1641 738 1722 quod
761 1641 947 1702 ecelesiam
971 1638 1123 1702 commoni

200 1723 333 1784 concilio
356 1728 528 1802 statueret,
554 1724 653 1786 laicos
674 1724 732 1786 suls
764 1730 892 1822 utraque
915 1724 1027 1804 specie
1047 1741 1123 1784 oom-

200 1805 419 1885 municandos,
441 1825 501 1868 nec
523 1807 653 1876 Bohemi
675 1808 941 1869 communicantes
965 1805 1025 1869 sub
1047 1813 1122 1867 utra·

201 1890 659 2054 ‘'ltfpitttltltttt’
680 1890 1127 2055 {risile-‘linem

200 2057 269 2134 tias,
292 2074 355 2116 non
378 2063 449 2117 sunt
470 2058 579 2118 merita
601 2057 713 2118 Christi
734 2064 767 2118 et
787 2056 985 2119 Sanctorum.

224 2139 281 2235 18)
305 2137 555 2219 lndulgentiaess)
580 2147 651 2201 sunt
671 2142 742 2221 piae
764 2140 886 2201 iraudes
908 2138 1127 2217 fideliumet

202 2222 398 2283 remissiones
421 2222 572 2284 bonorum
595 2242 722 2304 operum
730 2225 775 2302 ²)
797 2230 829 2284 et
850 2229 921 2283 sunt
941 2222 983 2284 de
1002 2238 1124 2283 numero

201 2324 318 2381 eorum,
341 2323 420 2384 quae
442 2305 545 2384 licent,
524 2312 599 2367 tet
619 2325 683 2368 non
706 2306 745 2367 de
767 2320 1028 2402 numeroeorum,
1050 2322 1124 2385 quse

198 2387 375 2466 expediunt.
451 2392 455 2401 '

239 2473 275 2548 ι)
239 2468 419 2550 e,Vah4)
442 2473 494 2551 qui
515 2471 646 2532 destruis
660 2471 746 2533 Servi
765 2491 924 2534 servorum
946 2477 1124 2546 ιιιιιιίιιι,

240 2554 317 2698 ,llud
338 2555 493 2635 singulare
515 2555 658 2615 uberrimi
681 2555 756 2616 lucri
769 2556 953 2663 fomentum,
976 2555 1057 2617 ieris
1079 2515 1124 2614 oili

263 2657 391 2699 ammas

222 2723 279 2800 19)
294 2721 508 2801 Indulgentiae
523 2712 613 2799 iitss),
626 2722 677 2801 qui
694 2723 845 2783 veraciter
858 2740 912 2782 eas
933 2738 1124 2802 consequae

202 2811 259 2882 tur,
282 2823 345 2864 non
368 2804 473 2864 valent
494 2803 533 2864 ad
548 2805 761 2866 remissionem
777 2823 899 2886 poenae
911 2822 972 2885 pro
994 2803 1125 2886 peccatis

203 2887 379 2949 aetuslibus
398 2886 520 2948 debitae
542 2887 623 2966 apud
645 2888 781 2948 divinam
803 2889 962 2949 iustitiam.

223 2968 280 3052 20)
295 2969 488 3032 Seducuntur
509 2970 681 3050 credentes,
703 2970 911 3052 indulgentias
924 2989 998 3032 esse
1020 2970 1125 3031 solute

203 3071 253 3113 res
274 3053 366 3116 etad
387 3053 517 3114 fructum
539 3055 664 3134 spiritus
687 3053 785 3115 utiles.

222 3138 281 3214 21)
306 3136 518 3217 Indulgentiae
540 3140 735 3199 necessariae
756 3144 828 3198 sunt
860 3136 964 3197 solnm
999 3135 1124 3217 publicis

200 3220 387 3299 criminibus,
411 3225 441 3280 et
456 3221 580 3301 proprie
602 3220 814 3287 conceduntur
825 3219 907 3281 duris
929 3217 1124 3281 solummodo

200 3310 232 3363 et
254 3303 495 3383 impatientibus.

219 3383 274 3467 22)
298 3385 359 3447 ilex
380 3386 546 3467 generibus
566 3386 724 3447 hominum
746 3384 965 3466 indulgentiae
981 3404 1044 3447 neo
1065 3388 1124 3444 sont

200 3471 393 3530 necessariae
416 3489 474 3530 nee
487 3469 586 3548 utiles,
610 3469 754 3531 videlicet
775 3468 902 3530 mortuis
924 3486 982 3529 seu
1004 3469 1123 3531 moritu·

268 3673 354 3737 llln
372 3673 436 3729 edit
455 3673 533 3731 den:
546 3679 771 3728 sacramentam.
808 3669 894 3738 t)1n
918 3671 987 3728 edit.
1007 3671 1120 3727 litinelr.⁸

197 3743 394 3869 liilmdicium
415 3746 588 3813 3l1bidem:
610 3760 736 3801 onerum
755 3744 788 3812 4)
802 3742 887 3799 loto:
908 3742 980 3800 Vae.
998 3744 1035 3813 5)
1056 3741 1120 3799 loro·
