2346 4208
97 336 100 343 .
121 270 185 348 260
359 274 451 336 Resot.
473 267 501 337 L.
521 288 605 350 sup'sr
624 263 812 351 Proposit'ioit.

121 470 178 531 Dei
211 476 242 529 et
262 469 324 549 legi
357 468 476 549 peccati
499 466 614 528 servit?
635 466 746 527 Adhuc
766 484 865 549 neges
885 472 1026 549 peccatun

125 570 208 630 esse,
231 555 345 612 servire
367 553 427 631 legi
442 551 585 631 peccati?
605 549 723 610 Eodem
744 551 847 611 fronte
867 568 970 631 neges,
985 548 1027 611 bo

124 656 196 695 num
208 655 276 694 esse
291 635 404 694 seruire
414 634 474 714 legi
486 634 551 693 Dei.
574 632 632 694 Est
645 652 721 715 ergo
736 653 831 695 omne
839 652 919 715 opus
932 632 1028 695 bonurn
1053 650 1068 689 .-

126 720 273 778 vitiosum
297 719 508 796 cuiuscunque
529 716 662 776 hominis
683 718 713 775 in
736 716 796 777 hae
815 718 896 794 vitu,
923 722 1030 797 propter

82 804 85 809 '
124 802 307 862 servitutem
330 801 467 881 peccati,
502 818 563 879 qua
584 806 706 859 tenetur
729 801 870 882 captiuus
892 800 924 859 in
946 808 1031 875 curru(¹

125 892 160 944 nt
182 884 244 964 legi
257 884 315 943 Dei
339 901 462 963 semper
482 881 604 943 debitor
624 889 655 942 et
676 890 824 962 peccator
833 880 1034 959 maneantur

125 986 186 1027 uno
206 967 319 1041 salvus,
341 965 506 1045 quodcum
521 964 675 1045 Apostolo
688 965 816 1025 elamat:
834 965 943 1025 infelix
952 964 1032 1027 honr

127 1069 200 1131 ego,
224 1050 291 1129 quis
314 1069 364 1110 me
387 1048 529 1109 liberabit
551 1047 590 1107 de
610 1054 711 1108 morte
732 1049 872 1147 eorporis
894 1046 1000 1109 huiusi

208 1131 363 1207 Quartol)
389 1130 497 1191 eedem
511 1131 652 1191 eiusdem
665 1136 818 1191 sententia
841 1130 1032 1195 acuuntur

123 1215 203 1275 Coro
226 1216 420 1294 concupiscit
440 1214 588 1274 adversus
601 1215 738 1293 spiritum
755 1221 787 1274 et
800 1214 926 1295 spiritua
942 1212 1038 1283 adm,

123 1318 175 1357 sus
199 1316 338 1375 carnem,
360 1297 438 1357 haec
460 1298 541 1356 enim
565 1296 621 1357 sibi
635 1297 767 1357 invicem
780 1296 1034 1375 adversantium

122 1401 184 1440 non
208 1380 461 1459 euquoevnttis,
485 1380 614 1442 tonnus.
637 1379 686 1439 An
708 1380 800 1440 etiani
823 1379 951 1440 hicnon
971 1378 1053 1441 satir

120 1471 242 1543 apertus
265 1470 312 1523 est
327 1461 460 1523 Paulus?
482 1462 711 1543 concupiscere
733 1462 916 1523 adversust
937 1462 1033 1539 iritum,

121 1552 281 1626 peccatum
304 1553 402 1606 estet
423 1552 531 1606 contra
545 1546 647 1624 legem
656 1546 725 1606 Dei.
747 1545 790 1606 At
807 1546 900 1626 haec!
925 1565 966 1607 no
983 1560 1033 1607 me

122 1637 206 1706 nent,
216 1628 360 1709 quamdiu
368 1648 441 1688 caro
454 1630 568 1707 motet,
578 1632 622 1688 ita
633 1647 695 1689 non
704 1628 820 1689 faciunt
832 1628 918 1709 qnod
931 1628 1039 1690 uniunt-

124 1713 241 1772 Voiunt
260 1712 361 1793 legem
384 1712 442 1771 Dei
464 1730 602 1789 servare,
630 1731 670 1771 ne
690 1713 915 1793 concupiscant
934 1712 975 1773 ali

123 1804 233 1861 contra
254 1795 356 1875 legem
372 1795 440 1871 Dei,
463 1794 517 1854 sed
541 1813 603 1855 non
618 1794 743 1872 faciunt,
766 1795 968 1875 necimplent

126 1879 217 1956 velie,
240 1879 312 1938 ideo
332 1885 460 1939 manent
476 1886 668 1958 peccatores,
691 1884 722 1937 et
737 1897 800 1938 non
822 1896 919 1938 unum
940 1876 1033 1939 seiten

125 1981 203 2041 opus
226 1961 360 2040 faciunt2
392 1962 423 2021 in
448 1980 508 2040 quo
531 1960 605 2021 nihii
628 1962 667 2020 sit
689 1959 799 2041 debiti,
836 1968 891 2021 ant
911 1960 1034 2021 defectu

124 2065 143 2104 a
164 2045 194 2103 le
217 2062 243 2107 e.
623 2090 625 2095 .

196 2063 263 2186 {iic
295 2144 369 2186 vero
408 2126 606 2207 obstrepunt,
638 2126 792 2186 dicentes:
826 2125 886 2187 Hic
911 2125 1034 2187 cerm

128 2211 252 2289 proprie
274 2216 435 2288 peccaturo
459 2228 521 2269 non
545 2217 608 2288 est,
641 2208 713 2269 ideo
735 2208 887 2270 tenendus
909 2217 958 2285 vt
974 2222 1034 2269 nau

45 2356 51 2367 .
124 2292 282 2370 loquendi,
306 2299 337 2351 et
358 2292 546 2370 loquendum
567 2297 600 2351 ut
614 2292 709 2351 multi.
736 2291 944 2372 Respondent
964 2290 1034 2353 'l'un

123 2394 195 2434 usus
218 2382 266 2435 est
286 2375 497 2455 perniciosus,
528 2376 579 2454 qui
613 2394 632 2434 a
665 2374 890 2454 loquendinec
912 2374 1034 2451 acescit

123 2459 172 2537 qui
195 2460 224 2517 in
251 2459 345 2517 sacris
356 2456 453 2518 literis
475 2464 531 2533 est,
554 2459 639 2518 cuius
649 2456 816 2539 theologos
838 2466 1035 2538 oporterent

122 2542 389 2601 constantissimos
422 2540 648 2601 observatores.
690 2541 802 2600 Paulus
832 2540 927 2621 dicit,
964 2534 1060 2623 quoi·

122 2625 216 2684 seruit
237 2624 299 2704 legi
322 2624 455 2704 peccati,
478 2631 509 2682 et
532 2629 637 2683 contro
661 2624 762 2704 legem
787 2632 869 2704 agat.
914 2625 963 2691 At
978 2638 1035 2707 pet·

122 2714 223 2767 catum
246 2708 345 2787 magis
366 2709 490 2787 proprie
514 2706 574 2766 dici
604 2726 666 2766 non
691 2714 812 2787 potest,
847 2724 942 2805 quam
964 2700 1036 2789 qud

122 2799 230 2851 contro
251 2790 351 2872 tegern
384 2798 447 2866 est,
480 2797 512 2850 et
533 2790 594 2870 legi
628 2793 751 2870 peccati
788 2796 892 2853 servit.
936 2780 1059 2865 uuest,

123 2893 197 2954 ergo
219 2883 288 2934 tuns
311 2872 456 2951 loquendi
494 2871 617 2933 abusus.
661 2872 722 2934 Sed
760 2871 885 2934 dehoc
916 2874 1015 2963 inira?¹
1034 2874 1055 2939 ,“

124 2965 254 3036 peccato
276 2956 400 3020 veniali.
773 2998 785 3013 ,
950 2958 957 2969 “
1000 2972 1007 2991 ·

207 3041 302 3120 igitur
324 3047 440 3098 tantum
470 3039 581 3129 esttibi
604 3040 741 3119 peccati,
769 3046 918 3123 quantuor
941 3036 1036 3101 nnlurr'

123 3125 214 3199 tatis,
237 3122 439 3199 difficultatis,
460 3124 699 3203 repugnantiae,
730 3131 761 3182 et
782 3129 901 3183 tantum
924 3120 966 3185 ibi
986 3138 1036 3181 me

124 3208 190 3282 riti,
214 3213 359 3284 quantum
378 3206 556 3282 voluntatis,
578 3204 737 3282 libertatis,
758 3204 931 3266 hilaritatis.
952 3204 1035 3266 Hirta
1070 3206 1074 3281 ξ

125 3296 196 3348 snnt
215 3289 294 3348 haec
324 3289 384 3348 duo
407 3290 438 3347 in
462 3290 545 3349 omni
568 3289 632 3348 vitu
660 3296 691 3348 et
712 3308 806 3368 opere
828 3296 953 3367 nostro,
982 3302 1034 3349 nor

125 3373 205 3431 enirn
230 3373 296 3431 sine
318 3390 410 3430 corne
433 3390 555 3448 sumus,
577 3390 636 3432 nec
657 3373 723 3431 sine
745 3390 782 3431 en
805 3389 984 3452 operamur,
1009 3370 1034 3429 at

123 3455 221 3534 qualis
244 3463 291 3514 est
323 3473 415 3525 curn,
453 3455 527 3514 talia
554 3464 707 3534 operatur.
751 3454 842 3529 Quod
874 3457 899 3515 si
923 3457 962 3515 sit
979 3458 1033 3513 tob

125 3538 287 3612 noluntas,
309 3539 370 3597 inni
394 3542 441 3596 est
463 3545 624 3617 peccatum
646 3537 688 3599 ibi
710 3537 842 3598 mortale
864 3544 896 3598 et
916 3534 1031 3607 aversio,

125 3628 191 3681 tota
213 3628 316 3681 autern
338 3620 482 3680 voluntas
506 3622 537 3679 in
559 3618 618 3679 hac
633 3623 772 3681 vitonon
797 3628 854 3700 est,
876 3621 949 3682 iden
968 3634 1030 3681 set*

160 3790 227 3857 itin
247 3790 308 3843 edd.
329 3794 412 3861 σήμ
432 3790 545 3858 Quinto.
