<?xml version="1.0" encoding="UTF-8"?>
<!DOCTYPE html PUBLIC "-//W3C//DTD XHTML 1.0 Transitional//EN"
    "http://www.w3.org/TR/xhtml1/DTD/xhtml1-transitional.dtd">
<html xmlns="http://www.w3.org/1999/xhtml" xml:lang="en" lang="en">
 <head>
  <title>
</title>
<meta http-equiv="Content-Type" content="text/html;charset=utf-8" />
  <meta name='ocr-system' content='tesseract 3.04.00' />
  <meta name='ocr-capabilities' content='ocr_page ocr_carea ocr_par ocr_line ocrx_word'/>
</head>
<body>
  <div class='ocr_page' id='page_1' title='image "./dmartinilutheri04luthgoog_0714.png"; bbox 0 0 2346 4208; ppageno 0'>
   <div class='ocr_carea' id='block_1_1' title="bbox 309 235 1051 318">
    <p class='ocr_par' dir='ltr' id='par_1_1' title="bbox 309 235 1051 318">
     <span class='ocr_line' id='line_1_1' title="bbox 309 235 1051 318; baseline 0.016 -12"><span class='ocrx_word' id='word_1_1' title='bbox 309 254 343 307; x_wconf 90' lang='lat' dir='ltr'>ad</span> <span class='ocrx_word' id='word_1_2' title='bbox 364 255 632 311; x_wconf 71' lang='lat' dir='ltr'>condemnationem</span> <span class='ocrx_word' id='word_1_3' title='bbox 651 247 842 312; x_wconf 67' lang='lat' dir='ltr'>doctrinalem.</span> <span class='ocrx_word' id='word_1_4' title='bbox 982 235 1051 318; x_wconf 56' lang='grc' dir='ltr'>ι191</span> 
     </span>
    </p>
   </div>
   <div class='ocr_carea' id='block_1_2' title="bbox 121 439 1055 3854">
    <p class='ocr_par' dir='ltr' id='par_1_2' title="bbox 121 439 1052 939">
     <span class='ocr_line' id='line_1_2' title="bbox 122 439 1051 525; baseline -0.003 -20"><span class='ocrx_word' id='word_1_5' title='bbox 122 461 218 505; x_wconf 84' lang='lat' dir='ltr'>sensu</span> <span class='ocrx_word' id='word_1_6' title='bbox 241 443 350 523; x_wconf 88' lang='lat' dir='ltr'>eapitis</span> <span class='ocrx_word' id='word_1_7' title='bbox 372 448 403 502; x_wconf 93' lang='lat' dir='ltr'>et</span> <span class='ocrx_word' id='word_1_8' title='bbox 424 443 602 523; x_wconf 84' lang='lat' dir='ltr'>opinionum</span> <span class='ocrx_word' id='word_1_9' title='bbox 631 463 754 504; x_wconf 91' lang='lat' dir='ltr'>suarum</span> <span class='ocrx_word' id='word_1_10' title='bbox 777 439 917 525; x_wconf 85' lang='lat' dir='ltr'>egerunt,</span> <span class='ocrx_word' id='word_1_11' title='bbox 938 448 991 503; x_wconf 90' lang='lat' dir='ltr'>aut</span> <span class='ocrx_word' id='word_1_12' title='bbox 1012 441 1051 502; x_wconf 78' lang='lat' dir='ltr'>ad</span> 
     </span>
     <span class='ocr_line' id='line_1_3' title="bbox 123 525 1051 604; baseline -0.002 -18"><span class='ocrx_word' id='word_1_13' title='bbox 123 545 277 586; x_wconf 90' lang='lat' dir='ltr'>summum</span> <span class='ocrx_word' id='word_1_14' title='bbox 317 525 448 585; x_wconf 79' lang='lat' dir='ltr'>decretis</span> <span class='ocrx_word' id='word_1_15' title='bbox 485 526 659 587; x_wconf 88' lang='lat' dir='ltr'>humanitus</span> <span class='ocrx_word' id='word_1_16' title='bbox 682 528 822 604; x_wconf 88' lang='lat' dir='ltr'>statutis,</span> <span class='ocrx_word' id='word_1_17' title='bbox 855 534 888 586; x_wconf 94' lang='lat' dir='ltr'>ut</span> <span class='ocrx_word' id='word_1_18' title='bbox 910 525 1051 588; x_wconf 90' lang='lat' dir='ltr'>omnibus</span> 
     </span>
     <span class='ocr_line' id='line_1_4' title="bbox 123 608 1052 690; baseline -0.002 -20"><span class='ocrx_word' id='word_1_19' title='bbox 123 609 229 690; x_wconf 87' lang='lat' dir='ltr'>palam</span> <span class='ocrx_word' id='word_1_20' title='bbox 252 610 305 687; x_wconf 87' lang='lat' dir='ltr'>sit,</span> <span class='ocrx_word' id='word_1_21' title='bbox 339 608 477 669; x_wconf 81' lang='lat' dir='ltr'>infelices</span> <span class='ocrx_word' id='word_1_22' title='bbox 499 609 557 668; x_wconf 89' lang='lat' dir='ltr'>hos</span> <span class='ocrx_word' id='word_1_23' title='bbox 580 610 721 671; x_wconf 90' lang='lat' dir='ltr'>homines</span> <span class='ocrx_word' id='word_1_24' title='bbox 743 629 807 670; x_wconf 91' lang='lat' dir='ltr'>non</span> <span class='ocrx_word' id='word_1_25' title='bbox 829 608 960 687; x_wconf 92' lang='lat' dir='ltr'>iudicio,</span> <span class='ocrx_word' id='word_1_26' title='bbox 996 608 1052 669; x_wconf 91' lang='lat' dir='ltr'>sed</span> 
     </span>
     <span class='ocr_line' id='line_1_5' title="bbox 122 691 1050 772; baseline -0.004 -18"><span class='ocrx_word' id='word_1_27' title='bbox 122 711 212 754; x_wconf 89' lang='lat' dir='ltr'>mera</span> <span class='ocrx_word' id='word_1_28' title='bbox 232 692 405 752; x_wconf 76' lang='lat' dir='ltr'>temeritate</span> <span class='ocrx_word' id='word_1_29' title='bbox 427 694 610 772; x_wconf 89' lang='lat' dir='ltr'>praecipites</span> <span class='ocrx_word' id='word_1_30' title='bbox 632 694 718 770; x_wconf 90' lang='lat' dir='ltr'>ferri,</span> <span class='ocrx_word' id='word_1_31' title='bbox 752 712 810 754; x_wconf 90' lang='lat' dir='ltr'>uec</span> <span class='ocrx_word' id='word_1_32' title='bbox 833 692 947 753; x_wconf 86' lang='lat' dir='ltr'>offendi</span> <span class='ocrx_word' id='word_1_33' title='bbox 970 691 1050 751; x_wconf 91' lang='lat' dir='ltr'>falsi·</span> 
     </span>
     <span class='ocr_line' id='line_1_6' title="bbox 125 774 1051 856; baseline -0.003 -20"><span class='ocrx_word' id='word_1_34' title='bbox 125 783 201 854; x_wconf 85' lang='lat' dir='ltr'>tate,</span> <span class='ocrx_word' id='word_1_35' title='bbox 224 774 279 836; x_wconf 89' lang='lat' dir='ltr'>sed</span> <span class='ocrx_word' id='word_1_36' title='bbox 301 776 346 834; x_wconf 89' lang='lat' dir='ltr'>uri</span> <span class='ocrx_word' id='word_1_37' title='bbox 367 776 515 851; x_wconf 88' lang='lat' dir='ltr'>novitate,</span> <span class='ocrx_word' id='word_1_38' title='bbox 540 794 631 854; x_wconf 90' lang='lat' dir='ltr'>quam</span> <span class='ocrx_word' id='word_1_39' title='bbox 649 783 752 836; x_wconf 90' lang='lat' dir='ltr'>tamen</span> <span class='ocrx_word' id='word_1_40' title='bbox 764 781 875 856; x_wconf 89' lang='lat' dir='ltr'>postea</span> <span class='ocrx_word' id='word_1_41' title='bbox 897 775 1051 837; x_wconf 86' lang='lat' dir='ltr'>residente</span> 
     </span>
     <span class='ocr_line' id='line_1_7' title="bbox 121 858 980 939; baseline 0 -20"><span class='ocrx_word' id='word_1_42' title='bbox 121 859 273 938; x_wconf 85' lang='lat' dir='ltr'>paulatim</span> <span class='ocrx_word' id='word_1_43' title='bbox 295 859 398 918; x_wconf 91' lang='lat' dir='ltr'>furore</span> <span class='ocrx_word' id='word_1_44' title='bbox 421 866 595 938; x_wconf 86' lang='lat' dir='ltr'>agnoscunt</span> <span class='ocrx_word' id='word_1_45' title='bbox 617 866 648 919; x_wconf 92' lang='lat' dir='ltr'>et</span> <span class='ocrx_word' id='word_1_46' title='bbox 668 861 725 939; x_wconf 92' lang='lat' dir='ltr'>ipsi</span> <span class='ocrx_word' id='word_1_47' title='bbox 750 877 853 919; x_wconf 88' lang='lat' dir='ltr'>veram</span> <span class='ocrx_word' id='word_1_48' title='bbox 876 858 980 921; x_wconf 89' lang='lat' dir='ltr'>fuisse.</span> 
     </span>
    </p>

    <p class='ocr_par' dir='ltr' id='par_1_3' title="bbox 122 941 1052 1501">
     <span class='ocr_line' id='line_1_8' title="bbox 144 941 1050 1023; baseline -0.001 -21"><span class='ocrx_word' id='word_1_49' title='bbox 144 984 147 989; x_wconf 89' lang='lat'><em>-</em></span> <span class='ocrx_word' id='word_1_50' title='bbox 208 942 375 1002; x_wconf 86' lang='lat' dir='ltr'>Iohannem</span> <span class='ocrx_word' id='word_1_51' title='bbox 397 941 478 1000; x_wconf 89' lang='lat' dir='ltr'>Huss</span> <span class='ocrx_word' id='word_1_52' title='bbox 512 948 543 1002; x_wconf 91' lang='lat' dir='ltr'>et</span> <span class='ocrx_word' id='word_1_53' title='bbox 562 942 784 1022; x_wconf 82' lang='lat' dir='ltr'>Hieronymum</span> <span class='ocrx_word' id='word_1_54' title='bbox 808 942 846 1003; x_wconf 93' lang='lat' dir='ltr'>de</span> <span class='ocrx_word' id='word_1_55' title='bbox 868 942 967 1023; x_wconf 90' lang='lat' dir='ltr'>Praga</span> <span class='ocrx_word' id='word_1_56' title='bbox 989 960 1050 1022; x_wconf 87' lang='lat' dir='ltr'>qua</span> 
     </span>
     <span class='ocr_line' id='line_1_9' title="bbox 122 1024 1049 1104; baseline 0.001 -19"><span class='ocrx_word' id='word_1_57' title='bbox 122 1025 246 1085; x_wconf 88' lang='lat' dir='ltr'>ratione</span> <span class='ocrx_word' id='word_1_58' title='bbox 267 1026 479 1104; x_wconf 81' lang='lat' dir='ltr'>superaverint</span> <span class='ocrx_word' id='word_1_59' title='bbox 507 1024 738 1085; x_wconf 75' lang='lat' dir='ltr'>constantiensi</span> <span class='ocrx_word' id='word_1_60' title='bbox 763 1025 920 1102; x_wconf 78' lang='lat' dir='ltr'>Concilio,</span> <span class='ocrx_word' id='word_1_61' title='bbox 954 1030 1049 1086; x_wconf 85' lang='lat' dir='ltr'>utta·</span> 
     </span>
     <span class='ocr_line' id='line_1_10' title="bbox 123 1106 1050 1188; baseline 0 -20"><span class='ocrx_word' id='word_1_62' title='bbox 123 1126 215 1168; x_wconf 85' lang='lat' dir='ltr'>ecam-</span> <span class='ocrx_word' id='word_1_63' title='bbox 235 1106 399 1187; x_wconf 89' lang='lat' dir='ltr'>epistoiam</span> <span class='ocrx_word' id='word_1_64' title='bbox 411 1108 521 1188; x_wconf 85' lang='lat' dir='ltr'>Poggii</span> <span class='ocrx_word' id='word_1_65' title='bbox 541 1108 720 1186; x_wconf 68' lang='lat' dir='ltr'>florentini,</span> <span class='ocrx_word' id='word_1_66' title='bbox 745 1108 855 1169; x_wconf 92' lang='lat' dir='ltr'>deinde</span> <span class='ocrx_word' id='word_1_67' title='bbox 876 1108 1050 1169; x_wconf 91' lang='lat' dir='ltr'>robustissi-</span> 
     </span>
     <span class='ocr_line' id='line_1_11' title="bbox 122 1190 1051 1271; baseline 0.002 -21"><span class='ocrx_word' id='word_1_68' title='bbox 122 1209 206 1250; x_wconf 87' lang='lat' dir='ltr'>mam</span> <span class='ocrx_word' id='word_1_69' title='bbox 227 1191 358 1268; x_wconf 89' lang='lat' dir='ltr'>famam,</span> <span class='ocrx_word' id='word_1_70' title='bbox 380 1209 472 1269; x_wconf 86' lang='lat' dir='ltr'>quam</span> <span class='ocrx_word' id='word_1_71' title='bbox 495 1209 554 1251; x_wconf 91' lang='lat' dir='ltr'>nec</span> <span class='ocrx_word' id='word_1_72' title='bbox 575 1210 684 1252; x_wconf 88' lang='lat' dir='ltr'>omnes</span> <span class='ocrx_word' id='word_1_73' title='bbox 707 1190 885 1271; x_wconf 86' lang='lat' dir='ltr'>pontifices,</span> <span class='ocrx_word' id='word_1_74' title='bbox 907 1210 966 1252; x_wconf 92' lang='lat' dir='ltr'>nec</span> <span class='ocrx_word' id='word_1_75' title='bbox 988 1211 1051 1252; x_wconf 86' lang='lat' dir='ltr'>om-</span> 
     </span>
     <span class='ocr_line' id='line_1_12' title="bbox 122 1273 1051 1356; baseline 0 -22"><span class='ocrx_word' id='word_1_76' title='bbox 122 1293 182 1334; x_wconf 89' lang='lat' dir='ltr'>nes</span> <span class='ocrx_word' id='word_1_77' title='bbox 204 1273 429 1334; x_wconf 88' lang='lat' dir='ltr'>Universitates</span> <span class='ocrx_word' id='word_1_78' title='bbox 458 1273 567 1334; x_wconf 88' lang='lat' dir='ltr'>sedare</span> <span class='ocrx_word' id='word_1_79' title='bbox 598 1281 727 1353; x_wconf 77' lang='lat' dir='ltr'>queant,</span> <span class='ocrx_word' id='word_1_80' title='bbox 751 1277 843 1335; x_wconf 88' lang='lat' dir='ltr'>etiam</span> <span class='ocrx_word' id='word_1_81' title='bbox 866 1277 945 1336; x_wconf 89' lang='lat' dir='ltr'>inter</span> <span class='ocrx_word' id='word_1_82' title='bbox 963 1278 1051 1356; x_wconf 87' lang='lat' dir='ltr'>ipsos</span> 
     </span>
     <span class='ocr_line' id='line_1_13' title="bbox 122 1356 1052 1438; baseline 0.003 -22"><span class='ocrx_word' id='word_1_83' title='bbox 122 1356 289 1438; x_wconf 83' lang='lat' dir='ltr'>Magistros</span> <span class='ocrx_word' id='word_1_84' title='bbox 310 1363 435 1418; x_wconf 90' lang='lat' dir='ltr'>nostros</span> <span class='ocrx_word' id='word_1_85' title='bbox 457 1358 599 1438; x_wconf 86' lang='lat' dir='ltr'>privatim</span> <span class='ocrx_word' id='word_1_86' title='bbox 621 1358 856 1419; x_wconf 81' lang='lat' dir='ltr'>confabulantes</span> <span class='ocrx_word' id='word_1_87' title='bbox 877 1360 951 1420; x_wconf 88' lang='lat' dir='ltr'>satis</span> <span class='ocrx_word' id='word_1_88' title='bbox 980 1377 1052 1419; x_wconf 90' lang='lat' dir='ltr'>con·</span> 
     </span>
     <span class='ocr_line' id='line_1_14' title="bbox 122 1441 414 1502; baseline 0 -1"><span class='ocrx_word' id='word_1_89' title='bbox 122 1446 185 1501; x_wconf 88' lang='lat' dir='ltr'>stat</span> <span class='ocrx_word' id='word_1_90' title='bbox 204 1447 238 1500; x_wconf 87' lang='lat' dir='ltr'>st</span> <span class='ocrx_word' id='word_1_91' title='bbox 257 1441 414 1502; x_wconf 88' lang='lat' dir='ltr'>convenit.</span> 
     </span>
    </p>

    <p class='ocr_par' dir='ltr' id='par_1_4' title="bbox 122 1523 1053 2185">
     <span class='ocr_line' id='line_1_15' title="bbox 208 1523 1050 1607; baseline 0.002 -25"><span class='ocrx_word' id='word_1_92' title='bbox 208 1523 263 1607; x_wconf 74' lang='lat' dir='ltr'>ldis</span> <span class='ocrx_word' id='word_1_93' title='bbox 288 1524 440 1604; x_wconf 89' lang='lat' dir='ltr'>exemplis</span> <span class='ocrx_word' id='word_1_94' title='bbox 463 1524 585 1585; x_wconf 87' lang='lat' dir='ltr'>abunde</span> <span class='ocrx_word' id='word_1_95' title='bbox 621 1525 784 1584; x_wconf 89' lang='lat' dir='ltr'>monstrari</span> <span class='ocrx_word' id='word_1_96' title='bbox 812 1530 905 1604; x_wconf 89' lang='lat' dir='ltr'>puto,</span> <span class='ocrx_word' id='word_1_97' title='bbox 934 1529 1050 1602; x_wconf 86' lang='lat' dir='ltr'>quanto</span> 
     </span>
     <span class='ocr_line' id='line_1_16' title="bbox 124 1606 1050 1704; baseline -0.002 -37"><span class='ocrx_word' id='word_1_98' title='bbox 124 1607 166 1667; x_wconf 91' lang='lat' dir='ltr'>sit</span> <span class='ocrx_word' id='word_1_99' title='bbox 186 1624 265 1702; x_wconf 84' lang='lat' dir='ltr'>opus</span> <span class='ocrx_word' id='word_1_100' title='bbox 300 1608 411 1667; x_wconf 89' lang='lat' dir='ltr'>timore</span> <span class='ocrx_word' id='word_1_101' title='bbox 433 1607 587 1704; x_wconf 75' lang='lat' dir='ltr'>bingistris</span> <span class='ocrx_word' id='word_1_102' title='bbox 620 1606 883 1685; x_wconf 74' lang='lat' dir='ltr'>damnatoribus,</span> <span class='ocrx_word' id='word_1_103' title='bbox 900 1614 931 1667; x_wconf 89' lang='lat' dir='ltr'>et</span> <span class='ocrx_word' id='word_1_104' title='bbox 959 1626 1050 1686; x_wconf 88' lang='lat' dir='ltr'>quam</span> 
     </span>
     <span class='ocr_line' id='line_1_17' title="bbox 123 1689 1052 1769; baseline -0.001 -20"><span class='ocrx_word' id='word_1_105' title='bbox 123 1691 217 1750; x_wconf 86' lang='lat' dir='ltr'>anxie</span> <span class='ocrx_word' id='word_1_106' title='bbox 239 1690 415 1750; x_wconf 91' lang='lat' dir='ltr'>conandum</span> <span class='ocrx_word' id='word_1_107' title='bbox 440 1693 479 1750; x_wconf 90' lang='lat' dir='ltr'>sit</span> <span class='ocrx_word' id='word_1_108' title='bbox 502 1692 560 1769; x_wconf 89' lang='lat' dir='ltr'>eis,</span> <span class='ocrx_word' id='word_1_109' title='bbox 583 1696 616 1750; x_wconf 89' lang='lat' dir='ltr'>ut</span> <span class='ocrx_word' id='word_1_110' title='bbox 636 1691 751 1751; x_wconf 88' lang='lat' dir='ltr'>iudicia</span> <span class='ocrx_word' id='word_1_111' title='bbox 774 1692 831 1750; x_wconf 85' lang='lat' dir='ltr'>Dei</span> <span class='ocrx_word' id='word_1_112' title='bbox 854 1689 999 1752; x_wconf 87' lang='lat' dir='ltr'>terribilia</span> <span class='ocrx_word' id='word_1_113' title='bbox 1021 1695 1052 1750; x_wconf 88' lang='lat' dir='ltr'>et</span> 
     </span>
     <span class='ocr_line' id='line_1_18' title="bbox 124 1772 1053 1854; baseline 0.001 -22"><span class='ocrx_word' id='word_1_114' title='bbox 124 1773 277 1834; x_wconf 85' lang='lat' dir='ltr'>mirabilia</span> <span class='ocrx_word' id='word_1_115' title='bbox 297 1792 360 1834; x_wconf 90' lang='lat' dir='ltr'>uon</span> <span class='ocrx_word' id='word_1_116' title='bbox 391 1775 454 1834; x_wconf 90' lang='lat' dir='ltr'>sint</span> <span class='ocrx_word' id='word_1_117' title='bbox 481 1775 574 1854; x_wconf 83' lang='lat' dir='ltr'>longe</span> <span class='ocrx_word' id='word_1_118' title='bbox 596 1793 614 1834; x_wconf 92' lang='lat' dir='ltr'>a</span> <span class='ocrx_word' id='word_1_119' title='bbox 636 1774 714 1834; x_wconf 90' lang='lat' dir='ltr'>facie</span> <span class='ocrx_word' id='word_1_120' title='bbox 748 1791 872 1851; x_wconf 89' lang='lat' dir='ltr'>eorum,</span> <span class='ocrx_word' id='word_1_121' title='bbox 908 1772 991 1852; x_wconf 90' lang='lat' dir='ltr'>quod</span> <span class='ocrx_word' id='word_1_122' title='bbox 1014 1773 1053 1833; x_wconf 88' lang='lat' dir='ltr'>de</span> 
     </span>
     <span class='ocr_line' id='line_1_19' title="bbox 122 1856 1053 1937; baseline -0.001 -20"><span class='ocrx_word' id='word_1_123' title='bbox 122 1857 226 1937; x_wconf 89' lang='lat' dir='ltr'>impiis</span> <span class='ocrx_word' id='word_1_124' title='bbox 247 1857 403 1935; x_wconf 80' lang='lat' dir='ltr'>scribitur,</span> <span class='ocrx_word' id='word_1_125' title='bbox 426 1859 607 1937; x_wconf 89' lang='lat' dir='ltr'>praesertim</span> <span class='ocrx_word' id='word_1_126' title='bbox 631 1874 699 1917; x_wconf 92' lang='lat' dir='ltr'>cum</span> <span class='ocrx_word' id='word_1_127' title='bbox 723 1859 815 1917; x_wconf 88' lang='lat' dir='ltr'>toties</span> <span class='ocrx_word' id='word_1_128' title='bbox 837 1856 963 1917; x_wconf 85' lang='lat' dir='ltr'>rideant</span> <span class='ocrx_word' id='word_1_129' title='bbox 984 1868 1053 1916; x_wconf 89' lang='lat' dir='ltr'>se&#39;se</span> 
     </span>
     <span class='ocr_line' id='line_1_20' title="bbox 122 1938 1051 2021; baseline 0.001 -23"><span class='ocrx_word' id='word_1_130' title='bbox 122 1938 304 2000; x_wconf 88' lang='lat' dir='ltr'>foedissime</span> <span class='ocrx_word' id='word_1_131' title='bbox 322 1974 324 1976; x_wconf 94' lang='lat'>·</span> <span class='ocrx_word' id='word_1_132' title='bbox 344 1941 528 2021; x_wconf 84' lang='lat' dir='ltr'>impegisse,</span> <span class='ocrx_word' id='word_1_133' title='bbox 577 1948 610 2001; x_wconf 92' lang='lat' dir='ltr'>et</span> <span class='ocrx_word' id='word_1_134' title='bbox 644 1941 804 2002; x_wconf 89' lang='lat' dir='ltr'>veritatem</span> <span class='ocrx_word' id='word_1_135' title='bbox 850 1940 1051 2021; x_wconf 86' lang='lat' dir='ltr'>oppressisse,</span> 
     </span>
     <span class='ocr_line' id='line_1_21' title="bbox 122 2021 1051 2104; baseline 0 -22"><span class='ocrx_word' id='word_1_136' title='bbox 122 2041 165 2083; x_wconf 90' lang='lat' dir='ltr'>ne</span> <span class='ocrx_word' id='word_1_137' title='bbox 192 2021 315 2083; x_wconf 89' lang='lat' dir='ltr'>tandem</span> <span class='ocrx_word' id='word_1_138' title='bbox 354 2044 409 2104; x_wconf 91' lang='lat' dir='ltr'>pro</span> <span class='ocrx_word' id='word_1_139' title='bbox 446 2043 503 2083; x_wconf 91' lang='lat' dir='ltr'>sua</span> <span class='ocrx_word' id='word_1_140' title='bbox 535 2026 707 2085; x_wconf 86' lang='lat' dir='ltr'>temeritate</span> <span class='ocrx_word' id='word_1_141' title='bbox 740 2033 772 2084; x_wconf 90' lang='lat' dir='ltr'>et</span> <span class='ocrx_word' id='word_1_142' title='bbox 792 2025 949 2104; x_wconf 87' lang='lat' dir='ltr'>impietate</span> <span class='ocrx_word' id='word_1_143' title='bbox 977 2024 1051 2083; x_wconf 87' lang='lat' dir='ltr'>anti·</span> 
     </span>
     <span class='ocr_line' id='line_1_22' title="bbox 123 2106 610 2185; baseline 0.002 -19"><span class='ocrx_word' id='word_1_144' title='bbox 123 2106 228 2166; x_wconf 90' lang='lat' dir='ltr'>christi</span> <span class='ocrx_word' id='word_1_145' title='bbox 251 2106 394 2185; x_wconf 87' lang='lat' dir='ltr'>Apostoli</span> <span class='ocrx_word' id='word_1_146' title='bbox 417 2114 610 2167; x_wconf 88' lang='lat' dir='ltr'>censeantur.</span> 
     </span>
    </p>

    <p class='ocr_par' dir='ltr' id='par_1_5' title="bbox 124 2189 1054 3102">
     <span class='ocr_line' id='line_1_23' title="bbox 209 2189 1054 2250; baseline -0.004 -2"><span class='ocrx_word' id='word_1_147' title='bbox 209 2189 418 2250; x_wconf 87' lang='lat' dir='ltr'>Vehementer</span> <span class='ocrx_word' id='word_1_148' title='bbox 458 2196 560 2250; x_wconf 90' lang='lat' dir='ltr'>autem</span> <span class='ocrx_word' id='word_1_149' title='bbox 600 2189 735 2250; x_wconf 91' lang='lat' dir='ltr'>admiror</span> <span class='ocrx_word' id='word_1_150' title='bbox 773 2189 983 2250; x_wconf 83' lang='lat' dir='ltr'>Levanienses</span> <span class='ocrx_word' id='word_1_151' title='bbox 1023 2192 1054 2246; x_wconf 92' lang='lat' dir='ltr'>et</span> 
     </span>
     <span class='ocr_line' id='line_1_24' title="bbox 124 2270 1051 2370; baseline -0.005 -37"><span class='ocrx_word' id='word_1_152' title='bbox 124 2272 365 2333; x_wconf 82' lang='lat' dir='ltr'>Coloniensest</span> <span class='ocrx_word' id='word_1_153' title='bbox 352 2273 536 2369; x_wconf 81' lang='lat' dir='ltr'>theologos,</span> <span class='ocrx_word' id='word_1_154' title='bbox 566 2275 616 2351; x_wconf 90' lang='lat' dir='ltr'>qui</span> <span class='ocrx_word' id='word_1_155' title='bbox 639 2293 714 2370; x_wconf 80' lang='lat' dir='ltr'>prae</span> <span class='ocrx_word' id='word_1_156' title='bbox 737 2275 872 2333; x_wconf 91' lang='lat' dir='ltr'>omnium</span> <span class='ocrx_word' id='word_1_157' title='bbox 897 2270 1051 2332; x_wconf 88' lang='lat' dir='ltr'>Universi-</span> 
     </span>
     <span class='ocr_line' id='line_1_25' title="bbox 125 2354 1051 2440; baseline -0.003 -26"><span class='ocrx_word' id='word_1_158' title='bbox 125 2362 221 2415; x_wconf 90' lang='lat' dir='ltr'>tatum</span> <span class='ocrx_word' id='word_1_159' title='bbox 247 2356 401 2440; x_wconf 84' lang='lat' dir='ltr'>theologis</span> <span class='ocrx_word' id='word_1_160' title='bbox 432 2357 523 2437; x_wconf 91' lang='lat' dir='ltr'>primi</span> <span class='ocrx_word' id='word_1_161' title='bbox 553 2376 675 2436; x_wconf 90' lang='lat' dir='ltr'>semper</span> <span class='ocrx_word' id='word_1_162' title='bbox 696 2359 726 2418; x_wconf 90' lang='grc' dir='ltr'>ιιι</span> <span class='ocrx_word' id='word_1_163' title='bbox 750 2358 847 2417; x_wconf 89' lang='lat' dir='ltr'>aciem</span> <span class='ocrx_word' id='word_1_164' title='bbox 871 2354 1051 2415; x_wconf 88' lang='lat' dir='ltr'>temeritatis</span> 
     </span>
     <span class='ocr_line' id='line_1_26' title="bbox 125 2438 1052 2519; baseline -0.003 -21"><span class='ocrx_word' id='word_1_165' title='bbox 125 2438 333 2517; x_wconf 88' lang='lat' dir='ltr'>descendunt,</span> <span class='ocrx_word' id='word_1_166' title='bbox 364 2440 411 2499; x_wconf 92' lang='lat' dir='ltr'>his</span> <span class='ocrx_word' id='word_1_167' title='bbox 435 2440 587 2519; x_wconf 83' lang='lat' dir='ltr'>exemplis</span> <span class='ocrx_word' id='word_1_168' title='bbox 609 2458 672 2500; x_wconf 91' lang='lat' dir='ltr'>non</span> <span class='ocrx_word' id='word_1_169' title='bbox 694 2439 861 2519; x_wconf 88' lang='lat' dir='ltr'>pudefieri,</span> <span class='ocrx_word' id='word_1_170' title='bbox 893 2445 924 2497; x_wconf 90' lang='lat' dir='ltr'>et</span> <span class='ocrx_word' id='word_1_171' title='bbox 944 2455 1052 2497; x_wconf 91' lang='lat' dir='ltr'>omnes</span> 
     </span>
     <span class='ocr_line' id='line_1_27' title="bbox 124 2521 1053 2602; baseline -0.003 -20"><span class='ocrx_word' id='word_1_172' title='bbox 124 2521 203 2582; x_wconf 92' lang='lat' dir='ltr'>alios</span> <span class='ocrx_word' id='word_1_173' title='bbox 226 2523 369 2582; x_wconf 90' lang='lat' dir='ltr'>homines</span> <span class='ocrx_word' id='word_1_174' title='bbox 399 2523 478 2582; x_wconf 91' lang='lat' dir='ltr'>adeo</span> <span class='ocrx_word' id='word_1_175' title='bbox 501 2525 676 2582; x_wconf 89' lang='lat' dir='ltr'>insensatos</span> <span class='ocrx_word' id='word_1_176' title='bbox 699 2524 817 2602; x_wconf 89' lang='lat' dir='ltr'>stipites</span> <span class='ocrx_word' id='word_1_177' title='bbox 838 2521 989 2598; x_wconf 90' lang='lat' dir='ltr'>iudicare,</span> <span class='ocrx_word' id='word_1_178' title='bbox 1020 2524 1053 2579; x_wconf 89' lang='lat' dir='ltr'>ut</span> 
     </span>
     <span class='ocr_line' id='line_1_28' title="bbox 124 2603 1052 2686; baseline -0.004 -22"><span class='ocrx_word' id='word_1_179' title='bbox 124 2624 188 2665; x_wconf 90' lang='lat' dir='ltr'>non</span> <span class='ocrx_word' id='word_1_180' title='bbox 212 2607 350 2686; x_wconf 85' lang='lat' dir='ltr'>cogitent</span> <span class='ocrx_word' id='word_1_181' title='bbox 378 2625 464 2665; x_wconf 90' lang='lat' dir='ltr'>suam</span> <span class='ocrx_word' id='word_1_182' title='bbox 487 2607 639 2666; x_wconf 90' lang='lat' dir='ltr'>inscitiam</span> <span class='ocrx_word' id='word_1_183' title='bbox 669 2612 701 2665; x_wconf 88' lang='lat' dir='ltr'>et</span> <span class='ocrx_word' id='word_1_184' title='bbox 730 2607 931 2665; x_wconf 90' lang='lat' dir='ltr'>temeritatem</span> <span class='ocrx_word' id='word_1_185' title='bbox 960 2603 1052 2663; x_wconf 88' lang='lat' dir='ltr'>toties</span> 
     </span>
     <span class='ocr_line' id='line_1_29' title="bbox 125 2675 1053 2768; baseline -0.004 -20"><span class='ocrx_word' id='word_1_186' title='bbox 125 2688 352 2768; x_wconf 89' lang='lat' dir='ltr'>deprehensam</span> <span class='ocrx_word' id='word_1_187' title='bbox 386 2690 552 2768; x_wconf 90' lang='lat' dir='ltr'>palamque</span> <span class='ocrx_word' id='word_1_188' title='bbox 585 2675 776 2766; x_wconf 88' lang='lat' dir='ltr'>traductam,</span> <span class='ocrx_word' id='word_1_189' title='bbox 811 2688 890 2748; x_wconf 92' lang='lat' dir='ltr'>adeo</span> <span class='ocrx_word' id='word_1_190' title='bbox 918 2687 1053 2768; x_wconf 88' lang='lat' dir='ltr'>graviter</span> 
     </span>
     <span class='ocr_line' id='line_1_30' title="bbox 125 2769 1054 2868; baseline -0.004 -36"><span class='ocrx_word' id='word_1_191' title='bbox 125 2772 239 2868; x_wconf 85' lang='lat' dir='ltr'>ubique</span> <span class='ocrx_word' id='word_1_192' title='bbox 252 2772 317 2832; x_wconf 90' lang='lat' dir='ltr'>foet</span> <span class='ocrx_word' id='word_1_193' title='bbox 304 2779 379 2850; x_wconf 90' lang='lat' dir='ltr'>tere,</span> <span class='ocrx_word' id='word_1_194' title='bbox 396 2780 430 2832; x_wconf 92' lang='lat' dir='ltr'>ut</span> <span class='ocrx_word' id='word_1_195' title='bbox 442 2773 533 2831; x_wconf 89' lang='lat' dir='ltr'>nullis</span> <span class='ocrx_word' id='word_1_196' title='bbox 549 2772 725 2832; x_wconf 89' lang='lat' dir='ltr'>Universita</span> <span class='ocrx_word' id='word_1_197' title='bbox 726 2772 806 2833; x_wconf 90' lang='lat' dir='ltr'>tibus</span> <span class='ocrx_word' id='word_1_198' title='bbox 830 2769 1054 2850; x_wconf 82' lang='lat' dir='ltr'>quantumlibet</span> 
     </span>
     <span class='ocr_line' id='line_1_31' title="bbox 125 2851 1051 2936; baseline -0.003 -21"><span class='ocrx_word' id='word_1_199' title='bbox 125 2876 229 2935; x_wconf 82' lang='lat' dir='ltr'>parvis</span> <span class='ocrx_word' id='word_1_200' title='bbox 237 2875 337 2915; x_wconf 81' lang='lat' dir='ltr'>minus</span> <span class='ocrx_word' id='word_1_201' title='bbox 353 2857 468 2915; x_wconf 89' lang='lat' dir='ltr'>autorit</span> <span class='ocrx_word' id='word_1_202' title='bbox 457 2857 527 2916; x_wconf 91' lang='lat' dir='ltr'>tatis</span> <span class='ocrx_word' id='word_1_203' title='bbox 543 2863 573 2915; x_wconf 91' lang='lat' dir='ltr'>et</span> <span class='ocrx_word' id='word_1_204' title='bbox 587 2857 742 2936; x_wconf 89' lang='lat' dir='ltr'>opinionis</span> <span class='ocrx_word' id='word_1_205' title='bbox 758 2856 907 2936; x_wconf 87' lang='lat' dir='ltr'>reliquum</span> <span class='ocrx_word' id='word_1_206' title='bbox 924 2854 972 2912; x_wconf 91' lang='lat' dir='ltr'>sit.</span> <span class='ocrx_word' id='word_1_207' title='bbox 989 2851 1051 2912; x_wconf 84' lang='lat' dir='ltr'>Sed</span> 
     </span>
     <span class='ocr_line' id='line_1_32' title="bbox 127 2937 1051 3022; baseline -0.004 -24"><span class='ocrx_word' id='word_1_208' title='bbox 127 2937 181 3022; x_wconf 90' lang='lat' dir='ltr'>(ut</span> <span class='ocrx_word' id='word_1_209' title='bbox 195 2938 277 3015; x_wconf 85' lang='lat' dir='ltr'>dixi)</span> <span class='ocrx_word' id='word_1_210' title='bbox 291 2942 337 2999; x_wconf 89' lang='lat' dir='ltr'>ira</span> <span class='ocrx_word' id='word_1_211' title='bbox 352 2939 410 2997; x_wconf 90' lang='lat' dir='ltr'>Dei</span> <span class='ocrx_word' id='word_1_212' title='bbox 421 2939 499 2999; x_wconf 89' lang='lat' dir='ltr'>haec</span> <span class='ocrx_word' id='word_1_213' title='bbox 508 2946 564 3017; x_wconf 88' lang='lat' dir='ltr'>est,</span> <span class='ocrx_word' id='word_1_214' title='bbox 580 2941 631 3018; x_wconf 92' lang='lat' dir='ltr'>qui</span> <span class='ocrx_word' id='word_1_215' title='bbox 644 2941 793 2999; x_wconf 89' lang='lat' dir='ltr'>caecitate</span> <span class='ocrx_word' id='word_1_216' title='bbox 807 2937 979 2998; x_wconf 86' lang='lat' dir='ltr'>stamentia</span> <span class='ocrx_word' id='word_1_217' title='bbox 996 2952 1051 2995; x_wconf 91' lang='lat' dir='ltr'>eos</span> 
     </span>
     <span class='ocr_line' id='line_1_33' title="bbox 125 3019 1051 3102; baseline -0.008 -19"><span class='ocrx_word' id='word_1_218' title='bbox 125 3023 285 3102; x_wconf 87' lang='lat' dir='ltr'>percussit,</span> <span class='ocrx_word' id='word_1_219' title='bbox 303 3023 382 3082; x_wconf 90' lang='lat' dir='ltr'>siout</span> <span class='ocrx_word' id='word_1_220' title='bbox 397 3041 451 3082; x_wconf 88' lang='lat' dir='ltr'>cor</span> <span class='ocrx_word' id='word_1_221' title='bbox 470 3023 638 3083; x_wconf 87' lang='lat' dir='ltr'>Pharaonis</span> <span class='ocrx_word' id='word_1_222' title='bbox 653 3023 806 3082; x_wconf 89' lang='lat' dir='ltr'>induravit</span> <span class='ocrx_word' id='word_1_223' title='bbox 822 3030 852 3080; x_wconf 89' lang='lat' dir='ltr'>et</span> <span class='ocrx_word' id='word_1_224' title='bbox 863 3019 1051 3100; x_wconf 85' lang='lat' dir='ltr'>aggravavit.</span> 
     </span>
    </p>

    <p class='ocr_par' dir='ltr' id='par_1_6' title="bbox 125 3103 1054 3605">
     <span class='ocr_line' id='line_1_34' title="bbox 212 3103 1054 3186; baseline -0.006 -19"><span class='ocrx_word' id='word_1_225' title='bbox 212 3106 273 3167; x_wconf 82' lang='lat' dir='ltr'>Sed</span> <span class='ocrx_word' id='word_1_226' title='bbox 297 3104 465 3185; x_wconf 87' lang='lat' dir='ltr'>fingamus,</span> <span class='ocrx_word' id='word_1_227' title='bbox 491 3107 606 3185; x_wconf 89' lang='lat' dir='ltr'>optime</span> <span class='ocrx_word' id='word_1_228' title='bbox 629 3105 868 3186; x_wconf 75' lang='lat' dir='ltr'>Christophore&#39;,</span> <span class='ocrx_word' id='word_1_229' title='bbox 890 3103 1054 3184; x_wconf 58' lang='lat' dir='ltr'>Magistro-²</span> 
     </span>
     <span class='ocr_line' id='line_1_35' title="bbox 126 3188 1054 3269; baseline -0.005 -20"><span class='ocrx_word' id='word_1_230' title='bbox 126 3209 178 3250; x_wconf 90' lang='lat' dir='ltr'>um</span> <span class='ocrx_word' id='word_1_231' title='bbox 201 3191 383 3249; x_wconf 86' lang='lat' dir='ltr'>eximiorum</span> <span class='ocrx_word' id='word_1_232' title='bbox 406 3188 520 3248; x_wconf 90' lang='lat' dir='ltr'>iudicio</span> <span class='ocrx_word' id='word_1_233' title='bbox 544 3190 648 3248; x_wconf 89' lang='lat' dir='ltr'>omnia</span> <span class='ocrx_word' id='word_1_234' title='bbox 670 3189 827 3269; x_wconf 91' lang='lat' dir='ltr'>hucusque</span> <span class='ocrx_word' id='word_1_235' title='bbox 849 3189 942 3247; x_wconf 90' lang='lat' dir='ltr'>fuisse</span> <span class='ocrx_word' id='word_1_236' title='bbox 965 3203 1054 3264; x_wconf 82' lang='lat' dir='ltr'>sana,</span> 
     </span>
     <span class='ocr_line' id='line_1_36' title="bbox 125 3270 1051 3352; baseline -0.004 -21"><span class='ocrx_word' id='word_1_237' title='bbox 125 3274 256 3352; x_wconf 84' lang='lat' dir='ltr'>integra,</span> <span class='ocrx_word' id='word_1_238' title='bbox 280 3279 311 3331; x_wconf 88' lang='lat' dir='ltr'>et</span> <span class='ocrx_word' id='word_1_239' title='bbox 332 3271 444 3332; x_wconf 89' lang='lat' dir='ltr'>divinis</span> <span class='ocrx_word' id='word_1_240' title='bbox 468 3273 561 3331; x_wconf 89' lang='lat' dir='ltr'>literis</span> <span class='ocrx_word' id='word_1_241' title='bbox 584 3270 713 3352; x_wconf 89' lang='lat' dir='ltr'>firmata,</span> <span class='ocrx_word' id='word_1_242' title='bbox 737 3289 986 3352; x_wconf 90' lang='lat' dir='ltr'>seponamusque</span> <span class='ocrx_word' id='word_1_243' title='bbox 1006 3271 1051 3327; x_wconf 90' lang='grc' dir='ltr'>ιιι-</span> 
     </span>
     <span class='ocr_line' id='line_1_37' title="bbox 126 3356 1051 3436; baseline -0.005 -20"><span class='ocrx_word' id='word_1_244' title='bbox 126 3357 215 3416; x_wconf 90' lang='lat' dir='ltr'>terim</span> <span class='ocrx_word' id='word_1_245' title='bbox 238 3374 257 3414; x_wconf 96' lang='lat' dir='ltr'>a</span> <span class='ocrx_word' id='word_1_246' title='bbox 280 3362 447 3435; x_wconf 91' lang='lat' dir='ltr'>conspectu</span> <span class='ocrx_word' id='word_1_247' title='bbox 471 3362 578 3415; x_wconf 90' lang='lat' dir='ltr'>nostro</span> <span class='ocrx_word' id='word_1_248' title='bbox 604 3357 751 3436; x_wconf 86' lang='lat' dir='ltr'>insignem</span> <span class='ocrx_word' id='word_1_249' title='bbox 774 3356 917 3415; x_wconf 84' lang='lat' dir='ltr'>fiduciam</span> <span class='ocrx_word' id='word_1_250' title='bbox 940 3361 971 3414; x_wconf 92' lang='lat' dir='ltr'>et</span> <span class='ocrx_word' id='word_1_251' title='bbox 999 3372 1051 3411; x_wconf 91' lang='lat' dir='ltr'>au-</span> 
     </span>
     <span class='ocr_line' id='line_1_38' title="bbox 126 3436 1051 3519; baseline -0.004 -21"><span class='ocrx_word' id='word_1_252' title='bbox 126 3439 259 3516; x_wconf 87' lang='lat' dir='ltr'>daciam,</span> <span class='ocrx_word' id='word_1_253' title='bbox 279 3457 332 3498; x_wconf 92' lang='lat' dir='ltr'>seu</span> <span class='ocrx_word' id='word_1_254' title='bbox 345 3441 559 3515; x_wconf 89' lang='lat' dir='ltr'>temeritatem,</span> <span class='ocrx_word' id='word_1_255' title='bbox 580 3439 806 3519; x_wconf 89' lang='lat' dir='ltr'>quahucusque</span> <span class='ocrx_word' id='word_1_256' title='bbox 819 3440 917 3519; x_wconf 87' lang='lat' dir='ltr'>magis</span> <span class='ocrx_word' id='word_1_257' title='bbox 930 3436 1051 3497; x_wconf 82' lang='lat' dir='ltr'>latroci&#39;·</span> 
     </span>
     <span class='ocr_line' id='line_1_39' title="bbox 126 3519 1052 3605; baseline -0.003 -22"><span class='ocrx_word' id='word_1_258' title='bbox 126 3524 191 3583; x_wconf 90' lang='lat' dir='ltr'>uati</span> <span class='ocrx_word' id='word_1_259' title='bbox 202 3528 282 3600; x_wconf 89' lang='lat' dir='ltr'>sunt,</span> <span class='ocrx_word' id='word_1_260' title='bbox 297 3541 388 3601; x_wconf 92' lang='lat' dir='ltr'>quam</span> <span class='ocrx_word' id='word_1_261' title='bbox 401 3522 572 3582; x_wconf 88' lang='lat' dir='ltr'>eruditione</span> <span class='ocrx_word' id='word_1_262' title='bbox 584 3531 616 3583; x_wconf 88' lang='lat' dir='ltr'>et</span> <span class='ocrx_word' id='word_1_263' title='bbox 630 3525 781 3605; x_wconf 86' lang='lat' dir='ltr'>gravitate</span> <span class='ocrx_word' id='word_1_264' title='bbox 792 3523 912 3602; x_wconf 89' lang='lat' dir='ltr'>probati</span> <span class='ocrx_word' id='word_1_265' title='bbox 925 3519 1052 3581; x_wconf 85' lang='lat' dir='ltr'>inventi.</span> 
     </span>
    </p>

    <p class='ocr_par' dir='ltr' id='par_1_7' title="bbox 126 3606 1055 3854">
     <span class='ocr_line' id='line_1_40' title="bbox 213 3606 1055 3685; baseline -0.002 -21"><span class='ocrx_word' id='word_1_266' title='bbox 213 3606 261 3665; x_wconf 87' lang='lat' dir='ltr'>Ad</span> <span class='ocrx_word' id='word_1_267' title='bbox 285 3625 384 3665; x_wconf 88' lang='lat' dir='ltr'>meam</span> <span class='ocrx_word' id='word_1_268' title='bbox 398 3624 521 3665; x_wconf 89' lang='lat' dir='ltr'>causam</span> <span class='ocrx_word' id='word_1_269' title='bbox 536 3607 706 3685; x_wconf 88' lang='lat' dir='ltr'>veniamus,</span> <span class='ocrx_word' id='word_1_270' title='bbox 729 3606 789 3682; x_wconf 92' lang='lat' dir='ltr'>ubi,</span> <span class='ocrx_word' id='word_1_271' title='bbox 812 3608 909 3665; x_wconf 86' lang='lat' dir='ltr'>sime</span> <span class='ocrx_word' id='word_1_272' title='bbox 932 3622 1055 3664; x_wconf 88' lang='lat' dir='ltr'>errasse·</span> 
     </span>
     <span class='ocr_line' id='line_1_41' title="bbox 127 3688 1050 3770; baseline -0.004 -20"><span class='ocrx_word' id='word_1_273' title='bbox 127 3689 417 3769; x_wconf 85' lang='lat' dir='ltr'>deprehendissent,</span> <span class='ocrx_word' id='word_1_274' title='bbox 440 3695 600 3768; x_wconf 88' lang='lat' dir='ltr'>proterant</span> <span class='ocrx_word' id='word_1_275' title='bbox 621 3689 734 3770; x_wconf 89' lang='lat' dir='ltr'>duplici</span> <span class='ocrx_word' id='word_1_276' title='bbox 758 3690 820 3765; x_wconf 90' lang='lat' dir='ltr'>via,</span> <span class='ocrx_word' id='word_1_277' title='bbox 843 3698 894 3747; x_wconf 89' lang='lat' dir='ltr'>aut</span> <span class='ocrx_word' id='word_1_278' title='bbox 916 3688 1050 3748; x_wconf 83' lang='lat' dir='ltr'>caritatis</span> 
     </span>
     <span class='ocr_line' id='line_1_42' title="bbox 126 3771 1050 3854; baseline -0.004 -20"><span class='ocrx_word' id='word_1_279' title='bbox 126 3784 180 3835; x_wconf 91' lang='lat' dir='ltr'>aut</span> <span class='ocrx_word' id='word_1_280' title='bbox 201 3774 274 3832; x_wconf 90' lang='lat' dir='ltr'>iuris</span> <span class='ocrx_word' id='word_1_281' title='bbox 297 3773 477 3851; x_wconf 81' lang='lat' dir='ltr'>Christiani,</span> <span class='ocrx_word' id='word_1_282' title='bbox 511 3791 631 3833; x_wconf 89' lang='lat' dir='ltr'>mecum</span> <span class='ocrx_word' id='word_1_283' title='bbox 662 3792 765 3854; x_wconf 83' lang='lat' dir='ltr'>agere.</span> <span class='ocrx_word' id='word_1_284' title='bbox 808 3771 959 3831; x_wconf 81' lang='lat' dir='ltr'>Caritatis·</span> <span class='ocrx_word' id='word_1_285' title='bbox 976 3777 1050 3849; x_wconf 88' lang='lat' dir='ltr'>erat,</span> 
     </span>
    </p>
   </div>
   <div class='ocr_carea' id='block_1_3' title="bbox 0 0 1182 4208">
    <p class='ocr_par' dir='ltr' id='par_1_8' title="bbox 0 0 1182 4208">
     <span class='ocr_line' id='line_1_43' title="bbox 0 0 1182 4208; baseline 0 0"><span class='ocrx_word' id='word_1_286' title='bbox 0 0 1182 4208; x_wconf 95' lang='lat' dir='ltr'> </span> 
     </span>
    </p>
   </div>
  </div>
 </body>
</html>
