2346 4208
438 142 457 179 a
473 106 738 196 llotsriis⁸sxccpta
984 122 1048 192 209

144 309 194 372 Hoc
211 316 258 372 est
278 308 363 390 quod
383 309 466 389 dixi,
497 306 693 394 peccqtorer'n
714 317 788 392 post
808 313 1046 375 conversionem

144 397 218 456 teneri
239 394 280 456 ad
301 412 424 454 crucem
439 400 471 454 et
491 395 653 474 passiones
664 396 756 473 vitae,
780 395 948 456 secundum
961 397 1046 476 quod

140 476 204 538 Deus
223 477 375 556 intulerit,
409 496 486 556 quas
519 496 582 538 non
604 479 704 558 possit
724 478 819 538 homo
841 478 981 558 solvere,
1015 487 1048 542 e't

139 561 226 622 iumm
242 561 492 622 haec-‘autoritas
515 580 571 640 pro
594 581 643 622 mc
663 562 746 622 facit.
884 556 891 572 ”

199 643 281 726 Eos,
316 645 368 724 qui
390 664 409 703 a
441 643 673 724 quadringentis
695 645 784 704 annis
805 644 944 723 fuerunt,
976 663 1042 706 non

135 727 254 807 adducit,
277 734 310 788 et
321 727 435 808 placet.
448 726 497 787 Ad
510 727 707 808 Cyprianum,
729 726 863 807 epistola
872 727 913 788 ad
927 727 1044 809 llidum,

132 811 170 871 ubi
196 810 327 871 damnat
347 811 551 890 l‘herapium,
584 810 668 891 quod
702 829 912 890 praepropere
934 830 1044 890 pacem

128 892 247 955 dederat
259 895 390 972 Victori,
413 902 578 973 antequam
601 894 725 974 plenam
748 895 864 974 egisset
885 896 1044 974 poeniten·

125 979 201 1056 tam,
224 984 257 1039 et
272 978 408 1037 Domino
421 977 637 1038 satisfecisset:
660 977 753 1053 Ecce,
776 978 883 1055 inquit,
905 996 968 1038 non
993 997 1043 1039 ec·

123 1061 251 1138 slesiae,
288 1060 345 1120 sed
373 1061 507 1120 Domino
536 1079 597 1120 non
629 1060 818 1120 satisfecisse
842 1058 917 1119 dicit
939 1061 1044 1123 Victo·

121 1164 189 1205 rem.
240 1143 448 1223 Respondeat
484 1143 580 1224 Legat
613 1149 645 1204 et
682 1142 821 1204 conferat
856 1141 1043 1222 Cyprianum

121 1227 196 1288 bene
216 1227 255 1288 D.
277 1227 315 1288 D.
339 1231 371 1287 et
389 1228 527 1286 inveniet
550 1246 605 1288 eos
628 1227 737 1305 etiam,
760 1244 838 1305 quos
860 1227 929 1305 paci
951 1227 1042 1288 dede-

121 1320 200 1390 rant,
236 1309 312 1370 ideo
345 1308 435 1369 datos
457 1311 619 1390 esse-paci
641 1311 734 1370 etiam
757 1328 982 1389 praepropere,
1011 1316 1045 1371 ut

124 1412 223 1454 cruces
248 1400 282 1452 et
294 1393 439 1472 martyria
451 1391 623 1472 expeditius
638 1393 833 1456 sustinerent.
876 1390 964 1466 Quae
975 1395 1043 1472 ipse

122 1496 169 1555 per
191 1476 309 1536 multas
324 1475 471 1555 epistolas
486 1477 615 1555 exponit
635 1495 704 1536 esse
726 1494 845 1555 poenas
866 1481 899 1535 et
919 1475 1044 1557 flagella

124 1560 328 1641 propeccatis
351 1559 448 1618 aDeo
471 1558 597 1621 inflicta.
641 1558 744 1634 Quare
756 1557 863 1618 Viator
874 1557 936 1618 hoc
948 1560 1042 1620 modo

125 1643 254 1703 nondum
280 1642 429 1701 satisfecit
450 1643 535 1720 Deo,
557 1649 589 1702 et
610 1648 713 1702 tamen
731 1642 889 1720 satisfecit,
911 1642 1042 1721 quiaec·

128 1724 247 1805 clesiae,
272 1744 365 1804 quam
389 1744 447 1785 nos
473 1725 539 1785 vult
560 1726 667 1786 audire
679 1726 773 1804 Dens,
796 1723 952 1788 satisfecit.
976 1725 1044 1786 Hoc

131 1811 198 1869 nim
222 1808 343 1868 habent
363 1807 459 1869 verba
481 1807 604 1888 Christi,
626 1807 710 1888 quod
733 1808 866 1868 ecclesia
887 1807 980 1869 debet
990 1810 1043 1868 im-

132 1874 234 1969 pondre
252 1911 384 1972 poenas,
407 1891 531 1977 quqndo
552 1892 639 1952 dicit:
662 1891 877 1970 Quodcunque
890 1892 1044 1972 ligaveris.

134 1973 163 2034 llt
190 1977 252 2036 hoo
281 1975 376 2035 modo
404 1994 530 2055 possem
561 1975 743 2054 admittere,
767 1975 865 2034 Deum
890 1977 1045 2054 requirere

136 2076 252 2136 poenas,
283 2077 360 2137 quas
385 2058 518 2119 ecelesia
539 2061 638 2138 possit
659 2058 795 2135 solvere,
827 2059 899 2136 quia
919 2065 1043 2139 pactum

136 2140 192 2200 lecit
211 2160 281 2201 oum
303 2142 366 2201 illa.

204 2226 313 2284 Altera
335 2226 484 2286 autoritas
508 2224 653 2306 Cypriani
687 2225 726 2284 ad
755 2225 946 2308 Cornelium,
983 2243 1044 2303 qua

141 2305 230 2367 iterum
255 2307 378 2387 scribit,
411 2309 584 2368 haereticos
612 2309 761 2387 impedire
789 2315 972 2387 peccantes,
1004 2329 1043 2368 ne

140 2389 290 2470 indignanti
314 2393 381 2450 Deo
417 2392 614 2451 satisfaciant.
659 2390 840 2470 Quanquam
873 2391 1043 2470 Cyprianus

140 2470 168 2531 iti
187 2474 221 2534 de
238 2475 469 2554 poenitentibus
484 2495 546 2534 non
570 2475 715 2552 loquitur,
738 2475 792 2534 sed
816 2475 854 2533 de
870 2473 1042 2551 haereticis,

141 2557 178 2630 qui
197 2566 339 2636 tanquam
364 2559 434 2616 iusti
457 2564 488 2616 et
511 2559 598 2637 quasi
623 2557 700 2618 bene
723 2559 884 2634 fecissent,
916 2576 1042 2618 excusa·

140 2646 229 2699 verunt
265 2650 296 2700 et
319 2640 523 2701 defenderunt
545 2660 578 2700 se
600 2642 632 2699 in
656 2644 792 2722 peceatis
827 2641 907 2719 suis,
939 2648 1042 2701 tamen

142 2724 298 2801 respondeo
323 2726 402 2782 sicut
426 2724 465 2782 ad
487 2727 631 2803 priorem.

202 2807 275 2866 Post
296 2807 375 2866 haec
404 2806 522 2866 addidit
544 2809 713 2868 rationem:
736 2806 785 2866 Ad
807 2805 880 2885 quid
908 2805 1042 2866 ecclesia

144 2887 302 2950 ullatenus
318 2891 728 2970 imponerepoenitentibus,
753 2893 777 2950 si
800 2889 875 2949 illud
889 2890 1041 2950 Dominus

143 2986 187 3029 uon
206 2976 310 3054 exigit,
333 2983 364 3033 et
377 2975 503 3053 longam
521 2977 715 3035 autoritatem
729 2974 845 3052 allegat
856 2973 1040 3053 Capitulum.

143 3048 207 3123 Quae
228 3059 343 3117 inducit
364 3061 477 3135 omnia,
501 3067 641 3134 transeo,
670 3066 701 3118 et
722 3059 810 3133 dico,
839 3056 922 3135 quod
945 3056 1041 3117 eccle·

144 3136 189 3195 siae
208 3142 384 3202 mandatum
409 3151 471 3220 est,
505 3150 539 3201 ut
561 3145 691 3222 castiget
712 3150 742 3202 et
764 3140 879 3202 iudicet
899 3147 1041 3220 peccato-

142 3238 185 3301 res,
203 3228 280 3305 quod
304 3229 328 3285 si
352 3246 413 3286 non
436 3227 551 3305 fecerit,
572 3229 656 3287 Deus
672 3223 919 3285 irremissibiliter
939 3224 1042 3302 faciet,

143 3301 205 3367 iuxta
225 3312 408 3369 sententiam
423 3310 508 3369 Pauli
521 3312 659 3390 superius
673 3307 838 3368 adductam
862 3310 889 3369 1.
906 3306 976 3369 Cor.
991 3310 1039 3370 11.

145 3393 218 3451 etsie
239 3413 300 3452 non
324 3400 430 3472 potest
452 3394 541 3453 solvi.

206 3476 286 3551 ltem,
310 3476 391 3535 idern
411 3476 546 3535 Homilia
568 3479 617 3539 31.
641 3494 734 3554 super
747 3472 904 3534 Ebraeos:
927 3474 1039 3534 Pecca-

146 3558 190 3612 llm
214 3561 407 3619 confessione
431 3561 584 3620 minuitur.
629 3559 677 3618 Ex
704 3576 764 3636 quo
795 3555 889 3616 verbo
921 3555 1040 3636 eolligit

146 3629 171 3691 ὓ.
187 3638 216 3703 Ι).
237 3646 265 3703 ἰη
288 3644 370 3702 hunc
394 3644 534 3703 modum:
580 3641 648 3702 Non
673 3640 817 3701 minuitur
853 3639 956 3718 quoad
977 3639 1038 3699 cul-

166 3740 236 3785 Lutheri
250 3762 300 3797 opp.
316 3753 340 3789 V,
356 3752 382 3788 Α,
397 3752 426 3786 sd
437 3752 476 3786 rof,
490 3751 539 3787 frist
554 3751 569 3787 ι’.
582 3762 604 3797 p.
625 3753 669 3791 Vol.
685 3754 725 3791 lll.
877 3724 917 3790 14
