2346 4208
120 273 183 339 382
429 275 589 345 Disputatio
608 275 640 330 Ι).
663 276 694 327 ii.
718 275 745 330 L.

185 465 233 524 55.
257 460 288 520 si
312 462 392 520 enim
415 467 524 543 gentes
546 463 698 524 intratura
714 462 866 540 corrupta
887 464 1039 539 potueruut

126 543 164 604 de
186 543 254 603 Deo
278 551 429 623 statuere,
452 554 483 604 et
506 546 554 604 lex
579 563 648 606 esse
670 543 726 603 sibi
747 544 834 624 ipsis.
858 541 962 626 (Rom.
983 544 1024 620 2.)

189 629 238 689 56.
262 625 385 700 Quanto
416 629 514 708 magis
537 629 649 688 Paulus
673 633 725 686 aut
751 627 908 707 perieatns
932 625 1041 686 Christi·

125 729 201 770 anus
224 709 333 788 plenus
358 711 464 789 spiritu
494 719 599 790 potest
620 710 801 790 decalogum
828 709 983 789 quendam
1006 727 1042 770 or·

125 792 231 852 dinare
253 791 345 853 etde
369 793 510 853 omnibus
531 795 700 854 rectissime
723 792 873 854 iudicare.

188 878 237 940 57.
259 874 345 935 Siout
377 895 484 937 omnes
519 877 689 957 prophetae
732 883 763 935 et
794 875 904 936 Patres
943 874 1041 935 eodem

125 959 230 1038 spiritu
254 958 364 1018 Christi
388 961 492 1020 omnia
514 967 584 1020 sunt
606 959 715 1037 ioeuti,
739 977 820 1039 quae
842 957 994 1019 habentur
1017 959 1041 1016 in

124 1041 297 1121 Scripturis.
928 1108 932 1113 ,

185 1126 235 1189 56.
257 1123 374 1183 Tamen
398 1126 468 1204 quia
489 1124 652 1206 interim1)
678 1143 782 1184 sumus
811 1123 972 1203 inaequali
994 1124 1042 1203 spi·

125 1208 199 1285 ritu,
224 1213 254 1265 et
276 1226 348 1266 earo
372 1207 550 1269 adversatur
572 1211 708 1289 spiritui,
738 1226 868 1267 neeesse
891 1214 942 1266 est
962 1207 1042 1266 etiam

125 1296 250 1370 propter
279 1308 375 1370 vagos
403 1293 524 1360 spiritus
565 1294 655 1352 oertis
688 1290 840 1351 mandatis
872 1298 904 1349 et
934 1289 1042 1369 seriptis

124 1372 336 1453 apostolorum
363 1373 548 1451 adhaerere,
570 1394 610 1436 ne
632 1375 783 1434 laceretur
804 1373 951 1433 ecelesia.

188 1457 237 1520 59.
262 1454 335 1518 Non
359 1459 440 1516 enim
464 1478 567 1517 sumus
591 1477 698 1518 omnes
720 1456 868 1536 apostoli,
891 1457 945 1534 qui
968 1461 1042 1515 aerto

128 1539 187 1600 Dei
209 1538 334 1600 decreto
357 1539 447 1601 nobis
470 1548 541 1601 sunt
563 1539 736 1602 infallibiies
750 1540 897 1600 doctores
922 1538 1011 1598 missi.

191 1625 240 1686 60.
263 1622 336 1682 ideo
360 1643 422 1682 non
444 1624 497 1700 ilii,
520 1623 654 1700 sednon,
675 1643 742 1683 aum
768 1624 835 1682 sine
849 1621 977 1682 decreto
1000 1619 1045 1680 teii

127 1706 231 1782 simus,
253 1724 355 1767 errare
377 1725 541 1786 possumus
564 1715 594 1767 et
616 1706 677 1768 iabi
698 1708 728 1767 in
752 1705 823 1767 fide.

188 1792 239 1853 61.
262 1787 364 1862 Quare
388 1808 451 1849 non
475 1798 523 1851 est
550 1789 753 1870 arrogandum
788 1788 845 1849 uili
877 1797 952 1868 post
981 1803 1046 1866 apu-

126 1871 223 1932 stolos
247 1871 308 1931 hoo
329 1891 459 1933 nomen:
483 1872 572 1947 Quod
596 1892 659 1933 non
681 1873 778 1953 possit
801 1891 905 1932 errare
929 1873 960 1930 in
983 1869 1045 1944 fide,

126 1956 184 2015 nisi
205 1955 264 2015 soii
282 1956 434 2016 eeclesiae
454 1957 632 2018 universali.

194 2041 243 2102 62.
263 2037 398 2115 Summa,
421 2039 580 2100 Oonelusit
593 2040 677 2099 Deus
699 2037 871 2099 omniasub
892 2035 1048 2097 inereduli·

127 2128 199 2199 tate,
224 2128 257 2180 ut
277 2123 411 2181 omnium
436 2124 623 2184 misereatur.
666 2122 761 2202 Igitur
794 2120 975 2197 ‚miserentis
997 2118 1047 2178 Dei

131 2212 187 2281 est,
211 2202 293 2281 quod
315 2204 385 2262 iusti
408 2224 524 2281 sumus,
547 2226 608 2266 non
632 2206 780 2265 currentis
802 2203 950 2263 hominis.

189 2290 237 2351 63.
261 2285 413 2365 Operatur
435 2291 473 2348 sit
496 2297 635 2367 sanetus,
657 2290 695 2346 sit
716 2289 857 2367 sapiens,
882 2288 924 2346 sit
946 2288 1047 2359 iustus,

127 2373 167 2431 sit
188 2369 333 2449 quidquid
358 2371 451 2434 volet.
497 2372 528 2432 Si
552 2371 629 2432 fides
652 2371 748 2446 desit,
783 2369 839 2429 sub
870 2371 916 2430 ira
951 2374 1049 2428 manet

128 2463 159 2516 et
180 2454 350 2516 damnatur.

191 2540 238 2603 64.
263 2535 342 2612 Quia
364 2544 424 2596 stat
439 2538 608 2597 sententia:
633 2536 700 2596 Non
715 2532 977 2614 aliquorum‚‘sed
994 2553 1050 2594 om·

128 2625 210 2684 nium
240 2624 414 2699 miseretur3
450 2631 479 2679 et
501 2621 568 2681 sola
590 2619 798 2680 misericordia
819 2619 877 2679 Dei
901 2626 951 2678 est
971 2619 1051 2678 iusti-

127 2709 170 2766 tia
190 2713 306 2783 nostra,
328 2723 389 2763 non
416 2721 512 2783 opera
534 2706 666 2784 propria.

190 2791 239 2850 65.
259 2786 438 2848 iustificatio
469 2795 516 2845 est
537 2807 644 2847 revera
675 2785 869 2866 regeneratio
899 2783 1049 2863 quaedam

127 2872 158 2929 in
182 2871 367 2947 novitatem,
408 2872 486 2929 sieut
509 2871 641 2931 ioannes
663 2869 750 2929 dieit:
787 2866 847 2941 Qui
869 2867 1005 2927 eredunt
1024 2868 1050 2925 in

128 2954 252 3031 nomine
275 2955 339 3013 eius
362 2962 419 3013 ete.
444 2973 483 3012 ex
506 2954 572 3013 Deo
595 2954 659 3012 nati
683 2958 760 3013 sunt.

190 3037 239 3098 66.
264 3035 338 3096 inde
368 3044 398 3096 et
419 3036 530 3095 Paulus
559 3037 742 3116 baptismum
774 3040 868 3093 vooat
896 3033 1051 3093 lavacrum

125 3120 367 3198 regenerationis
386 3126 417 3179 et
429 3121 649 3198 renovationis,
672 3126 703 3178 et
714 3117 852 3178 Christus
873 3116 962 3196 ipse:
987 3115 1052 3175 Nisi

125 3202 228 3263 denuo
251 3204 318 3281 quis
329 3210 453 3263 renatus
475 3203 573 3280 suerit,
591 3222 654 3263 non
677 3208 780 3281 potest
803 3197 1051 3280 videreregnum

125 3286 196 3347 Dei.

161 3369 335 3435 balden
358 3368 550 3448 impossibiie
574 3376 636 3444 est,
671 3388 726 3448 per
758 3384 854 3445 opera
883 3363 1055 3437 iustitioari,

125 3455 197 3531 quia
218 3451 410 3532 impossibiie
437 3461 485 3513 est
507 3471 564 3512 nos
587 3453 672 3512 nasei
697 3471 735 3510 ex
759 3446 907 3528 operibus
932 3450 1056 3523 nostris,

124 3537 179 3596 sed
202 3538 304 3616 potius
327 3555 423 3614 opera
435 3542 602 3595 naseuntur
620 3537 682 3610 (sio
699 3528 876 3614 loquendo)
892 3551 934 3592 ex
958 3531 1058 3592 nobis.

186 3622 235 3684 68.
258 3618 377 3679 Eodem
400 3620 507 3697 spiritu
529 3619 722 3699 appellamur
742 3616 831 3692 iusti,
863 3634 952 3676 nova
974 3634 1057 3676 erea-

117 3738 538 3762 ,..............-.--.--

195 3806 227 3880 1)
250 3804 283 3861 in
302 3803 347 3861 ed.
367 3799 454 3858 ibbb:
470 3801 589 3851 interea.
