2346 4208
119 248 182 317 2513
347 254 442 309 Resol-
461 255 491 311 b.
508 272 592 326 super
611 257 806 327 Proposiu'ons

123 444 256 517 queant,
295 439 346 516 qui
375 440 633 503 inveteratissims
659 439 795 503 iamdiu
817 436 1023 503 consuetudins

123 519 330 601 opprobrandi
367 522 514 585 haeretici
550 526 698 602 nominis,
729 526 774 587 ita
803 526 837 585 in
869 520 1024 585 iudicandis.

122 605 251 666 aliorum
288 606 408 686 scriptia
443 608 682 688 obstupuerunt,
719 616 752 669 at
781 607 821 669 ad
854 603 1022 669 audienda
1061 620 1066 633 ·

122 689 281 749 veritatem
305 687 528 767 obduruerunt,
562 693 687 769 suisque
714 689 913 771 opinionibus
936 686 1023 751 obsu-

121 770 266 848 duorunt,
298 778 332 831 ut
354 773 406 832 vix
436 773 573 835 caduceo
600 774 705 835 divino
738 774 885 856 quopiam
915 768 1023 839 ezoni

120 873 214 935 posse
237 853 406 917 videantur.

202 937 244 998 Ut
270 936 301 997 id
330 945 465 1016 taceam,
500 958 592 1019 quam
630 938 827 1000 intolerabile
857 935 900 998 sit
934 936 1024 999 tart«

120 1040 249 1101 arguere
270 1039 336 1099 eos,
359 1022 410 1100 qui
432 1041 450 1083 e
471 1023 587 1101 templo
601 1023 659 1083 Dei
682 1022 862 1102 speluncam
886 1020 1021 1081 bbouun

119 1104 256 1165 iecerunt
278 1110 309 1164 et
330 1124 347 1165 e
369 1104 526 1184 Scriptura
542 1105 600 1166 Dei
622 1106 780 1187 negotium
802 1104 970 1180 hominurn,
983 1100 1023 1163 ub·

121 1188 340 1248 ominationem
371 1207 439 1248 eom
462 1188 572 1249 eloco
595 1195 703 1250 sancto
726 1195 758 1250 et
779 1187 918 1249 Christus
1015 1214 1023 1227 ·

119 1269 157 1330 tis
180 1269 306 1350 pepulit,
328 1277 359 1331 et
379 1270 492 1331 Paulus
514 1270 589 1332 dure
609 1271 819 1352 increpandos
841 1269 961 1332 consuit
994 1284 1022 1329 os
1059 1344 1062 1351 Ι

120 1353 310 1432 vaniloquos.
333 1353 412 1414 Nam
433 1353 464 1413 id
487 1358 657 1435 coguntur,
683 1355 792 1433 velint,
814 1353 926 1432 nolint,
947 1346 1022 1413 ooub

121 1437 195 1514 teri,
225 1455 329 1497 sacrae
360 1436 467 1499 literas
496 1439 613 1517 passim
635 1439 665 1498 in
688 1436 914 1499 universalibus
936 1430 1021 1495 sudu

120 1518 214 1579 fuisse
243 1519 405 1600 neglectas
436 1521 580 1600 penitus,
616 1521 810 1600 quantumvis
836 1538 909 1581 sese
928 1518 1023 1579 imunt

120 1601 295 1682 Scripturas
325 1602 499 1684 intelligere
530 1603 704 1684 religiosius
742 1603 879 1665 humano
914 1600 1022 1663 aticrm

121 1705 225 1757 sensu,
250 1704 341 1765 quam
363 1685 484 1747 illarum
508 1687 642 1766 proprio.
688 1686 757 1767 Ego
782 1684 943 1747 mihinolo
961 1682 1024 1743 tarr

123 1769 242 1831 cantari
270 1769 475 1846 cantilenam,
506 1789 565 1831 nec
593 1769 738 1831 saltitsbo
774 1768 814 1829 ad
841 1787 922 1831 eum.
961 1762 1023 1827 vui

122 1871 184 1913 non
199 1853 301 1912 iudice
317 1852 451 1913 humano
473 1851 522 1913 die
537 1852 733 1933 scripturam,
756 1851 811 1913 aed
822 1850 976 1932 Scriptura
989 1846 1024 1907 iu·

122 1935 190 1996 dice
205 1937 340 1997 omnium
353 1935 511 1997 hominum
527 1937 650 2016 scripta,
663 1935 756 2014 dictu,
769 1935 853 1997 facta
863 1932 1027 2075 intolliffi
1065 2000 1067 2005 ,

204 2018 381 2095 Postrem0,
414 2020 553 2079 omnium
575 2019 736 2080 criminum
756 2018 884 2079 uomina
909 2032 958 2077 mo

122 2107 153 2160 et
174 2102 326 2180 patienter
340 2101 456 2179 tulisse,
488 2102 555 2162 laus
577 2111 653 2163 esto.
697 2099 747 2163 Ad
759 2100 894 2181 spolium
916 2093 1027 2187 nomini!
1063 2120 1067 2181 r

122 2182 295 2261 Christiani,
308 2186 445 2264 rapinam
469 2185 587 2265 gloriae
598 2185 665 2257 Dei,
685 2183 925 2264 abnegationem
938 2178 1029 2241 Obrisl

122 2264 224 2346 (quod
257 2267 439 2342 moliuntur,
471 2269 523 2346 qui
550 2268 736 2328 haereticum
759 2273 822 2328 tam
848 2264 940 2327 facile
958 2274 1030 2343 qun!

121 2356 238 2409 temere
267 2350 489 2433 pronunciant)
513 2352 695 2431 agnovisse,
724 2368 762 2411 ao
789 2368 853 2410 non
876 2348 978 2429 potius
994 2360 1030 2405 us

121 2451 180 2574 qlpe
203 2430 242 2492 ad
264 2434 444 2513 sanguinem
465 2434 606 2495 omnibus
629 2432 742 2495 viribus
763 2431 959 2511 reclamasse,
977 2444 1031 2489 suu

121 2521 224 2575 terna
246 2516 293 2576 sit.

207 2597 350 2676 Proinde,
373 2601 423 2677 qui
447 2619 496 2660 me
518 2600 687 2681 patientem
711 2595 900 2675 desiderant,
920 2595 1031 2677 primun

122 2681 185 2741 alio
211 2698 301 2760 quam
332 2683 506 2761 haeretico,
535 2680 653 2762 perfido
677 2687 709 2741 et
729 2682 906 2760 apostatico
928 2676 1033 2741 nomint

121 2765 337 2827 criminentur:
361 2772 422 2844 aut,
444 2764 528 2845 qnod
550 2765 675 2840 debent,
697 2763 790 2825 talem
812 2782 864 2823 me
886 2760 1031 2858 esaepriut

120 2849 316 2911 convincant.
371 2848 481 2930 Neque
515 2850 596 2909 enim
640 2847 714 2907 mibi
748 2845 912 2907 retaliasse
945 2842 1033 2905 rimu

122 2950 308 3010 quemquam
341 2931 445 2991 talium
469 2932 719 3010 criminatorum,
748 2929 870 2991 etiamsi
899 2922 1032 3017 moeni·
1063 2976 1067 2991 .

121 3014 298 3076 nominibus
329 3014 417 3074 malis
440 3033 495 3075 ece
519 3032 707 3075 onerassem.
749 3012 896 3073 Haereeie
912 3012 989 3073 eninr
1006 3024 1032 3067 u

121 3097 205 3158 milia
226 3098 283 3158 eibi
314 3105 450 3157 monstra
480 3116 542 3157 non
570 3095 678 3174 habet,
716 3114 783 3155 com
815 3096 855 3155 eit
889 3098 1031 3175 peccam

120 3183 152 3241 in
188 3181 325 3260 spiritum
359 3189 509 3241 sanctum.
552 3178 745 3258 Quamquam
771 3179 890 3238 intutus
917 3174 1032 3239 omniun

120 3262 304 3324 Sanctorum
328 3264 481 3343 exempla,
505 3270 536 3322 et
547 3264 749 3342 impotentem
763 3260 889 3322 illorum
906 3260 1030 3345 ammul!

119 3347 170 3426 qni
193 3353 256 3407 tam
279 3346 401 3407 celebre
443 3347 503 3407 hoc
532 3347 647 3406 crimen
676 3344 806 3421 faciunt,
839 3360 942 3424 paena
975 3334 1030 3401 ub

121 3429 304 3509 persuadeo,
328 3449 390 3489 non
414 3430 513 3489 minue
527 3427 684 3488 ferendum
699 3446 769 3488 esse
781 3426 940 3505 haeretici,
959 3432 1030 3505 qus!

121 3513 268 3591 cuiusque
278 3513 342 3573 vitii
358 3512 571 3592 opprobrium:
589 3510 712 3591 quando
726 3516 759 3570 et
771 3508 927 3570 Christum
939 3504 1029 3569 nus·

123 3595 321 3656 daemonium
345 3594 448 3657 ludaei
478 3594 688 3671 insaniebant,
716 3591 901 3673 obsequium
922 3590 983 3653 oa
1004 3598 1029 3643 ⁸⁰

122 3686 279 3759 praestare
302 3677 448 3739 arbitrati.
1020 3742 1025 3755 ι

207 3763 338 3842 Vemm,
369 3764 436 3823 utut
457 3761 513 3840 ait,
536 3760 647 3821 nullius
665 3774 803 3841 persona
823 3774 956 3839 unquam
973 3746 1025 3813 nb
