2346 4208
244 267 290 322 ΙΙΙ.
317 269 426 335 Ceuoia¹
439 267 478 323 de
494 269 568 323 uosi.
587 273 616 323 et
633 266 757 324 Sauram,
772 269 853 323 buch.
960 265 1024 332 419

103 455 135 518 Se
159 456 266 516 Petrae
286 456 320 516 in
348 458 410 517 suia
431 455 557 536 aeriptir
579 475 646 517 eam
676 454 804 518 subinde
825 463 1025 536 repetantur

102 538 245 600 dnemnt
296 538 363 600 Noa
395 539 463 600 noe
489 545 586 600 totum
615 541 647 600 in
679 548 838 601 externam
869 539 1023 620 quandam

101 622 239 702 speeiem
261 624 444 683 mutavimus
466 630 498 683 et
519 624 794 702 annuntiemus,
816 622 1023 683 eihiatoriam

102 705 257 784 passionis
276 706 310 766 iu
332 705 507 786 parietibus
522 704 677 786 depietam
696 707 878 768 intueamur

520 788 613 852 uinis

101 985 151 1047 ΙΙΙ
187 985 337 1048 Cannio
361 985 406 1048 de
429 988 689 1051 eoniessioue
712 995 747 1050 et
769 987 1023 1091 Sacramenta
1057 1021 1059 1025 <

422 1070 641 1133 euehariet‘
614 1078 700 1133 t.ree
804 1160 807 1165 Ι
838 1152 842 1159 ¹

184 1203 313 1284 Saepius
336 1225 355 1265 a
377 1225 426 1265 me
449 1205 635 1269 dintumt
588 1214 651 1285 est
688 1227 749 1268 uon
777 1226 871 1288 posse
892 1225 951 1268 nee
973 1205 1024 1268 de-

102 1286 175 1348 bere
196 1281 390 1373 Christianae
410 1288 450 1350 ad
472 1298 696 1361 saer-amentum
720 1291 835 1371 attaris
857 1297 942 1351 eerto
964 1289 1024 1351 hoe

101 1371 259 1431 Pasohstis
280 1378 420 1468 tempore
442 1374 522 1452 oogi,
545 1373 601 1439 sed
618 1373 745 1433 liberum
768 1392 838 1435 esse
849 1391 1023 1453 nurumque

101 1451 225 1532 quando
248 1461 278 1513 et
300 1456 420 1551 quoties
443 1457 518 1516 velit
531 1457 593 1517 hoe
614 1464 807 1519 saorameuto
829 1458 879 1522 uti.
924 1458 1026 1536 Atque

100 1536 159 1597 ad
175 1555 243 1598 eam
276 1555 340 1598 rem
373 1538 503 1600 ministri
530 1540 563 1599 in
592 1539 725 1600 eooleeia
757 1541 914 1600 eonstituti
936 1541 1025 1618 suut,

100 1620 152 1699 qui
183 1627 248 1680 tum
280 1620 422 1682 verbot
410 1628 472 1681 turn
504 1623 704 1682 sacramentis
735 1622 852 1703 populo
888 1620 1025 1701 quotidie
1135 1647 1137 1650 ’

100 1709 289 1782 praeessent.

110 1841 113 1846 .
182 1785 290 1866 Longe
312 1786 405 1867 igitur
425 1786 470 1847 illi
493 1796 634 1848 errante
617 1752 936 1868 etpeooautquoqus
956 1804 1023 1868 gra
1060 1858 1063 1863 ¹

101 1870 191 1944 viter,
228 1871 280 1965 qui
302 1876 419 1950 eogunt
450 1870 592 1932 homines
616 1871 672 1932 sub
698 1877 828 1951 peeoatu
852 1869 973 1930 mortali
992 1869 1022 1930 in

101 1951 260 2019 Paaohatis
221 1951 361 2013 tissto
389 1961 587 2015 sacramento
610 1956 667 2031 uti,
702 1953 732 2014 id
761 1953 844 2033 quod
876 1953 1024 2014 haetenus
1073 2020 1083 2039 θ

101 2033 166 2095 fieri
188 2035 313 2097 solitum
325 2042 382 2112 est,
404 2044 435 2096 et
457 2036 557 2097 adhue
579 2037 681 2098 multis
703 2039 735 2097 in
759 2034 912 2097 iouisfieri
935 2035 1023 2096 suist

101 2117 208 2198 Neque
241 2119 323 2179 enim
352 2119 441 2178 huius
464 2123 650 2182 sacramenti
678 2119 788 2181 natura
809 2120 888 2180 ferre
912 2125 1023 2199 potest,

102 2210 134 2261 ut
156 2202 317 2281 quisquam
353 2208 477 2262 euentus
506 2223 544 2264 eo
573 2210 681 2264 utatur.
726 2203 868 2263 Animam
900 2203 1024 2262 sitibun-

102 2284 171 2344 dam
195 2286 329 2363 requirit,
351 2303 430 2363 quae
451 2287 519 2365 ipsa
541 2306 609 2346 sese
626 2289 720 2367 cogit,
743 2294 774 2347 et
794 2286 918 2367 gaudet
942 2284 1024 2364 quod

101 2369 201 2446 possit
235 2368 295 2427 hoe
326 2374 519 2429 saerarneuto
547 2370 615 2430 tiui.
659 2369 717 2444 Qui
746 2369 784 2430 ab
823 2371 891 2429 aliia
925 2370 1024 2429 ooaoti

98 2452 162 2510 noo
185 2459 409 2511 sacramentoria
432 2453 600 2532 accipiunt,
637 2472 706 2513 eum
735 2453 820 2513 nullo
848 2472 904 2516 auo
927 2453 1024 2512 fruotu

103 2533 134 2594 id
156 2533 281 2595 faciunt.
598 2580 602 2587 .

184 2616 279 2677 Vides
312 2617 403 2696 igitur
431 2637 470 2677 ex
492 2618 626 2691 Satanae
654 2619 784 2678 norisiiio
813 2612 927 2697 Papam
961 2638 1025 2679 om·

103 2702 154 2761 nia
183 2701 301 2780 egisse,
333 2701 428 2760 Satan
450 2702 530 2761 enim
554 2702 621 2760 siue
643 2700 736 2761 dubio
759 2701 879 2780 impulit
899 2701 1024 2780 Papam,

103 2790 135 2844 ut
157 2791 283 2864 cogeret
304 2784 370 2843 sine
392 2783 568 2857 discrimine
590 2803 697 2844 omues
720 2784 758 2843 ad
781 2784 1025 2844 hoosaeremen-

103 2875 177 2928 tum.
221 2867 344 2945 Exque
366 2886 398 2926 re
420 2867 480 2926 hoo
496 2875 633 2927 secutum
657 2866 962 2942 eatiueommodurn‚
993 2874 1026 2926 ut

103 2957 134 3010 et
154 2952 357 3010 irreverenter
383 2968 421 3009 ae
446 2949 573 3032 indigue
607 2958 733 3030 propter
754 2950 857 3029 Papae
881 2962 1025 3031 praenup-

103 3040 166 3092 tum
189 3038 371 3092 troataretur
392 3041 632 3110 sacramentum,
663 3042 694 3094 et
723 3033 853 3093 intrudas
885 3033 1025 3092 maximis

103 3135 137 3176 se
171 3122 315 3177 oneraret
349 3118 494 3194 peeoetia.
545 3117 654 3195 Neque
694 3118 774 3176 enirn
811 3116 900 3176 aliter
933 3124 1025 3194 etque

102 3199 200 3278 porei,
222 3197 317 3257 illotis
343 3199 445 3277 (quod
467 3198 570 3281 aiunt)
595 3199 734 3263 manibus
757 3218 794 3258 ao
810 3198 949 3279 pedibus,
972 3199 1025 3259 hu—

103 3283 201 3342 minee
232 3281 272 3340 ad
305 3288 530 3342 sacramentum
561 3284 621 3343 hoo
652 3282 863 3362 accipiendum
887 3283 1025 3342 ruebant.

103 3365 174 3426 Non
199 3383 273 3444 ergo
297 3366 432 3425 sinemus
455 3384 513 3426 uos
530 3365 634 3445 aliqua
655 3366 724 3444 lege
745 3365 1024 3425 adsaerameutum

103 3449 190 3528 engi,
227 3446 280 3507 sed
315 3447 399 3508 illam
422 3447 611 3525 libertatem,
645 3467 734 3526 quam
765 3447 855 3509 nobie
886 3447 1025 3508 Christus

103 3530 244 3605 eontulit,
267 3531 476 3592 retinebimus.

186 3614 264 3676 niso
289 3623 389 3674 autem
413 3615 474 3674 hoo
494 3622 620 3694 propter
641 3613 727 3691 ilina
757 3614 806 3692 qui
830 3614 943 3674 nolunt
962 3615 1024 3674 alin

104 3705 245 3777 tempore
268 3704 495 3759 sacramentum
518 3698 674 3776 aooipere‚
706 3697 861 3757 eomnruui
889 3698 1023 3758 omnium

104 3778 329 3841 consuetudine
352 3778 476 3860 inducti,
500 3798 591 3860 quam
613 3780 674 3841 hoe
695 3779 852 3840 Pasohatis
875 3788 1026 3860 tempore.

795 3866 832 3932 Ἡ
847 3863 866 3898 '⁴
