2346 4208
352 252 447 349 -Xlll,
461 252 497 309 da
515 258 652 323 potentatu
670 251 772 323 Papae.
963 250 1027 319 329

104 436 274 501 »daiam
294 440 366 504 lion
379 446 452 502 sunt
462 441 649 522 ipaaaetiam
659 440 832 519 ccclesiae?
846 441 878 504 Si
893 447 964 503 sunt
975 460 1022 503 co

104 520 194 585 Μ·
204 520 332 604 Christi,
353 529 449 585 curta
463 524 629 605 impiisimo
640 542 695 585 ore
705 525 824 585 resistis
836 525 956 587 Christo
978 525 1023 586 di·

104 604 195 669 luti:
207 604 320 689 -fluper
329 607 411 669 hanc
422 614 541 688 petram
553 605 725 669 aedificabo
739 609 901 670 ecclesiam
913 627 1023 670 meam.

104 684 344 771 Qnidmgnidmt
355 690 519 753 ecclesiam
532 708 633 752 meam
645 693 658 751 l
671 689 742 752 Non
755 697 803 752 est
815 693 875 752 nial
892 710 953 752 una
964 692 1024 752 Ro-

106 788 190 833 una
220 772 357 836 ecclesia
373 780 376 784 ’
390 792 446 834 aua
474 772 635 839 ecclesia?
670 772 702 834 Si
733 782 835 835 autem
869 773 1025 854 quaelibet

106 852 162 917 ὥ
181 856 278 919 eu'am
302 857 437 918 ecclesia
459 857 572 919 Christi
594 864 657 933 est,
680 864 712 917 et
732 857 870 918 Christus
892 855 1025 918 affirmat

108 954 171 1001 m
191 938 421 1001 aedificandam
442 958 535 1021 supra
555 945 672 1019 petram
709 938 798 1018 fidei,
832 941 929 1022 impio
962 941 1023 1000 iam

110 1038 205 1085 irrora
226 1021 350 1101 dicitu,
371 1021 411 1085 ad
430 1022 560 1103 [solam]
581 1021 743 1083 ecclesiam
764 1024 936 1084 Romanam
956 1041 1023 1104 par-

111 1104 210 1185 tnaoe,
231 1113 265 1167 et
284 1124 349 1168 non
370 1104 509 1167 rad-alias
532 1124 650 1167 omncs.

182 1188 231 1251 'ra
252 1207 337 1251 nunc
357 1189 500 1271 appello,
523 1189 637 1267 lector,
661 1195 695 1249 ut
715 1187 848 1266 iudices,
883 1208 922 1250 an
944 1188 1024 1250 haec

113 1270 384 1335 ammedera
394 1270 468 1348 an²)
477 1271 661 1333 immodesta
675 1270 871 1353 frigidissima
884 1273 1024 1351 dixerim,

113 1372 181 1503 πυ
201 1357 306 1419 varius
325 1355 509 1437 impiissima
526 1355 630 1417 dicere
650 1355 835 1434 debuissem,
852 1374 915 1417 aon
941 1354 1023 1435 quod

154 1456 313 1502 manarum
327 1437 508 1522 pontificum
522 1438 593 1517 sint,
614 1438 669 1500 aad
683 1438 765 1518 quod
776 1439 902 1500 nomine
918 1456 1023 1499 eorum

111 1522 283 1605 hlgantur,
319 1529 353 1584 ct
373 1541 428 1603 per
453 1522 523 1602 ipsa
542 1522 604 1582 iam
626 1522 729 1583 multis
752 1523 840 1583 annis
861 1520 1024 1583 adulentur

115 1608 232 1667 animis
252 1604 475 1683 Pontificibus,
504 1604 561 1666 has
584 1605 720 1666 insanias
740 1605 815 1665 nihil
837 1603 1024 1683 curantibus,
1122 1660 1132 1689 ,

117 1689 176 1769 quin
193 1698 231 1753 et
250 1691 389 1751 suaviter
409 1687 612 1750 audientibus.

178 1772 286 1855 -lgitur
307 1770 513 1855 evangelium,
534 1771 596 1832 hoo
615 1772 793 1852 interprete,
816 1771 862 1831 sic
881 1768 1024 1850 intelligi-

104 1855 218 1931 ω’)
236 1863 270 1919 et
292 1856 363 1917 locu
385 1854 566 1917 letabimur:
588 1853 657 1936 Ego
690 1872 784 1934 supra
811 1853 883 1915 fldei
904 1859 1022 1934 petram

118 1936 277 2001 armabo
310 1874 475 2000 ecclesiam
510 1956 610 1998 meam
647 1937 826 1998 Romanam.
884 1936 1025 1997 Romana

119 2027 207 2087 utem
230 2020 408 2084 aedificabit
428 2038 522 2101 supra
551 2038 636 2080 suam
666 2021 851 2081 senteutiam
878 2018 1025 2080 ecclesias

118 2118 190 2183 uras,
212 2125 279 2168 nou
299 2124 402 2181 meas,
437 2105 509 2183 quia
542 2122 642 2164 meam
677 2123 769 2184 supra
801 2103 873 2165 fidei
906 2107 1024 2182 petram

119 2188 290 2250 aedificabo.
334 2188 418 2250 Ecce
440 2205 522 2246 nunc
545 2193 617 2247 eant
629 2186 815 2262 adulatores,
838 2194 869 2247 et
890 2190 1026 2247 statuant

119 2271 194 2333 uobis
217 2272 394 2351 Scripturce
407 2276 533 2331 sanctae
548 2271 829 2350 interpretationem
843 2270 881 2330 ad
892 2268 1025 2330 Romani

117 2354 260 2430 pontificis
283 2355 399 2415 scribas
421 2354 584 2434 pertinere.

190 2436 313 2499 Deinde
336 2437 416 2516 vide,
438 2436 510 2516 quid
532 2437 572 2496 sit
592 2436 622 2496 in
647 2437 730 2496 curia
740 2437 882 2497 Romana
904 2435 1026 2496 iuristas

118 2518 270 2600 dominari,
294 2528 325 2583 et
348 2521 414 2580 sine
436 2518 591 2599 theologis
613 2538 651 2579 ac
672 2521 767 2580 sacris
781 2520 875 2581 literis
898 2518 936 2578 de
959 2517 1026 2578 sola

113 2611 262 2746 potestate
285 2611 316 2665 et
337 2603 467 2684 Spiritus
498 2603 596 2662 sancti
622 2604 797 2682 praesentia
820 2620 1026 2683 praesumere,

131 2704 167 2748 oc
188 2695 252 2766 eet,
291 2706 348 2767 per
380 2686 478 2746 solam
507 2689 678 2764 potentiam
699 2686 863 2765 scripturas
885 2689 1026 2745 tractare.

114 2768 250 2832 caurum
287 2771 373 2830 iuxta
394 2769 558 2848 Augustini
579 2768 717 2848 regulam
756 2776 787 2829 et
808 2769 966 2829 Romanus
997 2772 1028 2826 et

112 2855 207 2914 omnis
231 2853 372 2934 pontifex
395 2851 534 2913 subiacet
556 2851 718 2912 cuiuslibet
747 2851 846 2912 fidelis
869 2852 960 2911 etiam
984 2849 1028 2908 iu-

112 2935 201 3015 dicio,
223 2937 360 2996 maxime
381 2936 412 2994 in
436 2935 564 2994 materia
585 2932 667 2996 fidei.

189 3019 256 3080 lara
279 3018 355 3079 illud
378 3037 467 3096 quam
492 3018 671 3098 evangelice
704 3017 901 3078 dictumest:
936 3012 1026 3089 Quod

108 3102 251 3165 costerus
282 3103 401 3180 imperii
440 3107 471 3161 et
504 3103 616 3161 terreni
649 3101 715 3161 iura
735 3101 826 3160 Petro
860 3098 1028 3175 commisit,

108 3184 256 3261 obsecro,
277 3203 339 3245 non
364 3192 412 3244 est
433 3184 512 3244 haec
533 3203 581 3244 rea
605 3184 746 3245 omnibus
769 3184 902 3244 lacrimis
925 3182 1027 3262 digna,

107 3268 190 3351 quod
213 3269 293 3329 haec
315 3287 377 3328 uon
391 3266 483 3328 modo
499 3267 612 3348 legere,
634 3266 798 3328 sedetiam
821 3266 949 3327 credere
972 3282 1027 3344 pro

106 3351 241 3415 oraculis
265 3350 397 3431 Spiritus
422 3351 521 3410 sancti
543 3369 715 3430 urgeamur,
738 3357 769 3411 et
791 3351 833 3410 ita
855 3366 1027 3430 urgeamur,

108 3443 141 3497 ut
161 3436 265 3517 ignem
289 3435 457 3512 minentur,
487 3435 510 3493 si
535 3441 641 3494 contra
664 3434 735 3513 quid
757 3431 941 3493 mutiamus?
976 3429 1028 3490 At·

107 3538 168 3600 que
188 3519 234 3580 ita
255 3515 299 3596 flt,
322 3523 356 3578 ut
376 3517 455 3578 haec
477 3517 593 3576 maiore
611 3518 720 3577 timore
743 3523 773 3578 et
794 3516 945 3597 religione
967 3533 1028 3575 am·

108 3602 297 3684 plectamur,
329 3619 421 3679 quam
444 3600 536 3659 ullum
559 3598 653 3673 aliud¹
673 3601 721 3660 vel
742 3598 814 3660 fidei
836 3597 887 3658 vel
909 3617 1027 3659 morum

144 3794 176 3859 1)
196 3792 228 3844 In
248 3791 292 3845 ed.
311 3791 417 3860 priora:
437 3788 489 3842 vel.
526 3787 554 3855 2)
574 3788 605 3840 ln
625 3787 668 3843 ed.
687 3787 759 3843 lem:
777 3787 974 3857 intelligemus.
