2346 4208
125 250 187 329 lm)
209 254 213 262 ’
318 258 474 327 Disputatio
495 261 603 330 lipsiae
624 263 718 317 habito
735 279 762 319 s.
782 262 838 317 xlx

9 454 12 459 '
121 453 326 527 congruenter
352 451 383 511 in
407 450 504 510 Deum
529 448 700 523 ordinatur,
729 449 868 530 alioquin
890 451 1039 531 praesein

122 530 224 592 dendo
245 530 528 595 subordinationem
552 533 656 593 linium
680 533 865 611 paucissima
887 535 936 595 vel
959 534 1040 597 nulls

123 621 228 675 essent
249 615 333 676 bons
353 636 458 696 opera.

206 699 252 759 De
286 708 464 780 nontemptu
500 698 778 781 indulgentiarum,
810 719 865 779 per
892 700 1043 763 Constan-

124 782 221 843 tiense
243 784 408 845 eonsilium
429 782 656 863 improbatum,
687 783 762 844 dioit
781 783 971 845 reverendus
991 784 1043 845 Pa

123 870 183 944 ter,
218 885 251 925 se
273 864 342 927 illas
365 887 428 936 non
452 869 692 947 oontempsisse,
724 867 823 929 fateor
844 868 1044 948 ingenue,si

123 967 162 1009 en
185 968 307 1026 semper
329 951 437 1012 fnisset
457 970 531 1013 usus
553 951 774 1028 moderamine,
798 951 877 1012 sieut
896 970 933 1011 se
956 949 1044 1013 hodie

122 1033 280 1111 exposuit,
313 1042 344 1094 et
370 1035 449 1096 forte
469 1034 802 1113 eius-interpretationi
824 1039 873 1095 est
902 1033 1043 1099 standum

122 1119 154 1175 et
185 1115 216 1174 in
247 1119 437 1179 onnsoientia
468 1118 535 1179 sine
562 1117 649 1192 foro,
683 1124 787 1177 tumen
808 1118 941 1196 seriptus
974 1118 1041 1177 eius

122 1197 229 1259 Sermo
252 1200 387 1281 vulgaris
407 1202 500 1262 aliam
524 1199 649 1261 exhibet
679 1200 917 1282 intelligentiam
943 1200 1038 1261 lniois.

122 1279 184 1343 Sed
207 1281 268 1341 hoe
290 1284 364 1345 nihil
386 1284 503 1345 adme.

202 1363 251 1423 Ad
264 1366 436 1428 Gereonem
457 1365 618 1446 respondit
633 1365 842 1435 admittendo,
864 1372 971 1427 temen
995 1385 1041 1427 ar·

120 1446 248 1509 bitratur
271 1449 443 1513 Gereonem
465 1450 538 1511 mihi
560 1448 732 1527 adversari,
764 1451 815 1529 qui
837 1448 1043 1529 indulgentius

120 1537 194 1589 tune
219 1532 309 1594 utiles
335 1540 475 1614 reputat,
508 1531 631 1612 quando
662 1531 739 1609 fide,
773 1552 830 1612 spe
857 1539 890 1593 et
911 1533 1040 1593 oaritste

119 1615 344 1694 percipiuntur,
375 1617 459 1697 quod
486 1636 545 1697 ego
579 1615 655 1676 alias
684 1617 833 1677 tenuerim
857 1634 955 1696 posse
979 1613 1042 1677 lieri

120 1697 361 1761 satisfactionem
387 1702 418 1761 in
448 1705 576 1779 pensato
601 1699 734 1761 mortali.
778 1699 856 1760 Dino
890 1699 1041 1779 elipeum

120 1776 412 1845 christianissimum
435 1778 744 1844 cannellarium'hoe
765 1777 889 1858 tenere,
910 1781 1043 1860 aliquem

121 1882 215 1942 posse
237 1867 416 1929 satisfaoere
439 1867 477 1927 ds
500 1866 636 1927 iniunota
656 1866 847 1944 poenitentia
860 1866 892 1925 in
915 1870 1043 1945 pennen

121 1949 253 2027 mortali,
276 1950 412 2029 alioquin
435 1949 717 2029 imprudentissime
727 1954 857 2028 agerent
878 1947 1044 2011 eorrieesio·¹

120 2050 193 2091 num
217 2031 389 2105 auditores,
419 2033 578 2093 durantem
600 2031 788 2111 imponendo
814 2032 1044 2111 poenitentiam.

121 2112 182 2174 Sed
212 2134 252 2174 an
278 2117 430 2196 quispiam
461 2115 669 2196 indulgentias
699 2115 729 2174 in
742 2152 745 2157 -
758 2121 889 2194 pensato
925 2113 1044 2178 norisii

121 2204 337 2276 oonsequatur,
360 2199 435 2259 nihil
457 2199 496 2259 sd
516 2216 593 2275 rem,
617 2198 695 2259 ratio
712 2197 897 2258 diversitatis
920 2204 971 2259 est
994 2196 1043 2259 ola

120 2281 180 2357 vie,
203 2282 349 2359 quoniam
370 2282 582 2362 indulgentiae
604 2301 667 2341 non
689 2281 798 2341 solent
821 2280 963 2356 oonoedi,
990 2279 1044 2341 nisi

123 2364 262 2423 enutritis
285 2370 315 2425 et
337 2366 510 2439 confessis,
528 2363 605 2425 ¹ideo
628 2383 691 2425 non
714 2365 834 2437 mirum,
856 2363 884 2424 si
906 2369 1045 2442 peeooto·

121 2465 171 2506 res
193 2446 300 2507 harum
325 2469 387 2509 non
410 2455 482 2509 sunt
492 2465 635 2527 espanes,
658 2448 730 2526 quia
751 2446 966 2527 indulgentiae
987 2452 1046 2509 tan·

120 2535 184 2591 tum
206 2530 320 2610 valent,
342 2538 489 2610 quantum
512 2537 632 2592 sonant.

204 2611 367 2675 Subiunxit
387 2613 575 2676 reverendus
596 2613 696 2689 Pater,
718 2612 891 2672 orationem
911 2612 1046 2673 Domini·

122 2715 190 2757 eom
214 2696 284 2758 laiei
307 2704 425 2758 tantum
447 2698 560 2775 valere,
582 2697 661 2756 siout
681 2695 776 2755 horas
797 2694 966 2757 eanonines
988 2695 1044 2763 ele·

123 2780 191 2855 riui,¹
211 2781 236 2840 si
259 2787 363 2842 eetera
384 2788 457 2842 suut
476 2782 572 2862 paria,
593 2778 668 2839 illud
690 2797 754 2839 non
776 2776 917 2840 admitto.

208 2863 254 2923 De
276 2865 310 2925 B.
333 2864 485 2945 Gregorio
509 2863 591 2941 dieit,
613 2861 806 2923 sennodum
828 2867 987 2941 reoeptam
1009 2862 1050 2923 vi·

123 2944 205 3006 disse
227 2948 396 3009 historiam.
420 2948 463 3008 At
483 2954 547 3008 tam
569 2946 821 3006 constantissima
842 2944 946 3021 fama,
975 2946 1054 3007 sisui

122 3029 156 3088 B.
167 3027 358 3111 Augustinus
380 3031 431 3092 lib.
450 3030 490 3091 de
513 3031 583 3090 trin.
606 3028 646 3088 de
658 3026 848 3089 Alexandria
860 3028 970 3107 inquit,
992 3028 1055 3089 hoo

123 3128 238 3191 negare
259 3133 323 3174 non
346 3115 503 3194 permittit,
528 3119 622 3193 negat
639 3118 740 3171 autem
754 3109 967 3190 indulgentias
983 3130 1053 3173 sess

123 3196 361 3275 satisfactorias,
396 3197 449 3257 sed
474 3196 573 3256 solum
597 3196 660 3254 sint
679 3194 879 3254 remissiones
900 3193 1054 3255 bonorum

124 3297 263 3358 operum.
309 3283 339 3339 ln
363 3280 424 3339 hoe
446 3279 539 3339 oredo
562 3276 725 3358 principaii
748 3295 806 3337 nos
829 3275 1005 3351 dissentire,
1025 3282 1060 3339 et

123 3380 268 3443 magnam
291 3371 409 3442 partem
432 3362 663 3423 oontroversiae
684 3360 735 3419 hin
756 3358 891 3420 fundari·
911 3359 954 3420 At
970 3362 1058 3441 prins

124 3447 247 3507 memini
270 3446 477 3527 indulgentias
500 3465 568 3506 esse
597 3462 658 3505 non
681 3443 879 3503 remissiones
901 3442 1056 3505 bonorum

125 3547 264 3608 operum,
285 3536 319 3589 ut
342 3529 439 3590 eredit
460 3526 647 3590 reverendus
667 3527 767 3597 Pater,
790 3525 843 3585 sed
856 3526 1060 3589 remissiones

125 3631 293 3691 poenarum
329 3614 464 3693 peeoatis
497 3612 679 3674 debitarum.
711 3607 824 3669 'Unde
858 3608 954 3671 homo
984 3626 1063 3673 vere

123 3694 313 3759 Christianus
335 3696 492 3774 aoeipiens
517 3694 725 3773 indulgentias
747 3711 811 3757 nou
833 3692 973 3765 minora,
1001 3686 1059 3755 sed

121 3778 211 3860 plura
232 3779 306 3839 lauit
326 3778 409 3839 bona
431 3798 544 3861 opera,
567 3796 658 3859 qnam
682 3776 708 3836 si
730 3794 793 3836 nnn
815 3780 1061 3858 consequeretur
