2346 4208
401 290 440 351 n:
451 298 485 354 s.
504 297 622 355 nurum.
925 295 988 365 163

63 483 128 545 lste
150 486 232 545 enim
254 485 468 548 odiosissimus
501 504 539 549 ac
561 485 806 548 taediosissimus
830 488 991 572 catologus

63 566 294 630 distinctionum
315 570 525 631 inutilissimus
547 575 603 648 est,
626 571 688 633 imo
712 571 823 630 noxius
852 574 990 637 omnino.

149 650 342 714 Addiderunt
362 653 409 712 his
433 654 520 714 malis
544 652 668 732 quidam
691 653 988 716 circumstantiarum

62 734 314 795 molestissimum
338 737 518 817 negotium,
541 735 650 816 quibus
673 737 814 798 omnibus
837 736 899 799 duo
915 738 992 800 lruc·

62 824 113 877 tus
142 825 374 896 promoverunt.
424 819 573 898 Primum,
597 818 694 898 ,quod
732 820 911 882 confessuro
944 821 992 882 his

31 901 153 992 ‘nugis
175 908 293 962 tantum
315 903 431 983 negotii
455 901 504 982 lit,
543 910 576 962 ut
597 902 643 983 id,
683 902 765 980 quod
794 905 992 983 praecipuum

62 989 121 1061 est,
143 985 265 1062 penitus
286 1005 392 1047 curere
416 1005 478 1046 uon
491 986 604 1065 possit,
625 987 745 1048 scilicet
765 986 896 1047 studium
919 986 992 1050 boni

63 1069 234 1148 propositi,
250 1075 336 1130 tauta
357 1068 440 1129 mole
462 1070 641 1130 memoriam
664 1089 827 1150 occupare,
853 1079 883 1130 et
906 1089 992 1132 oura-

61 1168 130 1211 rum
153 1150 454 1231 sollicitudinumque
482 1159 566 1213 recte
587 1152 761 1232 proferendi
788 1155 915 1234 negotio
938 1172 992 1217 cor

62 1232 193 1312 opplere
216 1242 357 1297 coactus:
401 1241 502 1314 atque,
522 1235 593 1296 dum
608 1236 726 1316 quaerit
746 1244 876 1316 peccata
895 1236 992 1303 oblito

64 1315 117 1375 vel
139 1315 263 1377 modum
288 1317 471 1397 confitendi,
494 1318 613 1379 interim
635 1321 806 1399 praesentis
829 1321 987 1388 couscien-

60 1399 123 1458 tiae
135 1419 271 1461 morsum
287 1409 445 1480 totamque
459 1402 600 1461 salutaris
609 1402 812 1462 confessionis
825 1403 990 1463 utilitatem

60 1482 185 1561 penitus
219 1485 352 1561 amittat,
387 1490 420 1544 ut
453 1483 611 1546 absolutus
652 1503 714 1545 non
748 1484 827 1545 adeo
855 1486 990 1565 gaudeat

60 1583 132 1625 sese
154 1564 342 1646 absolutum,
373 1586 464 1645 quam
493 1584 563 1627 sese
586 1568 702 1627 misera
729 1567 783 1627 illa
821 1567 988 1628 confitendi

60 1646 240 1708 carnificina
262 1650 357 1710 semel
380 1649 558 1726 liberatum,
590 1652 661 1729 quia
682 1668 741 1709 nec
762 1649 988 1711 absolutionem

60 1739 123 1793 tem
139 1734 312 1812 ,quaesivit
333 1752 423 1812 quam
435 1732 526 1793 finem
540 1732 801 1794 laboriosissimae
821 1732 988 1794 confitendi

62 1804 275 1895 carn¹lioinae3
304 1815 412 1895 ⁴tadeo,
436 1816 508 1877 dum
530 1815 698 1877 dormimus
721 1835 842 1894 secure,
884 1817 989 1877 omnio

60 1899 178 1977 passim
212 1905 283 1959 sunt
308 1898 462 1960 subverse.
507 1899 663 1978 Alterum,
696 1905 729 1959 ut
756 1906 788 1960 et
816 1899 989 1960 confessori

58 1982 122 2041 siut
144 1981 371 2061 taediosissimi,
393 1990 514 2063 tempus
537 1981 762 2058 eifurantes1)
788 1983 907 2044 melios
930 1983 984 2042 im·

58 2063 232 2144 pedientes.

139 2146 246 2221 ‘Quare
269 2149 337 2228 ipsa
366 2155 531 2228 praecepta
552 2149 609 2209 Dei
632 2148 765 2211 breviter
794 2155 865 2209 sunt
890 2147 984 2228 inspi-

60 2230 187 2304 cienda,
221 2233 252 2290 in
274 2231 383 2310 quibus
411 2233 477 2291 sine
500 2232 592 2293 dubio
616 2233 719 2292 omnia
740 2238 869 2312 peccate
891 2231 985 2292 conti·

60 2321 189 2392 nentur,
226 2315 251 2373 si
285 2321 369 2374 recte
401 2314 620 2395 intelligantur.
673 2315 739 2376 Nec
771 2322 874 2376 tamen
906 2315 986 2375 haec

60 2398 186 2469 clunia,
220 2397 275 2457 sed
298 2398 404 2458 ultima
426 2397 487 2457 duo
510 2417 635 2478 prorsus
657 2418 676 2457 a
698 2400 894 2459 confessione
916 2403 988 2458 sunt

65 2479 273 2540 excludenda.
331 2481 493 2542 Confessio
532 2482 612 2542 enim
643 2481 744 2542 brevis
786 2500 855 2541 esse
885 2480 987 2560 debet,

60 2570 90 2624 et
115 2582 220 2623 eorum
246 2565 437 2643 potissimum
467 2567 677 2643 peccatorum,
706 2583 785 2642 quse
806 2570 986 2643 praesenter

57 2645 210 2724 mordent,
230 2655 270 2725 et,
289 2655 322 2706 ut
333 2647 447 2724 dicunt,
463 2665 543 2725 quae
555 2654 681 2709 mouent
693 2646 733 2707 ad
746 2647 985 2708 confessionem.

59 2729 274 2791 Confessionis
290 2731 370 2790 enim
394 2736 617 2790 sacramentum
637 2729 674 2789 ad
692 2729 898 2811 quietandam,
919 2748 983 2790 non

67 2811 305 2894 perturbandam
329 2812 548 2873 conscientiam
572 2813 740 2873 institutum
764 2820 819 2874 est.

382 2977 537 3060 Exempli
547 2936 654 3060 gratia,
702 2976 704 2982 ’

139 3130 187 3191 De
206 3130 261 3192 illo
284 3137 467 3211 praecepto:
490 3131 560 3190 Non
587 3129 809 3208 moechaberis,
832 3127 893 3189 cito
916 3128 984 3189 dix-

56 3216 123 3292 erit,
149 3214 305 3292 quomodo
319 3213 435 3273 libidini
448 3215 574 3274 cesserit
585 3212 634 3272 vel
648 3232 742 3292 opere
754 3212 802 3273 vel
812 3211 907 3272 verbo
929 3210 982 3271 vel

56 3317 226 3373 consensu,
250 3297 335 3357 velut
356 3315 389 3356 se
411 3304 508 3357 totum
532 3316 599 3356 cum
625 3297 766 3357 omnibus
788 3295 931 3355 membris
954 3301 985 3355 et

54 3380 195 3441 sensibus
223 3383 254 3440 in
284 3400 323 3441 eo
356 3388 521 3460 praecepto
557 3380 743 3441 describens.
788 3378 867 3453 Quid
908 3396 982 3458 ergo

54 3467 190 3544 quinque
212 3484 337 3541 sensus,
370 3471 499 3542 peccata
522 3463 679 3539 mortalia,
701 3475 732 3523 et
754 3460 829 3522 illud
851 3460 982 3541 pelagus

59 3549 290 3608 distinctionum
317 3553 442 3625 oportet
465 3546 621 3607 adducere
644 3546 770 3606 frustra?

137 3631 183 3691 lta
204 3633 234 3690 in
258 3631 328 3695 illc:
352 3630 421 3691 Non
446 3631 578 3708 occides,
602 3631 662 3689 cito
686 3629 806 3704 dixerit,
829 3646 890 3706 qua
912 3645 982 3706 spe-

126 3810 153 3865 l)
173 3804 203 3853 ln
223 3803 266 3854 ed.
287 3804 379 3869 orig.:
399 3806 550 3854 furentes·
607 3815 610 3820 ’

700 3867 768 3931 11*
