2346 4208
358 257 568 328 Disputationes
585 256 622 315 D.
639 259 675 316 lt.
692 258 815 316 Lutheri.
987 257 1051 327 323

170 445 268 506 stiam
287 451 320 510 ot
339 444 537 526 pelagianos:
571 444 725 524 disputate
745 447 777 507 in
804 447 944 527 preclara
978 466 1049 510 aca-

170 527 273 589 demia
295 528 573 609 Vuitteubergansi.
604 527 626 610 ³(
646 529 729 610 Lnga
752 528 864 593 hector
884 537 917 592 at
937 529 1050 593 afficie-

171 612 230 690 ris,
264 631 353 678 versa
373 612 452 673 facie
474 612 651 692 catalogum
672 614 831 692 invenias,
853 615 883 676 4.
906 614 1049 681 ,Duode-

169 695 229 753 cim
252 694 335 755 solia.
357 715 382 756 s.
404 694 424 756 l.
448 701 480 755 et
500 714 528 757 a.
553 695 683 776 (1520).
709 693 757 780 (v.
781 694 809 760 d.
821 695 919 757 Hardt
929 700 1049 778 autogr.

167 776 256 839 Luth.
277 772 319 841 lll
338 798 370 857 p.
391 781 459 853 37.)
734 816 738 829 1

211 881 461 965 Christianissimi
483 881 760 965 Wlttenbergensis
783 882 954 964 Gymnasii,
975 883 1049 945 mul·

125 971 226 1026 tarum
248 965 496 1046 Disputationum
526 966 693 1108 paradoxa
720 975 753 1027 ct
772 966 866 1047 place
894 968 1051 1047 enigmata

125 1048 157 1108 in
181 1049 336 1129 Papiatica
370 1046 423 1109 illa
455 1068 524 1109 men
548 1051 623 1110 aciis
656 1049 871 1111 confusissime
891 1049 1048 1111 Ecclesia:

126 1131 266 1212 uulgaria
290 1150 364 1192 uero
399 1151 491 1193 uerae
512 1131 624 1195 Christi
647 1132 808 1194 Ecclesiae
836 1134 1047 1213 pronunciata.

124 1212 228 1294 Atque
247 1234 285 1275 ex
305 1215 354 1274 lris
376 1214 475 1276 lector
496 1214 663 1293 iudicabis,
693 1215 767 1296 quid
790 1223 899 1297 agatur
920 1217 951 1276 in
973 1234 1047 1277 aare

125 1297 302 1358 Christiana
323 1297 439 1376 schola,
463 1316 616 1378 quamque
637 1299 793 1359 haeretica
814 1300 854 1359 sit
874 1299 1001 1359 Lutecia
1017 1305 1049 1360 et

124 1397 236 1440 omncs
257 1380 339 1441 filiae
357 1382 431 1441 eius.
475 1382 624 1442 Auctores
646 1382 873 1442 sunthlartiuus
889 1381 1049 1463 Lutherus,

124 1463 268 1524 Andreas
284 1462 525 1542 Oarolostadius‚
540 1464 696 1545 Phiiippus
709 1463 937 1543 llielaachthon,
958 1465 1050 1526 Nico-

122 1546 192 1606 laus
214 1540 380 1611 Amadorff.
404 1543 447 1628 (s.
471 1547 489 1609 l.
514 1555 553 1608 et.
576 1545 625 1689 ag
647 1548 676 1609 4.
700 1546 779 1607 Octo
800 1546 883 1610 lolia.
913 1547 948 1607 ln
968 1547 1046 1609 ilua:

120 1629 269 1690 Excussa
293 1648 375 1690 anno
397 1628 523 1690 Domini
539 1630 579 1693 Μ.
628 1677 635 1691 .
653 1629 724 1691 XXI
744 1648 852 1690 mensa
864 1629 1047 1710 Septembri.

292 1718 340 1790 (hv.
365 1711 393 1772 d.
417 1711 516 1773 Hardt
536 1712 576 1773 lll
598 1733 629 1795 p.
651 1715 700 1778 56.
723 1710 841 1774 Panaer
859 1712 911 1793 lx,
933 1708 1003 1789 8'1.)

186 1815 318 1897 Lutheri,
341 1817 492 1881 Melanch.
508 1817 715 1880 Oarolostadii
733 1823 791 1881 etc.
802 1817 1046 1915 Propositiones,

163 1898 409 1983 Wittembergae
442 1903 513 1961 uiua
547 1919 626 1963 uoce
656 1907 823 1980 mactatae,
861 1920 893 1961 ιη
923 1900 1045 1983 hocque

96 2032 115 2051 .
165 1983 334 2064 pleraeque
356 1983 478 2046 aeditua
499 1981 538 2045 ab
563 1983 755 2064 auctoribus,
789 1990 822 2045 ut
843 1983 894 2045 uel
915 2002 973 2045 nos
995 1984 1046 2046 ab·

163 2074 268 2129 sentes
290 2087 359 2128 cum
382 2068 456 2149 ipsis
479 2086 624 2148 agamus,
662 2067 714 2128 uel
746 2074 829 2128 certo
851 2073 884 2128 nt
906 2067 1044 2128 ueritatis

163 2156 196 2210 et
218 2149 431 2211 seductionum
452 2142 678 2211 admoheantur
692 2150 775 2214 boni.
797 2150 874 2213 Sunt
887 2157 989 2211 antam
1012 2150 1043 2211 id

160 2252 280 2313 genus,
317 2234 364 2294 De
386 2233 479 2294 Missa
517 2242 548 2294 et
578 2233 790 2295 celebratione
819 2235 893 2294 eius.
938 2233 1045 2294 Sacra·

162 2323 267 2375 manto
292 2317 380 2396 panis
403 2325 434 2376 et
455 2319 528 2378 nini.
572 2318 780 2379 Promissione
813 2326 844 2377 et
866 2323 1042 2397 praecepta.

162 2398 238 2460 Fide
260 2407 292 2459 et
322 2400 476 2479 operibus.
520 2399 621 2460 Ocntu
649 2399 853 2480 Gregoriano.
895 2399 1042 2461 Coniura

160 2484 247 2543 hona
267 2483 436 2562 spirituum.
465 2482 627 2542 Ocalihatu
655 2483 913 2564 prosbyterorum.
955 2483 1043 2544 Daoi-

161 2567 218 2624 mis
240 2585 278 2626 ac
300 2567 380 2626 uotis
402 2572 461 2627 etc.
506 2565 647 2626 Basileao
667 2567 706 2629 li.
732 2567 769 2629 D
791 2566 941 2628 xxiiia
962 2564 1042 2627 line:

159 2649 302 2709 Basiloaa
325 2669 406 2710 anno
428 2649 467 2713 hl.
490 2649 528 2711 D.
552 2648 644 2710 XXll.
753 2645 756 2654 '

585 2732 719 2806 (Paucas
735 2730 791 2807 -V1‚
813 2731 887 2794 235:
906 2727 997 2812 461.)

193 2850 436 2930 -Proposioiones
459 2868 478 2909 a
499 2847 597 2912 Marti.
621 2847 753 2908 Luthero
778 2845 907 2908 subinde
927 2847 1041 2929 Dispu-

158 2938 253 2994 tatae.
296 2932 329 2994 Iu
365 2931 442 2992 fine:
475 2931 660 3013 Impressum
683 2928 883 3013 Witebergua
913 2949 969 3011 per
989 2929 1041 2992 Jo-

157 3016 286 3095 sephum
310 3016 389 3095 Glu'g
410 3015 511 3077 Anno.
535 3016 570 3076 A.
598 3015 661 3098 (sic
682 3032 739 3096 pro
761 3010 819 3096 M.)
841 3012 878 3092 D,
901 3011 1046 3077 XXX-8(

156 3098 249 3159 Tituli
271 3100 401 3179 pagiua,
436 3116 515 3178 qnae
538 3118 597 3159 nec
618 3116 733 3158 annum
756 3115 814 3157 nec
834 3096 936 3156 locum
960 3094 1045 3156 incr:

157 3188 225 3260 cat,
258 3182 353 3264 signis
378 3181 610 3263 typographicis
645 3185 693 3242 est
715 3187 843 3259 ornata,
876 3179 1045 3259 inquibus

157 3272 228 3326 sunt
248 3266 381 3347 insignia
402 3266 587 3345 typographi
608 3267 636 3326 ὦ.
661 3264 699 3325 Κ.
727 3263 812 3324 Haeo
834 3260 928 3324 editio
951 3278 1038 3343 prae·

159 3353 205 3408 ter
226 3348 359 3428 Lutheri,
381 3350 432 3429 qui
454 3348 539 3409 solus
560 3351 591 3409 in
609 3348 698 3409 titulo
720 3345 904 3425 nominatur,
925 3363 1038 3427 propo·

156 3432 289 3491 sicioues
320 3437 435 3511 (usqne
467 3430 507 3492 ad
528 3432 681 3513 Disputat.
712 3429 751 3489 da
772 3428 862 3489 Votis
884 3448 911 3493 a.
936 3429 1034 3508 1521)

155 3534 224 3611 cnm
268 3515 460 3611 praefatione
489 3515 564 3577 Phil.
605 3512 851 3612 hlelanchthonis
877 3513 1038 3609 'continet

152 3593 1038 3763 litatislilthatti*‘’tirhttttissltl

754 3759 826 3827 21*
