2346 4208
188 263 223 319 de
242 264 316 334 bapt
337 264 408 339 legis
426 269 479 326 etr.
498 269 529 338 st,
544 265 776 339 dosxccpspnun·
795 272 847 324 sn.
918 265 985 334 343

57 535 296 614 Disputatio
320 534 355 598 n.
381 535 488 599 nass.
510 535 618 597 nutu.
647 535 693 596 se
726 498 988 601 promanans-

405 621 570 683 cctione
591 625 650 682 etc.

368 734 460 796 Anno
483 735 522 800 M.
543 736 579 796 D.
602 736 683 798 XXI.

262 833 302 895 ad
323 833 453 896 diturum
483 836 590 898 feriam
612 833 788 917 sextum*).

106 939 134 997 1.
156 933 270 1019 Errant
281 934 480 997 ecclesiarum
496 935 673 1018 praepositi,
697 937 766 998 dum
790 957 845 1018 per
866 956 989 998 excom·

59 1017 306 1078 municatiouem
331 1018 495 1080 vindictam
519 1022 565 1079 sui
589 1027 619 1080 et
641 1040 696 1080 sua
718 1027 877 1100 quaerunt.

103 1103 133 1164 2.
157 1100 496 1174 &communicationis
518 1104 604 1183 virga
627 1102 796 1185 lugentium
818 1102 989 1163 humilitate

57 1182 161 1265 infligi
194 1180 299 1265 debet,
341 1203 403 1247 non
427 1184 628 1249 saevientium
663 1192 820 1266 pastorum
851 1186 931 1247 fastu
959 1192 990 1259 et

58 1265 219 1346 superbia.

105 1351 136 1413 3.
159 1347 226 1408 Nec
247 1349 322 1408 satis
347 1355 411 1426 est,
444 1351 470 1409 si
493 1351 524 1410 in
548 1370 581 1410 re
614 1357 721 1411 contra
741 1349 908 1412 Dominum
931 1352 989 1411 for-

59 1449 154 1492 moso
177 1430 327 1491 scribatur
348 1431 455 1494 titulo:
477 1433 510 1493 ln
534 1433 668 1495 Domino
691 1431 873 1494 mandamus
896 1440 989 1513 etque

57 1514 256 1594 requirimus.

103 1595 134 1660 4.
158 1596 362 1658 criminosum
400 1598 434 1658 in
470 1599 569 1658 carnis
606 1598 759 1660 interitum
788 1596 867 1659 trudi
902 1598 990 1663 iussit

59 1679 247 1761 apostolus,
277 1686 311 1741 ut
333 1681 454 1760 spiritus
477 1687 659 1742 servaretur.
702 1681 797 1762 Igitur
818 1680 900 1742 male
923 1700 989 1741 sen·

363 1885 522 1954 Disputatio
540 1884 682 1939 circularis

375 1957 409 2009 ad
429 1961 550 2010 suturam
569 1962 678 2010 sextam
697 1955 804 2009 feriam.

138 2027 224 2081 Missa
243 2030 382 2081 neminem
394 2031 544 2082 sanctificat
559 2034 607 2082 aut
626 2029 727 2079 iustum
742 2028 806 2078 t'ceit
822 2042 874 2078 nee
895 2041 912 2077 a
930 2042 990 2094 pec·

60 2101 135 2153 cutis
156 2099 264 2152 liberat.

129 2169 225 2255 ⁴igitur
242 2172 328 2223 missa
354 2187 410 2224 non
440 2176 482 2225 est
500 2171 681 2236 sacrificinm,
715 2168 763 2222 sed
792 2170 902 2247 signum
932 2170 990 2222 veri

59 2243 218 2379 sacrlgddd
237 2313 318 2369 fidem
338 2320 449 2379 excreat
468 2319 495 2370 et
512 2316 657 2371 ueritatem
678 2319 770 2383 auget.

90 2461 96 2470 Ι
140 2384 255 2438 Nullum
282 2400 396 2453 prorsus
425 2384 544 2465 amplius
572 2391 614 2437 est
637 2384 801 2439 sacrificium
828 2382 901 2451 apud
921 2382 994 2434 Chri·

60 2465 198 2581 Btlangisi
216 2529 327 2579 unicum
347 2528 475 2594 spiritns,
502 2541 556 2593 quo
575 2540 695 2594 corpora
712 2530 810 2578 nostra
828 2525 992 2577 exhibemus

64 2602 263 2721 06ΟἨοειὶειιῐι
284 2672 420 2733 sanctam,
441 2667 579 2719 virentem
600 2673 627 2721 et
644 2666 705 2720 Deo
726 2666 891 2735 placentem.

137 2739 218 2809 Quod
240 2753 282 2792 est
302 2738 351 2792 cor¹
370 2740 519 2809 compitum
539 2744 566 2790 et
583 2739 758 2801 humiliatum
779 2753 836 2790 uon
857 2735 990 2789 obediens

63 2812 296 2878 concupiscentiis
316 2812 382 2862 suis.

137 2883 197 2941 Hoc
215 2888 257 2934 est
274 2883 439 2934 sucrificium
458 2880 548 2933 lundis
574 2886 600 2933 at
619 2882 740 2937 iustitiae
759 2880 835 2932 omni
854 2878 992 2931 horuDeo

64 2954 250 3009 offerendum.

45 3092 51 3103 .
139 3026 223 3077 Missa
241 3026 324 3076 etium
345 3025 431 3075 sancti
443 3030 469 3083 ,at
486 3023 549 3074 iusti
562 3020 714 3074 sucerdotis
726 3021 793 3072 nulli
813 3019 891 3073 alteri
911 3019 992 3089 prod·

64 3103 118 3149 eat.
138 3136 284 3251 tinctiones
309 3181 373 3218 vero
399 3166 428 3216 in
456 3165 540 3215 missa
565 3165 695 3216 omnibus
723 3163 849 3217 fidelibus
875 3169 993 3231 prosunt

64 3238 229 3378 nouthvnegt
240 3314 331 3360 autem
352 3311 378 3359 et
392 3305 544 3374 peccatoris
561 3307 644 3359 missa
664 3320 725 3356 curn
740 3307 914 3358 orationibus
935 3307 991 3358 suis

67 3381 244 3450 blasphemia
263 3384 304 3432 est
323 3384 350 3430 et
368 3381 519 3500 peccatur}
540 3445 564 3498 Α

143 3557 174 3626 *)
195 3557 269 3612 Haec
287 3556 438 3625 disputatio
456 3555 487 3608 L.
509 3553 543 3607 de
562 3554 850 3607 excommunicatione
867 3558 917 3603 etc.
938 3567 993 3604 non

67 3632 170 3699 legitur
193 3632 221 3681 iu
249 3628 313 3682 adit.
340 3628 422 3695 1530,
451 3641 502 3690 pos
522 3631 627 3678 textum
648 3624 819 3679 reddidimus
841 3621 895 3676 edd
925 3622 995 3679 1538

66 3709 95 3757 et
112 3701 191 3763 1558.
212 3701 242 3755 ln
261 3696 804 3767 ed.1538decstinscriptio.(ef.Wcleh
826 3694 887 3748 XIX
899 3711 926 3764 p.
947 3695 996 3752 82.

68 3773 167 3852 stass.
