2346 4208
131 282 193 350 134
338 284 490 354 Disputatio
508 284 617 354 Lipsiae
634 285 729 338 habita
746 298 772 337 a.
791 281 853 336 XIX

126 455 402 537 neologistarum
423 456 530 517 nescio
545 455 682 533 alloquin
693 444 850 534 quomodo
866 448 1054 518 reverendus

125 541 217 602 Peter
239 540 338 620 possit
357 540 455 618 fateri,
477 558 512 600 se
534 541 622 615 scire,
644 557 714 599 esse
735 540 963 619 purgatorium,
986 548 1053 613 c'utn

125 623 234 684 literae
255 642 362 684 sacrae
384 620 560 703 scripturae
592 624 634 682 ita
654 621 758 683 valide
784 623 860 684 velit
885 622 997 702 inuiti,
1025 622 1056 685 'et

126 727 195 767 oum
218 707 389 767 clarissima
412 708 473 767 sint
489 706 664 786 Scripturae
685 707 862 768 testimonie
882 726 939 788 pro
949 712 1055 770 neote-

126 791 197 850 ricis
219 790 386 871 theologis.
429 789 502 870 Ipse
523 808 582 849 nec
603 809 697 849 unum
719 790 822 851 locum
842 791 874 851 in
898 790 1055 871 Scriptum

126 874 286 953 assignare
306 873 430 954 poterit,
453 874 503 935 ubi
526 874 636 933 merita
656 872 707 933 vel
729 874 858 953 gratiam
880 875 912 934 in
924 888 1055 957 purgan-

127 955 174 1016 dis
196 957 303 1036 augeri
324 962 488 1035 asseratur,
510 975 578 1017 cum
602 962 710 1017 contra
732 955 861 1036 Sapiens
883 955 976 1035 dicet,
1000 956 1055 1031 no-

126 1039 199 1099 cles.
223 1042 277 1102 11:
321 1039 362 1100 Et
390 1041 417 1100 si
444 1039 589 1100 ceciderit
616 1040 733 1119 lignum
766 1038 806 1100 ad
834 1045 972 1101 austrum
1004 1044 1056 1102 aut

125 1122 318 1202 aquilonem,
346 1123 385 1183 ad
407 1123 510 1184 locum
532 1122 583 1183 ubi
606 1123 765 1198 ceciderit,
789 1122 831 1184 ibi
853 1124 918 1184 erit.
940 1122 1055 1187 Glosse

126 1205 298 1267 ordinaria:
321 1206 356 1266 Id
378 1212 445 1285 est,
466 1207 569 1266 locum
592 1224 681 1285 quem
704 1206 754 1266 hio
776 1206 830 1266 tibi
852 1224 1054 1288 praeparave-

125 1290 176 1367 ris,
199 1296 271 1349 tunc
292 1289 430 1367 habebis,
453 1290 525 1369 quia
545 1291 577 1350 in
600 1289 693 1350 domo
706 1289 803 1374 Patris
825 1291 895 1368 mei,
918 1290 1058 1353 attunt·

126 1379 200 1451 stus,
221 1375 399 1434 mansiones
420 1374 536 1435 multae
557 1378 642 1450 sunt,
665 1378 749 1433 certa
771 1375 889 1434 mansio
912 1374 1055 1437 morienti

126 1454 304 1535 deputatur,
347 1457 427 1516 ultra
455 1476 547 1536 quam
580 1457 642 1516 suis
671 1457 787 1516 meritis
815 1458 846 1518 in
875 1456 1055 1537 purgatorio

125 1538 294 1600 ascendere
315 1541 429 1618 nequit.
466 1542 517 1602 Sic
537 1540 723 1600 Damascen.
745 1539 796 1602 lib.
818 1543 847 1603 2.
870 1558 938 1620 cap.
960 1539 991 1604 4.
1013 1546 1055 1603 te·

126 1628 239 1684 statur:
263 1621 348 1684 Scire
370 1630 472 1683 autem
496 1628 627 1703 oportet,
649 1621 733 1701 quod
754 1623 815 1682 hoc
836 1623 936 1684 estin
956 1622 1075 1686 h'oriti·'

125 1705 213 1766 nibus
236 1724 328 1785 mors,
351 1706 433 1785 quod
453 1708 485 1767 in
507 1706 625 1787 angelis
648 1724 752 1784 casus,
784 1711 815 1766 et
836 1705 975 1768 declarat
995 1704 1056 1769 hoc

125 1788 228 1869 quoad
243 1790 411 1849 terminium
434 1789 581 1853 merendi.
604 1788 655 1850 Sic
667 1789 796 1869 Sapiens
806 1788 891 1850 Eccl.
903 1786 939 1855 9:
962 1788 1055 1866 Quid-

125 1870 197 1951 quid
220 1878 325 1953 potest
351 1892 459 1933 manus
488 1879 541 1932 tua
562 1873 712 1932 instanter
733 1891 878 1952 operare,
913 1873 994 1934 sicut
1016 1872 1054 1935 sd

124 1955 208 2016 illum
232 1975 355 2016 sensum
378 1956 525 2036 allegavit
546 1954 677 2015 devotus
699 1955 751 2015 ille
773 1961 804 2016 et
824 1955 934 2035 dignus
957 1956 1055 2031 eccle·

125 2039 191 2100 siae
212 2040 365 2117 minister,
394 2038 554 2099 lohannes
578 2038 784 2118 Capistranus.
819 2038 868 2100 Ita
888 2038 950 2099 hoc
971 2039 1054 2121 Apo·

125 2122 223 2182 stolus
245 2122 350 2182 docuit
371 2120 411 2181 ad
433 2120 534 2182 Galat.
559 2125 592 2186 6:
617 2121 721 2182 Nolite
744 2141 863 2199 errare,
884 2122 970 2183 Deus
992 2142 1055 2185 non

124 2205 276 2265 irridetur.
299 2204 386 2278 Quae
409 2205 488 2264 enim
511 2205 605 2266 homo
618 2205 824 2284 seminaverit,
846 2205 925 2265 haec
946 2210 979 2266 et
992 2224 1054 2269 me

124 2294 173 2348 tet.
198 2287 351 2362 Quoniam
373 2289 424 2366 qui
447 2289 601 2348 seminant
620 2288 651 2347 in
674 2306 767 2348 carne
789 2307 864 2366 sus,
894 2286 933 2348 de
962 2306 1055 2351 carne

125 2377 241 2431 metent
267 2372 511 2450 corruptionem,
539 2371 653 2431 bonum
683 2377 786 2452 autern
812 2371 961 2432 facientes
991 2392 1055 2435 non

124 2453 319 2532 deficiamus,
342 2473 416 2534 ergo
439 2452 469 2531 1)
494 2459 615 2535 tempus
637 2452 787 2514 habentes
810 2472 973 2534 operemur
994 2454 1053 2519 bo-

123 2557 194 2597 num
218 2536 257 2597 ad
288 2556 404 2597 omnes.
451 2535 580 2614 Glossa,
610 2536 694 2616 quod
722 2536 816 2598 horno
845 2538 1054 2619 seminaverit,

123 2620 242 2681 scilicet
263 2621 434 2700 praesentis
455 2621 537 2680 vitae
558 2619 674 2682 labore.
697 2619 767 2680 Non
791 2638 865 2700 ergo
888 2621 919 2681 in
942 2640 1054 2705 purga-

123 2702 201 2764 torio
223 2704 412 2764 seminantur
433 2704 550 2780 merita,
573 2701 627 2763 sed
649 2703 681 2762 in
695 2704 851 2783 praesenti
864 2703 937 2764 vita.
961 2703 1054 2781 Quod

122 2793 154 2847 et
185 2785 424 2867 Chrysostomus
460 2785 622 2847 confirmat
659 2806 714 2865 per
741 2785 817 2846 illud
845 2786 998 2849 iohannis
1020 2790 1053 2855 9:

123 2870 174 2929 Me
198 2872 318 2950 operari
340 2875 463 2950 oportet
486 2888 581 2950 opera
603 2870 680 2946 eins,
703 2871 754 2950 qui
777 2870 858 2929 misit
870 2888 929 2950 me,
952 2870 1055 2933 donec

122 2960 171 3013 est
193 2952 268 3033 dies,
291 2954 376 3012 venit
397 2953 477 3012 enim
500 2972 573 3028 uox,
595 2952 718 3031 quando
741 2971 833 3013 nemo
856 2954 978 3033 operari
1022 2973 1054 3017 o-

122 3043 188 3101 test.
211 3036 295 3115 Dies,
317 3037 360 3096 ait
373 3035 622 3115 Chrysostomus,
645 3042 693 3095 est
714 3054 859 3115 praesens
881 3037 954 3101 vita.
977 2974 1053 3101 Ideo

120 3119 309 3200 Augustinus
331 3119 470 3180 hortatur
491 3137 558 3196 nos,
581 3117 694 3178 debere
716 3119 847 3198 operari,
872 3117 944 3179 dum
967 3121 1053 3183 viva·

94 3222 203 3285 lmus,
239 3222 278 3263 ne
306 3221 361 3281 per
381 3208 505 3261 noctem
533 3202 775 3281 praeveniamur.
798 3201 939 3264 Accedat
963 3204 1053 3266 testis

122 3287 213 3346 etiam
235 3283 468 3363 B.Ambrosius,
490 3284 600 3345 volens
612 3285 787 3364 apostolum
809 3285 894 3365 loqui
917 3284 957 3347 de
978 3293 1052 3348 tern-

119 3387 197 3449 pore
218 3370 389 3449 praesentis
411 3370 494 3428 vitae
516 3367 605 3428 nobis
622 3386 801 3446 concessae,
824 3375 858 3428 ut
878 3369 959 3449 iuste
980 3388 1053 3432 con-

120 3472 282 3514 versemur.
309 3450 410 3525 Quare
433 3452 574 3532 egregius
585 3450 705 3512 Psaltes
716 3452 770 3529 ait,
792 3451 871 3514 Psal.
881 3453 957 3516 104:
979 3452 1053 3515 mxi-

120 3538 163 3598 vit
183 3536 277 3596 homo
301 3534 339 3594 ad
363 3552 441 3614 opus
465 3554 567 3614 suum,
597 3540 628 3595 et
657 3535 695 3595 ad
730 3536 943 3616 operationem
965 3555 1051 3599 suam

119 3639 216 3699 usque
238 3618 277 3680 ad
299 3637 471 3698 vesperam.
946 3628 949 3637 '

155 3793 185 3856 1)
205 3791 236 3845 ln
257 3791 299 3845 ed.
321 3791 381 3844 Jen.
402 3794 429 3842 et
449 3789 531 3858 apud.
552 3789 682 3844 Locum-r
701 3804 770 3860 ergo
787 3789 863 3844 dum.
