2346 4208
398 279 433 337 ds
447 297 509 341 ¹nou
527 279 697 339 vindicando
715 285 767 336 stc.
979 277 1052 346 341⁴

168 467 479 551 tentassemus,
514 470 585 532 duur
609 471 738 532 aliorum
766 470 797 530 in
820 483 854 531 se
875 472 1048 532 commissis

126 549 276 634 ighoscit‚
306 572 430 616 suorum
452 574 471 614 a
492 555 560 615 Deo
582 556 703 616 veniam
738 555 908 616 certissime
928 556 1048 635 accipit.

168 638 199 701 3.
222 635 275 697 Sui
298 636 445 698 offensam
470 637 653 699 ulciscentes
677 644 709 698 et
738 637 777 698 ad
800 638 858 697 Dei
881 639 1050 699 conniven-

125 724 173 780 tes
197 719 361 780 Christiani
384 720 530 782 censendi
551 740 614 782 uon
636 724 716 782 sunt.

168 803 199 863 4.
222 801 411 865 Christianus
434 802 475 864 oh
496 805 543 863 sui
571 803 772 864 offensionem
795 822 919 882 parurn,
952 804 1050 884 magis

125 885 167 946 ob
190 886 338 964 proximi,
370 893 420 947 ast
441 886 480 946 ob
503 887 615 948 Christi
646 889 781 947 maxime
809 885 923 947 turbari
945 886 1046 949 debet.

168 971 197 1031 b.
220 968 346 1029 inimico
370 969 577 1030 condonatam
600 971 752 1047 iniuriam,
775 969 881 1029 habita
903 977 1047 1050 opportu-

123 1052 240 1125 nitate,
268 1070 363 1130 opere
384 1071 447 1113 non
471 1052 670 1113 ostendentes
694 1052 779 1114 verbi
801 1053 858 1112 Dei
882 1060 1049 1132 transgres-

122 1153 213 1195 sores
236 1139 403 1214 arguuntur
424 1134 560 1198 indubie.

168 1220 198 1281 6.
223 1217 388 1279 Pontifices
427 1218 588 1298 (neglecta
611 1217 764 1298 evangelii
796 1217 1047 1297 praedicatione)

123 1299 165 1360 ad
189 1301 432 1361 ceremoniarum
455 1301 580 1379 cultum,
603 1302 668 1361 sive
682 1319 932 1380 quarumcunque
948 1320 1049 1361 rerum

122 1382 421 1443 administrationem
454 1385 594 1444 conversi
635 1403 654 1443 a
682 1383 825 1444 Samuele
858 1401 926 1444 oum
956 1383 1049 1445 Saule

121 1465 318 1526 Judaeorum
341 1486 415 1545 rege
437 1466 543 1527 audire
566 1473 736 1528 merentur:
761 1465 913 1539 Quoniam
936 1466 1049 1537 abieci·

123 1549 164 1609 sti
190 1567 351 1609 sermones
374 1550 513 1627 Domini,
547 1549 660 1611 abiecit
681 1558 711 1609 te
732 1549 836 1624 Deus,
860 1568 900 1608 ne
922 1550 963 1608 sis
985 1569 1049 1612 rex.

167 1629 198 1696 7.
222 1631 464 1692 Praedicationis
499 1633 664 1712 praecipua
710 1638 740 1691 et
779 1631 847 1691 sola
880 1651 899 1691 a
928 1631 1049 1693 Christo

121 1715 278 1794 apostolis
300 1723 347 1774 est
368 1715 449 1775 faeta
471 1717 658 1791 commissio,
680 1714 751 1774 huie
773 1715 799 1773 si
810 1712 972 1792 pontifices
986 1734 1048 1774 non

122 1798 292 1878 paruerint,
316 1815 379 1858 non
403 1796 496 1858 modo
521 1798 734 1877 apostolorum
751 1816 814 1857 non
837 1804 909 1856 sunt
929 1815 1049 1858 succes-

122 1899 223 1957 sores,
246 1880 300 1940 sed
326 1889 357 1940 et
379 1880 490 1940 Christi
513 1881 697 1941 desertores.

163 1964 195 2027 8.
218 1961 295 2023 Suas
319 1963 500 2024 traditiones
516 1983 621 2042 ‚aeque
644 1982 713 2023 oum
737 1961 840 2022 divina
861 1961 932 2042 lege
953 1963 1049 2023 niten-

122 2054 170 2106 tes
195 2044 403 2120 observarel)
445 2065 507 2106 non
530 2046 642 2107 Christi
674 2052 706 2106 et
732 2043 963 2125 apostolorum,
995 2045 1052 2106 sed

123 2134 257 2191 satanae
280 2133 311 2188 et
324 2128 572 2190 antichristorum
594 2131 679 2191 vices
693 2147 800 2209 gerere
821 2130 935 2208 apertis
950 2128 1049 2210 Scrip-

122 2222 261 2272 turarum
286 2213 472 2272 testimoniis
495 2213 727 2273 convincuntur.

169 2297 198 2358 9.
220 2295 378 2353 Minimum
416 2294 528 2354 Christi
560 2296 686 2356 verbum
726 2295 851 2355 solvens
901 2294 1050 2354 universis

117 2378 287 2438 'hominum
311 2376 442 2436 decretis
465 2379 669 2456 nequicquam
693 2388 740 2438 est
762 2377 920 2438 obediens.
1005 2428 1007 2433 ,

149 2463 200 2523 10.
223 2459 294 2518 Plus
328 2458 524 2520 obedientiae
552 2461 650 2519 cuivis
678 2460 773 2520 verbo
803 2460 928 2535 Christi,
959 2461 1050 2520 etiam

126 2542 255 2602 minimo
279 2541 422 2620 debetur,
457 2544 658 2620 quamtotius
681 2543 832 2602 ecelesiae
855 2541 1050 2602 ordinationi.

150 2629 198 2688 11.
221 2624 454 2686 inobedientiae
476 2627 590 2685 crimen
613 2645 676 2685 non
692 2627 858 2700 incurrunt,
882 2625 933 2702 qui
954 2623 1050 2684 homi-

125 2727 201 2767 num
232 2707 411 2768 traditiones
439 2715 547 2768 contra
569 2707 669 2788 legem
691 2708 748 2767 Dei
770 2725 833 2767 non
855 2705 972 2765 ducunt
1000 2726 1050 2766 au-

127 2789 268 2851 diendas.

151 2876 198 2936 12.
221 2873 349 2933 Inferior
370 2874 558 2952 superiorem
594 2879 773 2952 peccantem
805 2873 937 2932 fraterne
959 2870 1051 2932 eoni-

127 2957 216 3036 piens
229 2955 435 3015 obedientiam
445 2955 488 3015 illi
501 2956 634 3016 debitam
650 2955 826 3015 exhibuisse
837 2974 899 3015 non
913 2962 1050 3035 negatur.

127 3073 364 3152 Disputatio
393 3073 430 3132 D.
452 3073 557 3137 Mart.
580 3072 692 3134 Luth.
721 3073 772 3132 de
800 3071 1053 3152 baptismate

157 3152 165 3164 '
228 3155 345 3235 legis,
367 3154 556 3214 Iohannis
579 3163 615 3216 et
636 3156 785 3216 Christi
808 3153 952 3214 habita

415 3255 507 3315 Anno
530 3257 570 3319 n.
589 3256 624 3319 n.
648 3257 765 3335 xxm.

104 3333 163 3426 J
176 3359 201 3418 l.
223 3355 288 3414 Lex
310 3354 462 3435 baptisma
483 3358 598 3434 earnis,
631 3357 784 3418 Iohannes
808 3355 958 3435 baptisma
980 3374 1053 3434 poe·

130 3439 300 3513 nitentiae,
325 3438 461 3497 Christus
483 3439 637 3519 baptisma
657 3443 775 3520 gratiae
796 3439 898 3501 habet.

201 3527 261 3531 ..κ
268 3525 310 3530 4⁴
332 3526 562 3533 ——n-——o—rm-

129 3546 170 3593 tio
193 3543 310 3606 repetita
329 3547 371 3593 est
390 3559 426 3592 ex
444 3541 486 3593 ed.
506 3543 586 3609 Prop·
607 3541 729 3594 butha.
749 3541 826 3596 1558.
847 3538 878 3590 In
899 3538 963 3591 edit.
984 3538 1053 3593 1538

131 3616 200 3665 haee
221 3612 371 3679 disputatio
392 3616 431 3663 sic
449 3615 621 3666 inscribitur:
645 3614 706 3665 Alia
726 3612 879 3682 Disputatio
900 3611 933 3664 D.
945 3611 1052 3661 Martini

131 3684 256 3748 Lutheri,
277 3684 368 3735 habita
386 3699 458 3735 anno
478 3683 513 3737 M.
527 3684 560 3735 D.
584 3684 641 3734 XX.

204 3755 235 3821 1)
255 3755 285 3806 In
305 3753 347 3807 ed.
368 3755 450 3810 1538:
472 3756 622 3808 observari.
821 3814 824 3821 ¹

205 3826 232 3894 ⁸)
252 3828 280 3878 tn
299 3825 342 3880 ed.
362 3827 432 3884 1530
450 3827 519 3880 haee
537 3827 687 3896 disputatio
705 3829 746 3879 ita
762 3825 924 3880 inscribitur
931 3839 943 3879 ι
956 3823 1063 3893 Dispu-
