2332 4206
315 271 321 279 '
425 263 462 318 de
478 266 593 335 negotio
611 264 755 329 Lutlscri„
776 260 781 310 ἶ
818 264 821 275 ’
998 255 1040 328 73

116 453 263 534 prolatis,
299 458 469 531 opertoque
497 450 596 513 ldcrte
624 471 692 512 cum
722 459 774 512 tuo
806 453 857 528 lut
883 453 950 531 ipse
976 453 1037 527 sitl

116 543 350 617 propugnatore
378 534 568 614 confligeret,
591 534 741 596 Schedsm
764 555 838 596 cuce
854 535 1039 614 Disputatio·

117 621 168 679 nis
190 619 335 680 vexillum
358 620 388 678 in
411 618 521 698 vulgus
543 618 647 688 edidit,
671 637 731 698 qua
752 620 811 678 tuis
830 618 1040 681 Conclusioul·

117 703 177 764 bus
200 702 312 762 bellum
335 701 484 763 indixisse
512 700 568 762 tibi
602 701 738 775 videtur,
769 703 817 762 cui
849 709 881 762 tu
916 704 1042 764 minimo

119 806 262 846 cessurus
282 784 427 846 ¹libellum
458 784 597 859 edidisti,
625 803 685 862 quo
713 786 849 846 vicissim
872 786 911 846 ed
932 785 1041 866 Dispw

119 871 247 931 tationis
270 867 445 929 conflictum
469 867 600 928 eundem
631 869 768 928 lacessis.
817 869 851 928 ln
874 889 935 948 quo
958 888 1041 951 mog·

119 972 238 1032 nopere
260 953 404 1011 miremur
426 959 467 1027 te,
479 952 727 1031 Disputaticuem
749 970 808 1012 nos
821 952 865 1012 illi
877 951 1042 1014 ,abdicasse

120 1044 175 1096 sut
196 1034 393 1115 repudiasse,
428 1041 537 1095 contro
564 1041 690 1094 nocuae
721 1036 858 1096 veritatis
886 1035 1041 1097 decretum

123 1119 269 1199 scribere,
292 1118 451 1197 multoque
472 1118 641 1198 impensius
662 1117 963 1198 admiremur,quod
985 1118 1042 1179 dis·

120 1204 313 1283 putationem
334 1210 417 1262 tuem
440 1203 470 1261 in
493 1200 634 1279 Lipsensi
654 1199 825 1282 Gymnccio
855 1202 1042 1263 celebratum

121 1287 156 1345 iri
178 1284 364 1365 prodideris,
393 1303 460 1344 cum
483 1282 574 1345 uobis
608 1283 784 1345 haedere
813 1285 889 1344 nihil
912 1288 1043 1363 constet,

120 1389 181 1428 nec
208 1369 311 1429 locum
339 1388 358 1426 a
385 1366 474 1428 nobis
503 1373 556 1427 cut
576 1366 732 1429 Illustriss.
755 1367 912 1448 Principe,
947 1370 1042 1429 muni·

122 1451 323 1511 licentissimo
346 1450 443 1511 nostri
466 1449 563 1512 studii
584 1449 775 1528 Maecenate,
798 1452 1021 1529 impetraveris.

205 1533 337 1594 Proinde
381 1553 448 1593 cum
480 1533 542 1593 hoc
572 1535 774 1594 temeritatem
803 1553 879 1612 prae
900 1554 935 1594 se
956 1535 1044 1613 leret,

122 1638 141 1677 u
164 1637 224 1695 que
244 1620 276 1678 te
291 1615 456 1677 abhorrere
468 1615 609 1693 creditur,
631 1634 822 1695 magnopere
844 1616 1044 1695 obtestemur,

122 1721 163 1761 ne
185 1699 275 1761 nobis
298 1700 401 1759 insciis
424 1718 502 1759 onus
531 1698 656 1778 aliquod
684 1700 822 1779 ingeras,
856 1706 909 1760 cut
935 1701 961 1760 si
989 1700 1044 1761 tibi

122 1786 276 1863 integrum
306 1793 368 1858 est,
399 1780 589 1862 palinodiam
616 1781 665 1842 vel
701 1782 810 1842 seltem
840 1785 976 1862 receptui
1005 1783 1044 1844 de

124 1876 177 1928 luo
213 1864 358 1926 conflictu
386 1884 479 1928 cenas
511 1866 542 1925 in
564 1865 720 1925 literarum
743 1870 862 1925 lucrium
883 1885 1046 1947 responso,

124 1947 207 2027 quod
241 1969 260 2008 c
286 1955 319 2008 te
352 1947 573 2028 efflagitemus,
609 1947 709 2008 donec
741 1947 916 2027 disputandi
944 1949 1047 2010 locum

123 2032 207 2112 opud
229 2051 287 2091 nos
311 2031 489 2093 obtinueris.
532 2030 588 2091 His
610 2032 716 2110 paucis
739 2030 819 2091 vele.
1018 2045 1020 2049 ·

207 2115 318 2174 Datum
353 2114 474 2194 Lipsiae
507 2113 563 2175 sub
598 2115 694 2174 nostri
723 2114 906 2175 Rectcrctus
943 2115 1043 2195 signo,

123 2197 204 2261 XIX.
226 2197 390 2260 Februarii.

277 2280 367 2341 Anno
391 2280 545 2340 humanae
567 2279 673 2339 salutis
695 2278 735 2340 Μ.
758 2280 795 2341 D.
818 2277 899 2342 XlX.

560 2443 601 2504 Ill

361 2559 468 2624 lidori
490 2558 524 2622 ud
547 2558 754 2624 danhslsliuu
769 2558 809 2640 ²⁸¹).

122 2715 341 2778 Eruditissimo
371 2713 445 2773 Virc
472 2721 504 2775 et
523 2715 811 2793 Praestantissimo,
843 2715 880 2774 D.
902 2711 1047 2772 Andrecc

122 2799 312 2860 Bodcnstein
337 2795 526 2874 Carlstsdic,
549 2799 726 2859 sincerioris
748 2796 926 2878 theologice
947 2815 1047 2863 esser·

123 2883 183 2942 tori
206 2880 295 2942 facile
317 2881 481 2959 primario,
502 2864 736 2942 Archidisccnd
754 2876 1047 2967 Vuittembergeusi,

247 2963 443 3042 Praeceptori
466 2982 503 3023 sc
523 2963 632 3025 Maiori
654 2983 710 3025 suc
732 2965 763 3024 in
788 2963 920 3024 Christo.
1031 2965 1033 2969 ’

536 3117 629 3181 lesus.
674 3194 677 3199 ,

207 3232 353 3294 Salutem.
405 3232 508 3296 Edidit
538 3233 649 3295 Eccius
683 3244 804 3307 noster,
838 3234 954 3314 inclyte
988 3231 1068 3307 vir,

123 3315 323 3393 schedulam,
355 3317 386 3376 in
416 3336 476 3396 quc
505 3317 676 3397 magnificis
708 3317 851 3398 ampullis
881 3314 1043 3377 verborum

195 3498 226 3567 *)
247 3499 351 3552 Textus
370 3500 451 3552 huius
479 3517 521 3567 ep.
540 3501 673 3568 repetitus
695 3504 791 3551 estex
811 3497 950 3550 Aurifcbri
981 3493 1045 3547 coll.

123 3571 194 3640 Epp.
213 3571 291 3623 Luth.
311 3570 337 3635 1,
363 3571 432 3638 158,
456 3572 517 3625 coll.
537 3589 599 3623 cum
619 3570 683 3624 edit.
702 3571 770 3623 len.v
782 3577 809 3623 et
827 3575 910 3621 textu
931 3566 993 3620 edil.
1012 3565 1046 3616 de

125 3644 276 3696 Wetticnsc
296 3643 305 3693 l
327 3660 351 3710 p.
371 3642 434 3706 249,
452 3659 522 3711 quoe
551 3644 675 3710 sequitur
700 3642 839 3695 libellum:
873 3637 1046 3706 „Disputatio

123 3713 236 3767 Domini
255 3711 321 3767 Joh.
335 3714 407 3766 Eccii
418 3719 445 3767 et
457 3714 490 3769 D.
500 3713 684 3767 llcrt.Luther
702 3715 731 3766 iu
745 3712 843 3766 Studio
853 3709 989 3779 Lipsiensi
1008 3710 1047 3760 lu·

124 3785 302 3841 turs.1519.“
321 3783 673 3852 (mendosissimum,
684 3784 746 3841 206.
757 3781 960 3849 waletuw,
969 3779 1046 3844 wll-l

1060 3868 1148 3964 Δ
