<?xml version="1.0" encoding="UTF-8"?>
<!DOCTYPE html PUBLIC "-//W3C//DTD XHTML 1.0 Transitional//EN"
    "http://www.w3.org/TR/xhtml1/DTD/xhtml1-transitional.dtd">
<html xmlns="http://www.w3.org/1999/xhtml" xml:lang="en" lang="en">
 <head>
  <title>
</title>
<meta http-equiv="Content-Type" content="text/html;charset=utf-8" />
  <meta name='ocr-system' content='tesseract 3.04.00' />
  <meta name='ocr-capabilities' content='ocr_page ocr_carea ocr_par ocr_line ocrx_word'/>
</head>
<body>
  <div class='ocr_page' id='page_1' title='image "./dmartinilutheri04luthgoog_0926.png"; bbox 0 0 2346 4208; ppageno 0'>
   <div class='ocr_carea' id='block_1_1' title="bbox 321 241 1040 310">
    <p class='ocr_par' dir='ltr' id='par_1_1' title="bbox 321 241 1040 310">
     <span class='ocr_line' id='line_1_1' title="bbox 321 241 1040 310; baseline 0.001 -12"><span class='ocrx_word' id='word_1_1' title='bbox 321 244 356 301; x_wconf 86' lang='lat' dir='ltr'><strong>de</strong></span> <span class='ocrx_word' id='word_1_2' title='bbox 372 244 422 301; x_wconf 89' lang='lat' dir='ltr'><strong>illo</strong></span> <span class='ocrx_word' id='word_1_3' title='bbox 441 247 505 302; x_wconf 84' lang='lat' dir='ltr'><strong>Luc.</strong></span> <span class='ocrx_word' id='word_1_4' title='bbox 519 242 586 302; x_wconf 75' lang='lat' dir='ltr'><strong>vnr</strong></span> <span class='ocrx_word' id='word_1_5' title='bbox 604 241 785 301; x_wconf 68' lang='lat' dir='ltr'><strong>Dimittuntur</strong></span> <span class='ocrx_word' id='word_1_6' title='bbox 802 252 853 301; x_wconf 86' lang='lat' dir='ltr'><strong>etc.</strong></span> <span class='ocrx_word' id='word_1_7' title='bbox 978 242 1040 310; x_wconf 76' lang='grc'><strong>401</strong></span> 
     </span>
    </p>
   </div>
   <div class='ocr_carea' id='block_1_2' title="bbox 120 430 1077 3848">
    <p class='ocr_par' dir='ltr' id='par_1_2' title="bbox 120 430 1040 595">
     <span class='ocr_line' id='line_1_2' title="bbox 121 430 1040 563; baseline -0.001 -70"><span class='ocrx_word' id='word_1_8' title='bbox 121 430 276 495; x_wconf 78' lang='lat' dir='ltr'>Christum</span> <span class='ocrx_word' id='word_1_9' title='bbox 308 440 433 495; x_wconf 76' lang='lat' dir='ltr'><strong>exornet</strong></span> <span class='ocrx_word' id='word_1_10' title='bbox 460 452 556 514; x_wconf 86' lang='lat' dir='ltr'><strong>opera</strong></span> <span class='ocrx_word' id='word_1_11' title='bbox 578 433 757 494; x_wconf 68' lang='lat' dir='ltr'><strong>dilectionis</strong></span> <span class='ocrx_word' id='word_1_12' title='bbox 774 433 928 511; x_wconf 83' lang='lat' dir='ltr'><strong>meliors,</strong></span> <span class='ocrx_word' id='word_1_13' title='bbox 949 451 1040 563; x_wconf 75' lang='lat' dir='ltr'><strong>quens</strong></span> 
     </span>
     <span class='ocr_line' id='line_1_3' title="bbox 120 515 998 595; baseline 0.01 -21"><span class='ocrx_word' id='word_1_14' title='bbox 120 515 191 595; x_wconf 87' lang='lat' dir='ltr'><strong>ipse</strong></span> <span class='ocrx_word' id='word_1_15' title='bbox 211 515 407 578; x_wconf 76' lang='lat' dir='ltr'><strong>Pharisaeus.</strong></span> <span class='ocrx_word' id='word_1_16' title='bbox 983 540 998 569; x_wconf 75' lang='lat'>²</span> 
     </span>
    </p>

    <p class='ocr_par' dir='ltr' id='par_1_3' title="bbox 120 597 1041 913">
     <span class='ocr_line' id='line_1_4' title="bbox 184 597 1041 679; baseline -0.006 -15"><span class='ocrx_word' id='word_1_17' title='bbox 184 601 235 664; x_wconf 81' lang='lat'><strong>39</strong></span> <span class='ocrx_word' id='word_1_18' title='bbox 257 599 325 660; x_wconf 82' lang='lat' dir='ltr'><strong>Hos</strong></span> <span class='ocrx_word' id='word_1_19' title='bbox 354 608 419 677; x_wconf 89' lang='lat' dir='ltr'><strong>est,</strong></span> <span class='ocrx_word' id='word_1_20' title='bbox 450 600 531 679; x_wconf 93' lang='lat' dir='ltr'><strong>quod</strong></span> <span class='ocrx_word' id='word_1_21' title='bbox 561 618 668 661; x_wconf 89' lang='lat' dir='ltr'><strong>versus</strong></span> <span class='ocrx_word' id='word_1_22' title='bbox 696 597 736 658; x_wconf 85' lang='lat' dir='ltr'><strong>ad</strong></span> <span class='ocrx_word' id='word_1_23' title='bbox 758 598 955 660; x_wconf 84' lang='lat' dir='ltr'><strong>Pharissoum</strong></span> <span class='ocrx_word' id='word_1_24' title='bbox 984 619 1041 659; x_wconf 87' lang='lat' dir='ltr'><strong>een</strong></span> 
     </span>
     <span class='ocr_line' id='line_1_5' title="bbox 122 681 1039 764; baseline 0 -23"><span class='ocrx_word' id='word_1_25' title='bbox 122 681 280 764; x_wconf 75' lang='lat' dir='ltr'><strong>publicam</strong></span> <span class='ocrx_word' id='word_1_26' title='bbox 301 703 483 764; x_wconf 80' lang='lat' dir='ltr'>personam,</span> <span class='ocrx_word' id='word_1_27' title='bbox 517 702 570 744; x_wconf 89' lang='lat' dir='ltr'><strong>seu</strong></span> <span class='ocrx_word' id='word_1_28' title='bbox 594 683 633 743; x_wconf 89' lang='lat' dir='ltr'><strong>de</strong></span> <span class='ocrx_word' id='word_1_29' title='bbox 653 682 778 762; x_wconf 80' lang='lat' dir='ltr'><strong>publiea</strong></span> <span class='ocrx_word' id='word_1_30' title='bbox 799 682 881 742; x_wconf 80' lang='lat' dir='ltr'><strong>fama</strong></span> <span class='ocrx_word' id='word_1_31' title='bbox 905 683 1039 743; x_wconf 84' lang='lat' dir='ltr'><strong>mulieris</strong></span> 
     </span>
     <span class='ocr_line' id='line_1_6' title="bbox 120 763 1042 862; baseline -0.001 -36"><span class='ocrx_word' id='word_1_32' title='bbox 120 763 280 862; x_wconf 84' lang='lat' dir='ltr'><strong>inflatum,</strong></span> <span class='ocrx_word' id='word_1_33' title='bbox 320 766 442 848; x_wconf 87' lang='lat' dir='ltr'><strong>publioe</strong></span> <span class='ocrx_word' id='word_1_34' title='bbox 475 767 625 846; x_wconf 90' lang='lat' dir='ltr'><strong>loquitur:</strong></span> <span class='ocrx_word' id='word_1_35' title='bbox 666 765 744 826; x_wconf 86' lang='lat' dir='ltr'><strong>Dioo</strong></span> <span class='ocrx_word' id='word_1_36' title='bbox 784 766 854 848; x_wconf 88' lang='lat' dir='ltr'><strong>tihi,</strong></span> <span class='ocrx_word' id='word_1_37' title='bbox 886 766 1042 827; x_wconf 85' lang='lat' dir='ltr'><strong>dimittun</strong></span> 
     </span>
     <span class='ocr_line' id='line_1_7' title="bbox 122 850 302 913; baseline 0.006 -4"><span class='ocrx_word' id='word_1_38' title='bbox 122 854 172 913; x_wconf 85' lang='lat' dir='ltr'><strong>tur</strong></span> <span class='ocrx_word' id='word_1_39' title='bbox 193 850 222 911; x_wconf 86' lang='lat' dir='ltr'><strong>ei</strong></span> <span class='ocrx_word' id='word_1_40' title='bbox 244 856 302 910; x_wconf 85' lang='lat' dir='ltr'><strong>ete.</strong></span> 
     </span>
    </p>

    <p class='ocr_par' dir='ltr' id='par_1_4' title="bbox 122 932 1077 1180">
     <span class='ocr_line' id='line_1_8' title="bbox 185 932 1040 1012; baseline -0.006 -17"><span class='ocrx_word' id='word_1_41' title='bbox 185 934 237 998; x_wconf 88' lang='grc'><strong>40.</strong></span> <span class='ocrx_word' id='word_1_42' title='bbox 258 932 378 994; x_wconf 78' lang='lat' dir='ltr'><strong>Deinde</strong></span> <span class='ocrx_word' id='word_1_43' title='bbox 399 941 540 994; x_wconf 81' lang='lat' dir='ltr'><strong>numeret</strong></span> <span class='ocrx_word' id='word_1_44' title='bbox 561 933 644 993; x_wconf 83' lang='lat' dir='ltr'><strong>faeta</strong></span> <span class='ocrx_word' id='word_1_45' title='bbox 666 932 803 993; x_wconf 83' lang='lat' dir='ltr'><strong>mulieris</strong></span> <span class='ocrx_word' id='word_1_46' title='bbox 823 932 950 1012; x_wconf 85' lang='lat' dir='ltr'><strong>optima,</strong></span> <span class='ocrx_word' id='word_1_47' title='bbox 975 932 1040 1010; x_wconf 90' lang='lat' dir='ltr'><strong>qui</strong></span> 
     </span>
     <span class='ocr_line' id='line_1_9' title="bbox 122 1013 1042 1096; baseline -0.003 -19"><span class='ocrx_word' id='word_1_48' title='bbox 122 1015 181 1077; x_wconf 93' lang='lat' dir='ltr'><strong>bus</strong></span> <span class='ocrx_word' id='word_1_49' title='bbox 204 1023 236 1075; x_wconf 86' lang='lat' dir='ltr'><strong>et</strong></span> <span class='ocrx_word' id='word_1_50' title='bbox 256 1016 357 1096; x_wconf 84' lang='lat' dir='ltr'><strong>legem</strong></span> <span class='ocrx_word' id='word_1_51' title='bbox 379 1017 561 1096; x_wconf 87' lang='lat' dir='ltr'><strong>impleverit,</strong></span> <span class='ocrx_word' id='word_1_52' title='bbox 584 1015 730 1076; x_wconf 90' lang='lat' dir='ltr'><strong>dumille</strong></span> <span class='ocrx_word' id='word_1_53' title='bbox 752 1014 828 1075; x_wconf 88' lang='lat' dir='ltr'><strong>nihil</strong></span> <span class='ocrx_word' id='word_1_54' title='bbox 848 1013 972 1076; x_wconf 86' lang='lat' dir='ltr'><strong>illorum</strong></span> <span class='ocrx_word' id='word_1_55' title='bbox 995 1015 1042 1074; x_wconf 83' lang='lat' dir='ltr'><strong>fe-</strong></span> 
     </span>
     <span class='ocr_line' id='line_1_10' title="bbox 123 1100 1077 1180; baseline -0.004 -19"><span class='ocrx_word' id='word_1_56' title='bbox 123 1101 210 1176; x_wconf 81' lang='lat' dir='ltr'><strong>eerit,</strong></span> <span class='ocrx_word' id='word_1_57' title='bbox 234 1106 296 1160; x_wconf 89' lang='lat' dir='ltr'><strong>tam</strong></span> <span class='ocrx_word' id='word_1_58' title='bbox 319 1107 442 1160; x_wconf 84' lang='lat' dir='ltr'><strong>sanetus</strong></span> <span class='ocrx_word' id='word_1_59' title='bbox 464 1100 559 1160; x_wconf 86' lang='lat' dir='ltr'><strong>iudex</strong></span> <span class='ocrx_word' id='word_1_60' title='bbox 580 1100 772 1180; x_wconf 82' lang='lat' dir='ltr'><strong>peoeatnois.</strong></span> <span class='ocrx_word' id='word_1_61' title='bbox 1076 1108 1077 1112; x_wconf 76' lang='grc'>’</span> 
     </span>
    </p>

    <p class='ocr_par' dir='ltr' id='par_1_5' title="bbox 125 1180 1043 1345">
     <span class='ocr_line' id='line_1_11' title="bbox 161 1180 1043 1263; baseline -0.007 -18"><span class='ocrx_word' id='word_1_62' title='bbox 161 1240 164 1245; x_wconf 92' lang='grc'><strong>.</strong></span> <span class='ocrx_word' id='word_1_63' title='bbox 187 1185 238 1248; x_wconf 87' lang='grc'><strong>41.</strong></span> <span class='ocrx_word' id='word_1_64' title='bbox 261 1182 311 1244; x_wconf 87' lang='lat' dir='ltr'><strong>Ad</strong></span> <span class='ocrx_word' id='word_1_65' title='bbox 333 1183 493 1243; x_wconf 88' lang='lat' dir='ltr'><strong>mulierem</strong></span> <span class='ocrx_word' id='word_1_66' title='bbox 509 1202 583 1244; x_wconf 87' lang='lat' dir='ltr'><strong>vero</strong></span> <span class='ocrx_word' id='word_1_67' title='bbox 607 1202 713 1244; x_wconf 85' lang='lat' dir='ltr'><strong>versus</strong></span> <span class='ocrx_word' id='word_1_68' title='bbox 735 1182 878 1263; x_wconf 88' lang='lat' dir='ltr'><strong>privatim</strong></span> <span class='ocrx_word' id='word_1_69' title='bbox 899 1180 1043 1259; x_wconf 90' lang='lat' dir='ltr'><strong>loquitur,</strong></span> 
     </span>
     <span class='ocr_line' id='line_1_12' title="bbox 125 1264 1041 1345; baseline -0.003 -18"><span class='ocrx_word' id='word_1_70' title='bbox 125 1267 193 1327; x_wconf 88' lang='lat' dir='ltr'><strong>eius</strong></span> <span class='ocrx_word' id='word_1_71' title='bbox 217 1267 368 1345; x_wconf 83' lang='lat' dir='ltr'><strong>privatam</strong></span> <span class='ocrx_word' id='word_1_72' title='bbox 384 1265 477 1326; x_wconf 89' lang='lat' dir='ltr'><strong>fidem</strong></span> <span class='ocrx_word' id='word_1_73' title='bbox 492 1266 631 1344; x_wconf 87' lang='lat' dir='ltr'><strong>laudans,</strong></span> <span class='ocrx_word' id='word_1_74' title='bbox 654 1265 721 1326; x_wconf 84' lang='lat' dir='ltr'><strong>Tua</strong></span> <span class='ocrx_word' id='word_1_75' title='bbox 742 1264 829 1342; x_wconf 87' lang='lat' dir='ltr'><strong>fides,</strong></span> <span class='ocrx_word' id='word_1_76' title='bbox 850 1265 959 1343; x_wconf 82' lang='lat' dir='ltr'><strong>iuquit,</strong></span> <span class='ocrx_word' id='word_1_77' title='bbox 983 1269 1041 1324; x_wconf 85' lang='lat' dir='ltr'><strong>ete.</strong></span> 
     </span>
    </p>

    <p class='ocr_par' dir='ltr' id='par_1_6' title="bbox 125 1347 1045 1761">
     <span class='ocr_line' id='line_1_13' title="bbox 189 1347 1042 1429; baseline -0.007 -17"><span class='ocrx_word' id='word_1_78' title='bbox 189 1350 240 1412; x_wconf 82' lang='lat'><strong>42.</strong></span> <span class='ocrx_word' id='word_1_79' title='bbox 263 1349 357 1423; x_wconf 79' lang='lat' dir='ltr'><strong>Quasi</strong></span> <span class='ocrx_word' id='word_1_80' title='bbox 381 1349 512 1410; x_wconf 75' lang='lat' dir='ltr'><strong>diceret:</strong></span> <span class='ocrx_word' id='word_1_81' title='bbox 542 1350 588 1412; x_wconf 85' lang='lat' dir='ltr'><strong>Tu</strong></span> <span class='ocrx_word' id='word_1_82' title='bbox 610 1349 815 1429; x_wconf 71' lang='lat' dir='ltr'><strong>peccatricem</strong></span> <span class='ocrx_word' id='word_1_83' title='bbox 838 1347 968 1407; x_wconf 86' lang='lat' dir='ltr'><strong>damnas</strong></span> <span class='ocrx_word' id='word_1_84' title='bbox 990 1366 1042 1426; x_wconf 90' lang='lat' dir='ltr'><strong>pu·</strong></span> 
     </span>
     <span class='ocr_line' id='line_1_14' title="bbox 126 1429 1044 1512; baseline -0.001 -20"><span class='ocrx_word' id='word_1_85' title='bbox 126 1432 255 1508; x_wconf 86' lang='lat' dir='ltr'><strong>blisam,</strong></span> <span class='ocrx_word' id='word_1_86' title='bbox 288 1450 356 1492; x_wconf 83' lang='lat' dir='ltr'><strong>oum</strong></span> <span class='ocrx_word' id='word_1_87' title='bbox 387 1435 455 1512; x_wconf 88' lang='lat' dir='ltr'><strong>ipsa</strong></span> <span class='ocrx_word' id='word_1_88' title='bbox 478 1452 540 1493; x_wconf 92' lang='lat' dir='ltr'><strong>non</strong></span> <span class='ocrx_word' id='word_1_89' title='bbox 563 1433 664 1492; x_wconf 89' lang='lat' dir='ltr'><strong>solum</strong></span> <span class='ocrx_word' id='word_1_90' title='bbox 690 1429 917 1508; x_wconf 18' lang='lat' dir='ltr'><strong>fideiniustitia,</strong></span> <span class='ocrx_word' id='word_1_91' title='bbox 951 1449 1044 1509; x_wconf 89' lang='lat' dir='ltr'><strong>quam</strong></span> 
     </span>
     <span class='ocr_line' id='line_1_15' title="bbox 125 1513 1043 1611; baseline -0.004 -35"><span class='ocrx_word' id='word_1_92' title='bbox 125 1535 190 1576; x_wconf 90' lang='lat' dir='ltr'><strong>nou</strong></span> <span class='ocrx_word' id='word_1_93' title='bbox 215 1515 318 1593; x_wconf 89' lang='lat' dir='ltr'><strong>vides,</strong></span> <span class='ocrx_word' id='word_1_94' title='bbox 350 1522 381 1577; x_wconf 86' lang='lat' dir='ltr'><strong>to</strong></span> <span class='ocrx_word' id='word_1_95' title='bbox 399 1516 494 1611; x_wconf 82' lang='lat' dir='ltr'><strong>longe</strong></span> <span class='ocrx_word' id='word_1_96' title='bbox 511 1517 727 1596; x_wconf 83' lang='lat' dir='ltr'><strong>praevenerit,</strong></span> <span class='ocrx_word' id='word_1_97' title='bbox 758 1513 814 1576; x_wconf 88' lang='lat' dir='ltr'><strong>sed</strong></span> <span class='ocrx_word' id='word_1_98' title='bbox 837 1523 868 1574; x_wconf 87' lang='lat' dir='ltr'><strong>et</strong></span> <span class='ocrx_word' id='word_1_99' title='bbox 888 1513 966 1594; x_wconf 83' lang='lat' dir='ltr'><strong>legis</strong></span> <span class='ocrx_word' id='word_1_100' title='bbox 989 1533 1043 1573; x_wconf 90' lang='lat' dir='ltr'><strong>seu</strong></span> 
     </span>
     <span class='ocr_line' id='line_1_16' title="bbox 125 1597 1045 1679; baseline -0.003 -21"><span class='ocrx_word' id='word_1_101' title='bbox 125 1598 303 1659; x_wconf 75' lang='lat' dir='ltr'><strong>dilectionis</strong></span> <span class='ocrx_word' id='word_1_102' title='bbox 326 1599 456 1677; x_wconf 86' lang='lat' dir='ltr'><strong>iustitia,</strong></span> <span class='ocrx_word' id='word_1_103' title='bbox 487 1618 582 1679; x_wconf 86' lang='lat' dir='ltr'><strong>quam</strong></span> <span class='ocrx_word' id='word_1_104' title='bbox 611 1597 820 1660; x_wconf 77' lang='lat' dir='ltr'><strong>insectando</strong></span> <span class='ocrx_word' id='word_1_105' title='bbox 848 1615 912 1657; x_wconf 90' lang='lat' dir='ltr'><strong>non</strong></span> <span class='ocrx_word' id='word_1_106' title='bbox 935 1606 1045 1677; x_wconf 86' lang='lat' dir='ltr'><strong>appre-</strong></span> 
     </span>
     <span class='ocr_line' id='line_1_17' title="bbox 126 1681 487 1761; baseline 0.003 -20"><span class='ocrx_word' id='word_1_107' title='bbox 126 1681 247 1760; x_wconf 88' lang='lat' dir='ltr'><strong>hendis,</strong></span> <span class='ocrx_word' id='word_1_108' title='bbox 270 1691 299 1742; x_wconf 88' lang='lat' dir='ltr'><strong>te</strong></span> <span class='ocrx_word' id='word_1_109' title='bbox 323 1684 487 1761; x_wconf 87' lang='lat' dir='ltr'><strong>superavit</strong></span> 
     </span>
    </p>

    <p class='ocr_par' dir='ltr' id='par_1_7' title="bbox 127 1719 1046 2076">
     <span class='ocr_line' id='line_1_18' title="bbox 191 1719 1044 1846; baseline -0.006 -19"><span class='ocrx_word' id='word_1_110' title='bbox 191 1766 242 1829; x_wconf 82' lang='lat'><strong>43.</strong></span> <span class='ocrx_word' id='word_1_111' title='bbox 277 1765 353 1825; x_wconf 78' lang='lat' dir='ltr'><strong>Cum</strong></span> <span class='ocrx_word' id='word_1_112' title='bbox 389 1767 482 1846; x_wconf 87' lang='lat' dir='ltr'><strong>igitur</strong></span> <span class='ocrx_word' id='word_1_113' title='bbox 516 1766 638 1846; x_wconf 83' lang='lat' dir='ltr'><strong>dignis.</strong></span> <span class='ocrx_word' id='word_1_114' title='bbox 652 1764 823 1845; x_wconf 86' lang='lat' dir='ltr'><strong>poenitent</strong></span> <span class='ocrx_word' id='word_1_115' title='bbox 815 1782 881 1824; x_wconf 86' lang='lat' dir='ltr'><strong>rae</strong></span> <span class='ocrx_word' id='word_1_116' title='bbox 897 1719 1044 1824; x_wconf 77' lang='lat' dir='ltr'><strong>hustibus</strong></span> 
     </span>
     <span class='ocr_line' id='line_1_19' title="bbox 127 1816 1044 1928; baseline -0.004 -18"><span class='ocrx_word' id='word_1_117' title='bbox 127 1816 251 1928; x_wconf 81' lang='lat' dir='ltr'><strong>publiea</strong></span> <span class='ocrx_word' id='word_1_118' title='bbox 264 1867 349 1908; x_wconf 84' lang='lat' dir='ltr'><strong>suam</strong></span> <span class='ocrx_word' id='word_1_119' title='bbox 367 1847 608 1927; x_wconf 87' lang='lat' dir='ltr'><strong>testeturfidem,</strong></span> <span class='ocrx_word' id='word_1_120' title='bbox 631 1856 664 1909; x_wconf 91' lang='lat' dir='ltr'><strong>et</strong></span> <span class='ocrx_word' id='word_1_121' title='bbox 674 1845 819 1908; x_wconf 89' lang='lat' dir='ltr'><strong>ostendat</strong></span> <span class='ocrx_word' id='word_1_122' title='bbox 833 1846 1044 1924; x_wconf 76' lang='lat' dir='ltr'><strong>dilectionem,</strong></span> 
     </span>
     <span class='ocr_line' id='line_1_20' title="bbox 127 1928 1046 2076; baseline -0.002 -84"><span class='ocrx_word' id='word_1_123' title='bbox 127 1930 232 2076; x_wconf 47' lang='lat' dir='ltr'><strong>fleg?</strong></span> <span class='ocrx_word' id='word_1_124' title='bbox 243 1933 334 1991; x_wconf 85' lang='lat' dir='ltr'><strong>etiam</strong></span> <span class='ocrx_word' id='word_1_125' title='bbox 358 1933 482 2011; x_wconf 87' lang='lat' dir='ltr'><strong>publiee</strong></span> <span class='ocrx_word' id='word_1_126' title='bbox 504 1951 607 1993; x_wconf 88' lang='lat' dir='ltr'><strong>eoram</strong></span> <span class='ocrx_word' id='word_1_127' title='bbox 630 1930 718 1993; x_wconf 89' lang='lat' dir='ltr'><strong>vobis</strong></span> <span class='ocrx_word' id='word_1_128' title='bbox 747 1928 891 1992; x_wconf 86' lang='lat' dir='ltr'><strong>absoluta</strong></span> <span class='ocrx_word' id='word_1_129' title='bbox 912 1937 943 1991; x_wconf 93' lang='lat' dir='ltr'><strong>et</strong></span> <span class='ocrx_word' id='word_1_130' title='bbox 965 1932 1046 1990; x_wconf 84' lang='lat' dir='ltr'><strong>iusta</strong></span> 
     </span>
    </p>

    <p class='ocr_par' dir='ltr' id='par_1_8' title="bbox 128 2034 1046 2511">
     <span class='ocr_line' id='line_1_21' title="bbox 148 2034 949 2076; baseline -0.005 0"><span class='ocrx_word' id='word_1_131' title='bbox 148 2034 169 2076; x_wconf 85' lang='lat' dir='ltr'><strong>a</strong></span> <span class='ocrx_word' id='word_1_132' title='bbox 208 2034 244 2076; x_wconf 87' lang='lat' dir='ltr'><strong>rr</strong></span> <span class='ocrx_word' id='word_1_133' title='bbox 945 2048 949 2055; x_wconf 49' lang='grc' dir='ltr'><strong>ι</strong></span> 
     </span>
     <span class='ocr_line' id='line_1_22' title="bbox 192 2062 1046 2175; baseline -0.005 -15"><span class='ocrx_word' id='word_1_134' title='bbox 192 2099 241 2160; x_wconf 89' lang='grc'><strong>44.</strong></span> <span class='ocrx_word' id='word_1_135' title='bbox 263 2097 405 2175; x_wconf 84' lang='lat' dir='ltr'><strong>Summa,</strong></span> <span class='ocrx_word' id='word_1_136' title='bbox 427 2097 594 2159; x_wconf 86' lang='lat' dir='ltr'><strong>Christus</strong></span> <span class='ocrx_word' id='word_1_137' title='bbox 586 2118 618 2159; x_wconf 89' lang='lat'><strong>111</strong></span> <span class='ocrx_word' id='word_1_138' title='bbox 646 2098 708 2159; x_wconf 86' lang='lat' dir='ltr'><strong>hos</strong></span> <span class='ocrx_word' id='word_1_139' title='bbox 741 2105 824 2158; x_wconf 88' lang='lat' dir='ltr'><strong>totus</strong></span> <span class='ocrx_word' id='word_1_140' title='bbox 850 2062 903 2158; x_wconf 81' lang='lat' dir='ltr'><strong>est</strong></span> <span class='ocrx_word' id='word_1_141' title='bbox 933 2105 1046 2157; x_wconf 82' lang='lat' dir='ltr'><strong>eontra</strong></span> 
     </span>
     <span class='ocr_line' id='line_1_23' title="bbox 129 2179 1044 2262; baseline -0.004 -19"><span class='ocrx_word' id='word_1_142' title='bbox 129 2181 341 2258; x_wconf 84' lang='lat' dir='ltr'><strong>Pharisaeum,</strong></span> <span class='ocrx_word' id='word_1_143' title='bbox 375 2189 408 2241; x_wconf 90' lang='lat' dir='ltr'><strong>ut</strong></span> <span class='ocrx_word' id='word_1_144' title='bbox 429 2182 586 2262; x_wconf 87' lang='lat' dir='ltr'><strong>publieunr</strong></span> <span class='ocrx_word' id='word_1_145' title='bbox 611 2182 677 2242; x_wconf 90' lang='lat' dir='ltr'><strong>eius</strong></span> <span class='ocrx_word' id='word_1_146' title='bbox 703 2181 848 2242; x_wconf 88' lang='lat' dir='ltr'><strong>iudieium</strong></span> <span class='ocrx_word' id='word_1_147' title='bbox 875 2179 914 2240; x_wconf 89' lang='lat' dir='ltr'><strong>de</strong></span> <span class='ocrx_word' id='word_1_148' title='bbox 936 2198 1044 2261; x_wconf 82' lang='lat' dir='ltr'><strong>penea-</strong></span> 
     </span>
     <span class='ocr_line' id='line_1_24' title="bbox 129 2263 1045 2346; baseline 0 -22"><span class='ocrx_word' id='word_1_149' title='bbox 129 2265 204 2331; x_wconf 78' lang='lat' dir='ltr'><strong>trite</strong></span> <span class='ocrx_word' id='word_1_150' title='bbox 227 2264 350 2344; x_wconf 84' lang='lat' dir='ltr'><strong>publiea</strong></span> <span class='ocrx_word' id='word_1_151' title='bbox 362 2265 498 2325; x_wconf 89' lang='lat' dir='ltr'><strong>eiusdem</strong></span> <span class='ocrx_word' id='word_1_152' title='bbox 516 2267 728 2346; x_wconf 87' lang='lat' dir='ltr'><strong>peeeetrieis</strong></span> <span class='ocrx_word' id='word_1_153' title='bbox 720 2266 836 2326; x_wconf 87' lang='lat' dir='ltr'><strong>1ustitia</strong></span> <span class='ocrx_word' id='word_1_154' title='bbox 848 2263 1045 2326; x_wconf 78' lang='lat' dir='ltr'><strong>condemnet.</strong></span> 
     </span>
     <span class='ocr_line' id='line_1_25' title="bbox 192 2346 1046 2429; baseline -0.004 -18"><span class='ocrx_word' id='word_1_155' title='bbox 192 2349 243 2411; x_wconf 79' lang='lat' dir='ltr'><strong>lo.</strong></span> <span class='ocrx_word' id='word_1_156' title='bbox 265 2347 340 2408; x_wconf 89' lang='lat' dir='ltr'><strong>Ideo</strong></span> <span class='ocrx_word' id='word_1_157' title='bbox 363 2367 426 2407; x_wconf 90' lang='lat' dir='ltr'><strong>non</strong></span> <span class='ocrx_word' id='word_1_158' title='bbox 449 2350 477 2408; x_wconf 87' lang='lat' dir='ltr'><strong>ei</strong></span> <span class='ocrx_word' id='word_1_159' title='bbox 500 2356 641 2408; x_wconf 86' lang='lat' dir='ltr'><strong>numerat</strong></span> <span class='ocrx_word' id='word_1_160' title='bbox 655 2348 760 2426; x_wconf 86' lang='lat' dir='ltr'><strong>fidem,</strong></span> <span class='ocrx_word' id='word_1_161' title='bbox 780 2346 835 2408; x_wconf 90' lang='lat' dir='ltr'><strong>sed</strong></span> <span class='ocrx_word' id='word_1_162' title='bbox 858 2366 954 2429; x_wconf 86' lang='lat' dir='ltr'><strong>opera</strong></span> <span class='ocrx_word' id='word_1_163' title='bbox 975 2366 1046 2428; x_wconf 73' lang='lat' dir='ltr'><strong>peu</strong></span> 
     </span>
     <span class='ocr_line' id='line_1_26' title="bbox 128 2431 1018 2511; baseline 0 -20"><span class='ocrx_word' id='word_1_164' title='bbox 128 2432 261 2509; x_wconf 79' lang='lat' dir='ltr'><strong>natricis,</strong></span> <span class='ocrx_word' id='word_1_165' title='bbox 285 2441 314 2491; x_wconf 87' lang='lat' dir='ltr'><strong>et</strong></span> <span class='ocrx_word' id='word_1_166' title='bbox 338 2433 438 2511; x_wconf 81' lang='lat' dir='ltr'><strong>arguit</strong></span> <span class='ocrx_word' id='word_1_167' title='bbox 426 2431 533 2491; x_wconf 87' lang='lat' dir='ltr'><strong>tnihil</strong></span> <span class='ocrx_word' id='word_1_168' title='bbox 556 2431 618 2491; x_wconf 87' lang='lat' dir='ltr'><strong>tale</strong></span> <span class='ocrx_word' id='word_1_169' title='bbox 639 2432 840 2492; x_wconf 87' lang='lat' dir='ltr'><strong>aPharisaeo</strong></span> <span class='ocrx_word' id='word_1_170' title='bbox 859 2433 1018 2510; x_wconf 84' lang='lat' dir='ltr'><strong>praestari.</strong></span> 
     </span>
    </p>

    <p class='ocr_par' dir='ltr' id='par_1_9' title="bbox 129 2514 1047 2762">
     <span class='ocr_line' id='line_1_27' title="bbox 190 2514 1046 2578; baseline -0.005 0"><span class='ocrx_word' id='word_1_171' title='bbox 190 2516 240 2578; x_wconf 85' lang='grc'><strong>46</strong></span> <span class='ocrx_word' id='word_1_172' title='bbox 262 2516 309 2575; x_wconf 81' lang='grc' dir='ltr'><strong>ιιι</strong></span> <span class='ocrx_word' id='word_1_173' title='bbox 329 2523 413 2575; x_wconf 85' lang='lat' dir='ltr'><strong>reete</strong></span> <span class='ocrx_word' id='word_1_174' title='bbox 383 2518 562 2576; x_wconf 87' lang='lat' dir='ltr'><strong>teverhum</strong></span> <span class='ocrx_word' id='word_1_175' title='bbox 585 2514 698 2574; x_wconf 78' lang='lat' dir='ltr'><strong>Christi</strong></span> <span class='ocrx_word' id='word_1_176' title='bbox 725 2514 764 2574; x_wconf 88' lang='lat' dir='ltr'><strong>ad</strong></span> <span class='ocrx_word' id='word_1_177' title='bbox 786 2515 983 2575; x_wconf 86' lang='lat' dir='ltr'><strong>Pharisaeum</strong></span> <span class='ocrx_word' id='word_1_178' title='bbox 1007 2514 1046 2574; x_wconf 90' lang='lat' dir='ltr'><strong>de</strong></span> 
     </span>
     <span class='ocr_line' id='line_1_28' title="bbox 129 2596 1047 2681; baseline -0.002 -22"><span class='ocrx_word' id='word_1_179' title='bbox 129 2598 254 2680; x_wconf 79' lang='lat' dir='ltr'><strong>publiea</strong></span> <span class='ocrx_word' id='word_1_180' title='bbox 275 2600 459 2659; x_wconf 83' lang='lat' dir='ltr'><strong>remissione</strong></span> <span class='ocrx_word' id='word_1_181' title='bbox 479 2598 672 2678; x_wconf 83' lang='lat' dir='ltr'><strong>intelligitur,</strong></span> <span class='ocrx_word' id='word_1_182' title='bbox 691 2596 759 2658; x_wconf 83' lang='lat' dir='ltr'><strong>Tibi</strong></span> <span class='ocrx_word' id='word_1_183' title='bbox 782 2597 862 2681; x_wconf 83' lang='lat' dir='ltr'><strong>dieo,</strong></span> <span class='ocrx_word' id='word_1_184' title='bbox 884 2598 994 2677; x_wconf 88' lang='lat' dir='ltr'><strong>inquit,</strong></span> <span class='ocrx_word' id='word_1_185' title='bbox 1012 2597 1047 2657; x_wconf 92' lang='lat' dir='ltr'><strong>id</strong></span> 
     </span>
     <span class='ocr_line' id='line_1_29' title="bbox 129 2679 615 2762; baseline -0.002 -20"><span class='ocrx_word' id='word_1_186' title='bbox 129 2690 186 2758; x_wconf 87' lang='lat' dir='ltr'><strong>est,</strong></span> <span class='ocrx_word' id='word_1_187' title='bbox 209 2681 331 2760; x_wconf 80' lang='lat' dir='ltr'><strong>publice</strong></span> <span class='ocrx_word' id='word_1_188' title='bbox 353 2681 441 2742; x_wconf 88' lang='lat' dir='ltr'><strong>vohis</strong></span> <span class='ocrx_word' id='word_1_189' title='bbox 464 2679 615 2762; x_wconf 84' lang='lat' dir='ltr'><strong>significo.</strong></span> 
     </span>
    </p>

    <p class='ocr_par' dir='ltr' id='par_1_10' title="bbox 128 2763 1048 3013">
     <span class='ocr_line' id='line_1_30' title="bbox 190 2763 1048 2843; baseline -0.005 -16"><span class='ocrx_word' id='word_1_190' title='bbox 190 2767 241 2829; x_wconf 93' lang='grc'><strong>47.</strong></span> <span class='ocrx_word' id='word_1_191' title='bbox 264 2765 333 2825; x_wconf 85' lang='lat' dir='ltr'><strong>Hae</strong></span> <span class='ocrx_word' id='word_1_192' title='bbox 355 2774 418 2843; x_wconf 86' lang='lat' dir='ltr'><strong>est,</strong></span> <span class='ocrx_word' id='word_1_193' title='bbox 443 2765 553 2842; x_wconf 91' lang='lat' dir='ltr'><strong>volo,</strong></span> <span class='ocrx_word' id='word_1_194' title='bbox 550 2772 596 2825; x_wconf 92' lang='lat' dir='ltr'><strong>ut</strong></span> <span class='ocrx_word' id='word_1_195' title='bbox 616 2766 707 2825; x_wconf 87' lang='lat' dir='ltr'><strong>etiam</strong></span> <span class='ocrx_word' id='word_1_196' title='bbox 731 2783 835 2825; x_wconf 87' lang='lat' dir='ltr'><strong>soram</strong></span> <span class='ocrx_word' id='word_1_197' title='bbox 857 2763 946 2825; x_wconf 89' lang='lat' dir='ltr'><strong>vohis</strong></span> <span class='ocrx_word' id='word_1_198' title='bbox 968 2765 1048 2824; x_wconf 85' lang='lat' dir='ltr'><strong>iusta</strong></span> 
     </span>
     <span class='ocr_line' id='line_1_31' title="bbox 128 2847 1047 2929; baseline -0.003 -19"><span class='ocrx_word' id='word_1_199' title='bbox 128 2856 159 2910; x_wconf 87' lang='lat' dir='ltr'><strong>et</strong></span> <span class='ocrx_word' id='word_1_200' title='bbox 183 2858 292 2909; x_wconf 85' lang='lat' dir='ltr'><strong>saneta</strong></span> <span class='ocrx_word' id='word_1_201' title='bbox 305 2847 463 2926; x_wconf 86' lang='lat' dir='ltr'><strong>habeatur,</strong></span> <span class='ocrx_word' id='word_1_202' title='bbox 486 2855 520 2908; x_wconf 87' lang='lat' dir='ltr'><strong>ut</strong></span> <span class='ocrx_word' id='word_1_203' title='bbox 540 2867 620 2929; x_wconf 87' lang='lat' dir='ltr'><strong>quae</strong></span> <span class='ocrx_word' id='word_1_204' title='bbox 639 2847 709 2929; x_wconf 85' lang='lat' dir='ltr'><strong>plus</strong></span> <span class='ocrx_word' id='word_1_205' title='bbox 722 2849 910 2928; x_wconf 84' lang='lat' dir='ltr'><strong>praestiterit</strong></span> <span class='ocrx_word' id='word_1_206' title='bbox 920 2849 951 2908; x_wconf 92' lang='lat' dir='ltr'><strong>in</strong></span> <span class='ocrx_word' id='word_1_207' title='bbox 966 2848 1047 2928; x_wconf 79' lang='lat' dir='ltr'><strong>lege,</strong></span> 
     </span>
     <span class='ocr_line' id='line_1_32' title="bbox 128 2931 732 3013; baseline -0.002 -20"><span class='ocrx_word' id='word_1_208' title='bbox 128 2951 222 3013; x_wconf 86' lang='lat' dir='ltr'><strong>quam</strong></span> <span class='ocrx_word' id='word_1_209' title='bbox 245 2950 302 2991; x_wconf 90' lang='lat' dir='ltr'><strong>vos</strong></span> <span class='ocrx_word' id='word_1_210' title='bbox 326 2940 356 2992; x_wconf 92' lang='lat' dir='ltr'><strong>et</strong></span> <span class='ocrx_word' id='word_1_211' title='bbox 377 2932 477 2992; x_wconf 76' lang='lat' dir='ltr'><strong>facitis</strong></span> <span class='ocrx_word' id='word_1_212' title='bbox 500 2939 532 2992; x_wconf 90' lang='lat' dir='ltr'><strong>et</strong></span> <span class='ocrx_word' id='word_1_213' title='bbox 552 2931 732 3013; x_wconf 86' lang='lat' dir='ltr'><strong>intelligitis.</strong></span> 
     </span>
    </p>

    <p class='ocr_par' dir='ltr' id='par_1_11' title="bbox 125 3015 1047 3261">
     <span class='ocr_line' id='line_1_33' title="bbox 191 3015 1046 3096; baseline -0.006 -18"><span class='ocrx_word' id='word_1_214' title='bbox 191 3016 242 3078; x_wconf 87' lang='lat'><strong>48.</strong></span> <span class='ocrx_word' id='word_1_215' title='bbox 264 3015 313 3074; x_wconf 90' lang='lat' dir='ltr'><strong>Ad</strong></span> <span class='ocrx_word' id='word_1_216' title='bbox 328 3015 487 3076; x_wconf 89' lang='lat' dir='ltr'><strong>mulierem</strong></span> <span class='ocrx_word' id='word_1_217' title='bbox 502 3035 577 3079; x_wconf 86' lang='lat' dir='ltr'><strong>vero</strong></span> <span class='ocrx_word' id='word_1_218' title='bbox 592 3036 709 3096; x_wconf 89' lang='lat' dir='ltr'><strong>versus,</strong></span> <span class='ocrx_word' id='word_1_219' title='bbox 734 3034 791 3076; x_wconf 85' lang='lat' dir='ltr'><strong>eeu</strong></span> <span class='ocrx_word' id='word_1_220' title='bbox 808 3016 957 3095; x_wconf 84' lang='lat' dir='ltr'><strong>privatam</strong></span> <span class='ocrx_word' id='word_1_221' title='bbox 981 3034 1046 3095; x_wconf 90' lang='lat' dir='ltr'><strong>per·</strong></span> 
     </span>
     <span class='ocr_line' id='line_1_34' title="bbox 125 3097 1047 3181; baseline -0.003 -21"><span class='ocrx_word' id='word_1_222' title='bbox 125 3119 256 3174; x_wconf 88' lang='lat' dir='ltr'><strong>sonam,</strong></span> <span class='ocrx_word' id='word_1_223' title='bbox 279 3100 430 3181; x_wconf 88' lang='lat' dir='ltr'><strong>privatam</strong></span> <span class='ocrx_word' id='word_1_224' title='bbox 455 3101 519 3161; x_wconf 89' lang='lat' dir='ltr'><strong>eius</strong></span> <span class='ocrx_word' id='word_1_225' title='bbox 542 3100 764 3161; x_wconf 80' lang='lat' dir='ltr'><strong>conscientiam</strong></span> <span class='ocrx_word' id='word_1_226' title='bbox 788 3098 982 3175; x_wconf 80' lang='lat' dir='ltr'><strong>consolatur,</strong></span> <span class='ocrx_word' id='word_1_227' title='bbox 1005 3097 1047 3158; x_wconf 92' lang='lat' dir='ltr'><strong>di·</strong></span> 
     </span>
     <span class='ocr_line' id='line_1_35' title="bbox 126 3182 412 3261; baseline 0.003 -17"><span class='ocrx_word' id='word_1_228' title='bbox 126 3202 218 3261; x_wconf 81' lang='lat' dir='ltr'><strong>sens,</strong></span> <span class='ocrx_word' id='word_1_229' title='bbox 239 3182 329 3243; x_wconf 87' lang='lat' dir='ltr'><strong>Fides</strong></span> <span class='ocrx_word' id='word_1_230' title='bbox 352 3190 412 3245; x_wconf 88' lang='lat' dir='ltr'><strong>tna.</strong></span> 
     </span>
    </p>

    <p class='ocr_par' dir='ltr' id='par_1_12' title="bbox 125 3264 1049 3495">
     <span class='ocr_line' id='line_1_36' title="bbox 192 3264 1047 3342; baseline -0.002 -15"><span class='ocrx_word' id='word_1_231' title='bbox 192 3266 243 3331; x_wconf 82' lang='grc'><strong>49.</strong></span> <span class='ocrx_word' id='word_1_232' title='bbox 265 3265 339 3327; x_wconf 81' lang='lat' dir='ltr'><strong>Erat</strong></span> <span class='ocrx_word' id='word_1_233' title='bbox 370 3275 473 3328; x_wconf 84' lang='lat' dir='ltr'><strong>nutem</strong></span> <span class='ocrx_word' id='word_1_234' title='bbox 494 3266 616 3326; x_wconf 84' lang='lat' dir='ltr'><strong>Iudaeis</strong></span> <span class='ocrx_word' id='word_1_235' title='bbox 652 3265 863 3342; x_wconf 80' lang='lat' dir='ltr'><strong>intolerabile,</strong></span> <span class='ocrx_word' id='word_1_236' title='bbox 898 3266 924 3324; x_wconf 89' lang='lat' dir='ltr'><strong>si</strong></span> <span class='ocrx_word' id='word_1_237' title='bbox 952 3264 1047 3325; x_wconf 89' lang='lat' dir='ltr'><strong>homo</strong></span> 
     </span>
     <span class='ocr_line' id='line_1_37' title="bbox 126 3349 1049 3430; baseline -0.003 -20"><span class='ocrx_word' id='word_1_238' title='bbox 126 3350 188 3410; x_wconf 90' lang='lat' dir='ltr'><strong>sibi</strong></span> <span class='ocrx_word' id='word_1_239' title='bbox 220 3358 377 3429; x_wconf 83' lang='lat' dir='ltr'><strong>arrogaret</strong></span> <span class='ocrx_word' id='word_1_240' title='bbox 408 3356 594 3428; x_wconf 87' lang='lat' dir='ltr'><strong>potestatem</strong></span> <span class='ocrx_word' id='word_1_241' title='bbox 628 3349 804 3411; x_wconf 89' lang='lat' dir='ltr'><strong>remittendi</strong></span> <span class='ocrx_word' id='word_1_242' title='bbox 837 3355 982 3430; x_wconf 81' lang='lat' dir='ltr'><strong>peecata,</strong></span> <span class='ocrx_word' id='word_1_243' title='bbox 1017 3356 1049 3408; x_wconf 92' lang='lat' dir='ltr'><strong>ut</strong></span> 
     </span>
     <span class='ocr_line' id='line_1_38' title="bbox 125 3431 417 3495; baseline -0.01 -2"><span class='ocrx_word' id='word_1_244' title='bbox 125 3433 236 3493; x_wconf 88' lang='lat' dir='ltr'><strong>Metth.</strong></span> <span class='ocrx_word' id='word_1_245' title='bbox 260 3435 287 3495; x_wconf 82' lang='lat'><strong>9.</strong></span> <span class='ocrx_word' id='word_1_246' title='bbox 312 3431 417 3492; x_wconf 81' lang='lat' dir='ltr'><strong>claret.</strong></span> 
     </span>
    </p>

    <p class='ocr_par' dir='ltr' id='par_1_13' title="bbox 125 3513 1047 3744">
     <span class='ocr_line' id='line_1_39' title="bbox 192 3513 1046 3592; baseline -0.001 -14"><span class='ocrx_word' id='word_1_247' title='bbox 192 3518 241 3580; x_wconf 78' lang='lat'><strong>50.</strong></span> <span class='ocrx_word' id='word_1_248' title='bbox 264 3513 348 3592; x_wconf 90' lang='lat' dir='ltr'><strong>ldeo,</strong></span> <span class='ocrx_word' id='word_1_249' title='bbox 377 3520 411 3573; x_wconf 90' lang='lat' dir='ltr'><strong>ut</strong></span> <span class='ocrx_word' id='word_1_250' title='bbox 432 3513 569 3575; x_wconf 75' lang='lat' dir='ltr'><strong>Christus</strong></span> <span class='ocrx_word' id='word_1_251' title='bbox 598 3515 776 3578; x_wconf 87' lang='lat' dir='ltr'><strong>ostenderet</strong></span> <span class='ocrx_word' id='word_1_252' title='bbox 804 3532 873 3575; x_wconf 87' lang='lat' dir='ltr'><strong>sese</strong></span> <span class='ocrx_word' id='word_1_253' title='bbox 900 3533 970 3575; x_wconf 87' lang='lat' dir='ltr'><strong>esse</strong></span> <span class='ocrx_word' id='word_1_254' title='bbox 993 3513 1046 3577; x_wconf 91' lang='lat' dir='ltr'><strong>do·</strong></span> 
     </span>
     <span class='ocr_line' id='line_1_40' title="bbox 125 3597 1047 3680; baseline -0.001 -20"><span class='ocrx_word' id='word_1_255' title='bbox 125 3600 242 3660; x_wconf 89' lang='lat' dir='ltr'><strong>minum</strong></span> <span class='ocrx_word' id='word_1_256' title='bbox 267 3599 423 3677; x_wconf 91' lang='lat' dir='ltr'><strong>omnium,</strong></span> <span class='ocrx_word' id='word_1_257' title='bbox 455 3597 590 3661; x_wconf 88' lang='lat' dir='ltr'><strong>absolvit</strong></span> <span class='ocrx_word' id='word_1_258' title='bbox 618 3602 821 3680; x_wconf 82' lang='lat' dir='ltr'><strong>peceatrieem</strong></span> <span class='ocrx_word' id='word_1_259' title='bbox 844 3598 968 3680; x_wconf 81' lang='lat' dir='ltr'><strong>publico</strong></span> <span class='ocrx_word' id='word_1_260' title='bbox 991 3598 1047 3659; x_wconf 91' lang='lat' dir='ltr'><strong>ho·</strong></span> 
     </span>
     <span class='ocr_line' id='line_1_41' title="bbox 126 3681 501 3744; baseline -0.005 0"><span class='ocrx_word' id='word_1_261' title='bbox 126 3683 244 3744; x_wconf 89' lang='lat' dir='ltr'><strong>minum</strong></span> <span class='ocrx_word' id='word_1_262' title='bbox 267 3681 382 3742; x_wconf 85' lang='lat' dir='ltr'><strong>iudicio</strong></span> <span class='ocrx_word' id='word_1_263' title='bbox 404 3700 501 3743; x_wconf 87' lang='lat' dir='ltr'><strong>ream.</strong></span> 
     </span>
    </p>

    <p class='ocr_par' dir='ltr' id='par_1_14' title="bbox 191 3764 1051 3848">
     <span class='ocr_line' id='line_1_42' title="bbox 191 3764 1051 3848; baseline -0.006 -21"><span class='ocrx_word' id='word_1_264' title='bbox 191 3768 242 3827; x_wconf 77' lang='lat' dir='ltr'><strong>nl.</strong></span> <span class='ocrx_word' id='word_1_265' title='bbox 263 3764 304 3825; x_wconf 79' lang='grc' dir='ltr'><strong>ιιι</strong></span> <span class='ocrx_word' id='word_1_266' title='bbox 325 3767 386 3827; x_wconf 86' lang='lat' dir='ltr'><strong>hoe</strong></span> <span class='ocrx_word' id='word_1_267' title='bbox 407 3767 480 3827; x_wconf 85' lang='lat' dir='ltr'><strong>lesit</strong></span> <span class='ocrx_word' id='word_1_268' title='bbox 501 3768 601 3833; x_wconf 76' lang='lat' dir='ltr'><strong>sciens</strong></span> <span class='ocrx_word' id='word_1_269' title='bbox 624 3774 656 3830; x_wconf 88' lang='lat' dir='ltr'><strong>et</strong></span> <span class='ocrx_word' id='word_1_270' title='bbox 677 3768 796 3848; x_wconf 86' lang='lat' dir='ltr'><strong>volens,</strong></span> <span class='ocrx_word' id='word_1_271' title='bbox 819 3765 891 3846; x_wconf 85' lang='lat' dir='ltr'><strong>quia</strong></span> <span class='ocrx_word' id='word_1_272' title='bbox 913 3764 1051 3827; x_wconf 86' lang='lat' dir='ltr'><strong>ostendit</strong></span> 
     </span>
    </p>
   </div>
   <div class='ocr_carea' id='block_1_3' title="bbox 157 3865 1001 3937">
    <p class='ocr_par' dir='ltr' id='par_1_15' title="bbox 157 3865 1001 3937">
     <span class='ocr_line' id='line_1_43' title="bbox 157 3865 1001 3937; baseline 0.002 -11"><span class='ocrx_word' id='word_1_273' title='bbox 157 3883 249 3926; x_wconf 74' lang='lat' dir='ltr'><strong>aunon</strong></span> <span class='ocrx_word' id='word_1_274' title='bbox 264 3894 315 3933; x_wconf 71' lang='grc' dir='ltr'><strong>ορρ.</strong></span> <span class='ocrx_word' id='word_1_275' title='bbox 332 3885 397 3926; x_wconf 77' lang='lat' dir='ltr'><strong>us.</strong></span> <span class='ocrx_word' id='word_1_276' title='bbox 411 3884 495 3926; x_wconf 74' lang='grc' dir='ltr'><strong>ιιιοι.</strong></span> <span class='ocrx_word' id='word_1_277' title='bbox 510 3884 562 3926; x_wconf 70' lang='lat' dir='ltr'><strong>nrt</strong></span> <span class='ocrx_word' id='word_1_278' title='bbox 578 3885 594 3927; x_wconf 93' lang='grc' dir='ltr'><strong>ι.</strong></span> <span class='ocrx_word' id='word_1_279' title='bbox 609 3896 632 3937; x_wconf 74' lang='lat' dir='ltr'><strong>p.</strong></span> <span class='ocrx_word' id='word_1_280' title='bbox 646 3887 753 3930; x_wconf 74' lang='lat' dir='ltr'><strong>vonis.</strong></span> <span class='ocrx_word' id='word_1_281' title='bbox 949 3865 1001 3930; x_wconf 59' lang='lat' dir='ltr'><strong>‘ln</strong></span> 
     </span>
    </p>
   </div>
   <div class='ocr_carea' id='block_1_4' title="bbox 0 0 1191 4208">
    <p class='ocr_par' dir='ltr' id='par_1_16' title="bbox 0 0 1191 4208">
     <span class='ocr_line' id='line_1_44' title="bbox 0 0 1191 4208; baseline 0 0"><span class='ocrx_word' id='word_1_282' title='bbox 0 0 1191 4208; x_wconf 95' lang='lat' dir='ltr'><strong> </strong></span> 
     </span>
    </p>
   </div>
  </div>
 </body>
</html>
