2346 4208
125 293 189 360 ffll
336 295 498 366 Disputatio
516 296 626 365 Lipsiae
644 296 740 350 habits
758 311 784 351 a.
803 292 864 349 XIX

120 484 337 565 blasphemant
348 490 379 544 et
400 483 525 546 eiulant.
503 482 651 560 tQuare
663 504 719 565 per
739 483 795 545 sub
807 489 921 547 terram
934 502 1041 546 neem·

121 569 203 629 sario
225 568 435 649 purgatorium
458 576 488 628 et
510 584 576 627 ιιοιι
596 567 712 628 inferos
733 568 906 650 intelligere
930 572 1043 649 potest

120 651 267 727 Quamvis
289 670 352 711 non
368 670 479 732 negem
508 651 540 711 in
562 670 650 712 sacra
673 650 828 733 Scriptura
856 652 950 712 etiarn
972 649 1042 713 dac

121 754 247 797 monum
269 734 335 796 fleri
356 736 574 794 mentionem
566 756 598 795 ιιι
619 735 764 817 ιιιιιιιιι,ο
754 754 786 795 ιιι
801 734 1042 815 apostolocae

121 819 220 897 lestia,
243 819 406 879 terrestria.
451 817 512 879 Sed
533 818 594 879 lioc
618 818 691 878 nihil
713 817 754 879 ad
775 817 961 880 Rhombum.

205 901 391 983 Apportavit
425 908 526 961 autem
556 902 700 982 glossam
735 920 826 982 super
854 901 912 965 illo
936 900 1044 979 verbo,

121 991 241 1063 cantat,
280 985 363 1064 quod
385 986 424 1045 sit
445 1003 568 1045 crucem
588 992 713 1065 portare
734 986 816 1045 etin
838 984 1044 1046 tribulationi-

121 1069 178 1131 bus
201 1070 300 1129 Deum
333 1067 475 1146 laudare,
505 1087 595 1147 quam
618 1069 769 1150 glossam,
799 1068 933 1130 utel)
955 1067 1046 1129 Patre

120 1152 273 1213 hocloco
296 1151 408 1230 fictam,
431 1171 468 1211 ea
490 1151 635 1212 facilitate
655 1157 830 1213 contemno
852 1148 1045 1211 Imolollan·

122 1256 177 1316 uas
200 1254 263 1295 non
285 1236 398 1316 patitur
419 1236 463 1295 sic
485 1254 518 1294 se
541 1237 665 1314 exponi,
688 1236 760 1331 qnia
779 1235 896 1313 inquit:
931 1232 1044 1295 (lanta

122 1319 226 1381 bunt
217 1338 249 1377 ιιι
279 1318 427 1397 coelo,
419 1338 451 1378 ιιι
474 1322 570 1395 terra,
598 1318 730 1379 modo
722 1336 752 1377 m
776 1317 866 1378 coelo
889 1334 955 1379 non
977 1334 1045 1398 por·

122 1408 349 1478 tartaream,
378 1402 489 1464 necin
512 1400 757 1462 tribulationibus
785 1399 913 1461 laudant
933 1400 1044 1479 Deum,

125 1486 270 1566 quoniam
305 1483 454 1581 abstergit
475 1485 559 1544 Deus
592 1486 636 1544 sic
668 1502 791 1545 ornnem
818 1484 978 1544 lacrimam
1006 1482 1045 1545 ab

123 1569 219 1630 oculis
243 1587 358 1664 eorum,
379 1569 439 1627 iam
463 1585 524 1628 non
547 1574 595 1627 est
582 1567 694 1627 tullus
715 1566 806 1627 labor
826 1572 858 1627 et
874 1565 965 1629 dolor
986 1572 1045 1629 cla.

206 1650 297 1726 Quod
319 1652 345 1712 si
367 1652 458 1712 edam
482 1649 605 1710 daretur
627 1651 781 1730 expositio
804 1668 874 1726 sua,
908 1657 942 1710 et
964 1654 1047 1711 esset

123 1754 206 1812 vera,
229 1736 340 1794 sicuti
341 1753 432 1794 amen
453 1734 488 1793 lit
477 1741 561 1794 terae
583 1741 750 1814 repugnat,
772 1697 874 1793 adhud
894 1733 957 1794 hoe
977 1750 1044 1831 pro·

123 1819 257 1898 positum
280 1837 343 1877 non
364 1823 528 1903 rumperet,
551 1836 622 1876 uam
645 1816 806 1877 laudantes
820 1815 951 1880 Deum
941 1836 972 1877 ιιι
995 1814 1045 1877 tn·-

123 1900 330 1962 bulationibus
352 1907 575 1980 postmortem
604 1901 806 1960 certissimum
832 1899 986 1960 haberent
1004 1898 1046 1959 ιιι-

124 1993 210 2045 turae
233 1983 315 2044 besti
317 1982 430 2043 tudinis
453 1983 583 2079 signum,
605 2002 674 2043 cum
691 1982 826 2043 damnati
844 1987 954 2044 contra
971 2000 1046 2043 --con

123 2076 275 2128 summoto
303 2065 376 2126 odio
405 2066 498 2124 Dei
489 2086 519 2125 ιιι
549 2073 728 2146 perpetuam
760 2072 965 2146 prorumpunt
984 2080 1047 2127 cro·

123 2152 217 2211 atoris
254 2149 486 2228 blasphemiam.
531 2148 633 2223 Quare
661 2151 782 2210 animae
804 2148 986 2229 purgandae
1007 2148 1047 2211 de

125 2234 224 2294 salute
245 2251 353 2292 secure
376 2237 501 2292 cantant
530 2239 561 2292 et
582 2233 680 2293 Deum
707 2232 849 2312 laudant,
881 2233 1044 2293 terminum

124 2317 315 2397 purgationis
338 2322 565 2396 exspectantes.
860 2334 864 2341 ·

199 2399 276 2460 cum
303 2417 379 2459 vero
409 2399 600 2459 induxissem
635 2416 785 2459 canonem
819 2398 954 2475 missae,
988 2416 1048 2478 quo

125 2500 180 2542 eos
203 2481 337 2542 dormire
358 2483 388 2541 in
407 2501 518 2542 somno
541 2483 626 2562 pacis
649 2482 807 2561 asseritur,
843 2499 906 2564 non
935 2482 1049 2561 patitur

125 2564 293 2626 illationem
316 2583 435 2642 meam,
459 2567 535 2624 siin
559 2583 669 2629 somno
691 2567 787 2644 pacis,
810 2583 884 2645 ergo
908 2575 980 2625 sunt
1001 2568 1050 2625 ιιι

124 2667 215 2709 curae
241 2648 279 2707 de
292 2648 401 2727 salute,
424 2655 455 2708 et
468 2669 530 2708 non
554 2648 733 2726 inhorrere,
754 2654 897 2727 tremore,
919 2664 1047 2728 pavore,

124 2738 155 2791 et
176 2732 263 2809 qnasi
291 2730 518 2812 desperatione.
554 2731 718 2791 Rationem
747 2730 900 2810 duplicem
922 2730 1048 2811 adduxi,

124 2815 242 2893 primo,
265 2815 336 2894 quia
358 2822 516 2894 sequatur,
547 2820 580 2874 ιιι
611 2815 655 2873 eis
677 2812 780 2874 locum
801 2814 951 2895 refrigerii
972 2814 1049 2875 lucis

124 2904 156 2957 et
178 2899 263 2977 pacis
278 2897 450 2978 indulgeas,
468 2897 615 2974 secundo,
638 2899 708 2976 quia
721 2897 897 2976 frequenter
909 2915 1050 2959 oramus:

122 2981 270 3060 Requiem
295 2987 450 3040 aeternam
474 2981 556 3041 dona
580 2982 635 3054 eis,
647 2980 796 3058 Domine,
820 2988 866 3042 et:
888 2979 982 3042 Dona
1003 2980 1047 3041 eis

145 3082 242 3124 acem.

123 3084 142 3143 p
204 3146 278 3208 ldeo
301 3147 391 3206 aliam
407 3147 542 3227 glossarii
566 3144 659 3220 dedit,
681 3144 764 3225 quod
789 3144 943 3206 dormiant
965 3164 1044 3208 som·

122 3248 193 3289 num
223 3231 329 3310 pacis,
359 3231 477 3290 seilicet
505 3229 608 3307 quoad
636 3247 764 3309 corpus,
794 3248 857 3290 non
880 3234 1046 3291 contentos·

121 3331 179 3372 nec
201 3312 391 3388 obiectione,
415 3332 474 3374 nec
495 3332 580 3372 nova
602 3331 658 3371 sua
679 3312 800 3392 glossa,
825 3331 904 3390 quae
926 3312 1043 3374 nullam

120 3395 215 3455 habet
244 3399 473 3477 apparentiam,
506 3396 622 3455 nullum
652 3414 776 3475 quoque
802 3395 1044 3459 fundamentum.

121 3478 199 3538 Nam
230 3479 304 3539 dicit
331 3499 448 3540 canon:
475 3481 631 3540 Memento
655 3497 777 3557 eorum,
807 3480 858 3557 qni
880 3477 1045 3556 dormiunt,

122 3567 154 3621 et
174 3563 266 3622 infra:
288 3561 329 3622 Et
351 3563 493 3624 omnibus
515 3565 545 3622 in
569 3562 691 3622 Christo
658 3561 951 3642 t.quiesoentibus
975 3561 1044 3623 Non

122 3644 210 3705 ιιοιι.
245 3646 278 3706 In
302 3647 444 3726 sepulcro
468 3645 704 3726 quiescentibus
743 3646 855 3706 Porro
852 3643 932 3724 quid
954 3644 1046 3706 relltrt

120 3726 159 3788 sd
191 3730 324 3789 animam
348 3748 459 3808 corpus
479 3728 594 3789 habere
616 3747 735 3809 pacem,
758 3728 808 3788 vel
829 3729 948 3805 minus,
981 3728 1045 3789 sive

120 3813 236 3872 amari
253 3804 403 3893 iactetur,
426 3815 492 3873 sive
514 3831 534 3872 a
556 3812 628 3873 ieris
651 3813 815 3890 laceretur,
847 3809 1043 3891 quemadmo
