2346 4208
195 254 261 322 404
489 251 647 325 Disputatio
664 250 700 308 D.
718 249 755 308 ll.
771 252 803 307 L.

262 448 310 508 15.
333 441 410 504 Cum
433 445 514 503 enim
534 442 666 503 ecclesis
680 460 782 522 papae
798 458 864 501 non
878 436 982 501 solnm
1003 439 1112 499 omittat

197 528 420 587 institutionem
434 526 557 605 Christi,
579 525 633 587 sed
647 527 739 586 etiam
761 530 856 605 cogat
872 523 913 585 ad
925 523 1112 584 omissionem

199 608 348 671 eiusdem.

263 695 312 757 16.
336 693 459 754 Certum
482 701 547 770 est,
580 711 649 753 cunr
680 711 742 753 non
776 709 846 751 esse
869 690 1034 751 ecclesiam
1056 689 1114 768 oei,

200 775 254 836 sed
288 793 480 857 synagogam
509 781 653 855 satanae,
685 793 764 856 quae
792 780 958 855 peccatum
978 774 1117 856 praecipit

202 866 235 920 et
256 859 403 919 iustitiam
426 858 579 939 prohibet.

264 942 313 1004 17.
337 941 469 1002 Etcum
493 940 790 1022 praetereadamnct
812 948 846 1001 ut
866 941 1053 1023 haereticos,
1073 940 1117 1020 qni

201 1024 429 1085 institutionem
452 1024 563 1085 Christi
587 1033 762 1103 sequuntur.

265 1108 314 1171 18.
336 1107 481 1186 Sequitur
501 1107 661 1169 evidenter
675 1110 704 1186 Ι)
727 1114 759 1168 et
779 1106 998 1185 infallibiliter,
1028 1107 1117 1186 ipssm

202 1210 271 1252 esse
304 1191 568 1253 abominationem
598 1191 766 1252 antichristi
799 1197 831 1250 et
857 1189 1007 1251 furiosam
1030 1208 1118 1250 mere·

200 1276 309 1336 tricem
331 1272 457 1337 diaboli.

267 1359 316 1421 19.
338 1356 417 1418 Nam
449 1357 553 1420 dicere
575 1377 644 1419 eunr
663 1357 850 1419 haereticum
884 1375 975 1434 esse,
1007 1357 1119 1436 quise

203 1441 305 1520 quitur
326 1441 551 1503 institutionem
573 1451 605 1502 et
628 1441 753 1502 verbum
776 1439 905 1518 Christi,
944 1446 994 1500 est
1027 1438 1120 1499 dicere

202 1525 301 1605 ipsum
325 1522 479 1585 Christum
511 1525 716 1604 haereticum,
750 1530 782 1584 et
808 1523 1037 1584 institutionem
1064 1525 1120 1583 eius

201 1605 387 1669 haereticam
410 1608 490 1673 es'se.

265 1693 314 1756 20.
337 1691 445 1772 Neque
468 1693 550 1754 enim
572 1690 745 1752 haereticus
758 1688 817 1750 dici
831 1696 949 1770 potest,
970 1690 1032 1749 nisi
1050 1690 1122 1770 prior

201 1774 264 1852 ille,
286 1793 377 1854 quem
398 1776 426 1835 is
439 1776 586 1856 sequitur,
608 1772 832 1851 haeresiarcha,
854 1779 887 1834 et
902 1772 1051 1835 doctrina
1066 1774 1122 1834 eius

202 1857 425 1923 archibaeresis
446 1859 547 1922 tuerit.

264 1933 315 2005 2‘1.
337 1942 396 2018 Qui
414 1950 521 2003 *autem
535 1940 651 2003 audent
665 1939 785 2001 Christo
808 1938 923 2017 dicere,
946 1948 979 2000 tu
1003 1959 1040 2001 es
1062 1940 1123 2000 bas

201 2026 332 2103 relicus,
361 2033 393 2087 et
414 2025 601 2087 daemonnm
636 2024 807 2085 doctrinam
841 2023 958 2102 doces,
996 2025 1124 2084 scientes

201 2109 301 2188 ipsum
325 2107 479 2170 Christum
502 2111 601 2170 Deum
624 2114 655 2169 et
677 2108 842 2168 Dominum
866 2125 948 2184 esse,
971 2126 1067 2187 quem
1088 2109 1132 2167 sic'

200 2191 231 2251 in
255 2210 291 2252 os
314 2191 545 2273 blasphemant,
569 2191 600 2252 bi
622 2210 685 2252 non
709 2196 827 2271 septem
852 2190 907 2250 sed
930 2193 1125 2272 septuaginta

201 2281 320 2355 septem
343 2274 546 2337 daemonibus
570 2276 618 2336 vel
633 2273 807 2355 legionibus
822 2275 926 2354 potins
940 2274 1124 2336 daemonum

201 2356 353 2438 possideri
377 2359 523 2420 credendi
546 2366 618 2420 sunt
629 2357 675 2440 ²).

262 2443 311 2506 22.
335 2440 404 2502 Hoc
443 2451 545 2505 autern
583 2441 847 2521 impudentissime
886 2440 963 2501 facit
999 2442 1124 2502 ecclesis

200 2545 301 2605 papae
329 2527 430 2587 sciens
463 2534 496 2587 et
517 2528 642 2603 volens,
666 2544 734 2585 cunr
756 2524 887 2585 fateatur·
912 2531 945 2585 et
966 2525 1062 2586 fateri
1083 2542 1124 2586 co·

200 2615 300 2689 gutur,
322 2628 392 2670 esse
414 2609 527 2671 Christi
548 2610 783 2685 institutionem,
805 2625 896 2686 quam
921 2608 1065 2671 damnat

212 2754 218 2767 ,
262 2694 312 2755 23.
333 2692 384 2754 sie
417 2694 500 2753 enim
533 2693 730 2755 sacerrimum
770 2689 845 2750 illud
886 2693 1124 2755 conciliabulum

200 2774 438 2837 constantiense
465 2796 518 2837 seu
555 2776 705 2838 colluvies
737 2775 839 2835 verius
877 2778 1126 2837 exsecratissims

199 2855 386 2935 perditorum
410 2859 617 2939 sophistarum
647 2868 676 2920 et
698 2859 928 2918 canonistarum
961 2860 1062 2921 audet
1082 2877 1125 2920 ore

199 2939 306 3000 rabido
329 2942 360 3002 in
385 2943 538 3004 Christum
563 2944 729 3004 Dominum
752 2941 871 3022 gloriae
894 2960 1042 3009 vomere.

261 3025 310 3088 24.
334 3025 421 3087 Licet
434 3026 571 3087 Christus
590 3033 663 3108 post
675 3042 804 3085 coenam
827 3025 1002 3087 instituerit
1025 3036 1125 3090 utram·

200 3125 259 3186 que
281 3110 434 3189 speciem,
469 3117 501 3172 et
527 3112 558 3170 in
588 3109 721 3172 ecclesia
750 3109 906 3188 primitiva
935 3130 955 3170 a
980 3111 1070 3173 laicis
1092 3114 1126 3171 in

201 3192 405 3272 reciperetur,
440 3203 542 3255 tamen
578 3195 640 3255 hoc
662 3213 724 3253 non
759 3193 903 3254 obstante
934 3195 1126 3258 consuetudo

115 3351 118 3358 ι
198 3284 248 3334 est
269 3293 324 3355 pro
349 3276 418 3356 lege
442 3276 584 3338 habenda
608 3288 667 3340 etc.

262 3361 310 3423 25.
335 3359 393 3418 Hic
415 3361 500 3421 vides
528 3362 558 3421 in
583 3362 717 3422 ecclesia
746 3378 847 3441 papae
870 3365 1127 3426 consuetudinem

197 3442 335 3502 incertae
357 3444 483 3524 originis
508 3453 539 3505 et
559 3447 675 3508 autoris
698 3463 755 3525 pro
779 3444 848 3523 lege
864 3444 1059 3528 simpliciter
1080 3463 1129 3512 stn-

198 3529 251 3606 tui‚
274 3547 359 3588 mera
383 3536 465 3591 certe
489 3530 616 3594 malitia.

268 3726 348 3794 illu
368 3728 412 3783 ed.
432 3729 515 3786 1558:
535 3733 671 3786 videntur.
720 3733 751 3794 2)
772 3728 803 3782 In
821 3728 870 3782 ed.
894 3731 972 3788 1558
1001 3738 1032 3788 et
1050 3736 1078 3788 i„
1096 3730 1127 3784 ed,

194 3798 272 3864 len:
295 3803 397 3861 crediti
415 3809 492 3859 sunt.
