2346 4208
247 245 344 294 contra
361 238 530 295 Antinomos
549 240 583 296 de
602 243 781 310 poenitentia.
917 238 979 304 433

120 426 169 488 32.
190 424 261 504 lpse
284 426 363 485 enim
386 425 493 486 Motth.
516 428 545 490 5
569 426 668 507 legem
691 425 769 487 Mosi
792 445 855 486 non
877 425 977 486 solum

55 507 173 586 recitat,
197 507 250 567 ssd
277 510 368 569 etiam
389 509 523 588 perfecte
546 510 698 589 explicat,
721 516 752 570 et
773 528 834 584 non
859 510 980 570 solven-

56 588 127 649 dam
150 609 219 650 esse
242 589 340 653 docet.

118 674 167 738 33.
189 673 229 734 Et
249 675 445 736 Pharisaeum
469 674 508 736 de
530 694 643 756 magno
667 682 698 736 et
719 675 818 756 primo
833 675 978 736 mandato

55 755 137 852 legis·
155 757 297 819 erudiens
327 757 490 819 confirmat
510 760 627 840 legem,
651 757 802 837 dicitque:
841 758 909 820 Hoc
929 758 980 820 fac

56 845 88 899 et
109 839 205 900 vives.

16 924 20 933 '
118 924 168 988 34:
197 924 315 984 Passim
340 943 464 1004 quoque
485 945 540 1005 per
564 925 758 1006 evangelium
789 926 908 1005 arguit,
936 926 979 985 in·

55 1012 176 1085 crepat,
217 1009 364 1087 minatur,
402 1015 510 1087 terret,
551 1014 582 1069 et
616 1008 727 1069 similia
761 1008 839 1088 legis
879 1006 982 1069 officie

55 1096 189 1150 exercet.

117 1174 166 1237 35.
189 1173 231 1234 Ut
252 1173 337 1234 nullo
360 1192 495 1253 unquam
516 1175 556 1234 sit
577 1173 684 1235 audita
705 1173 755 1234 vel
772 1173 874 1233 futura
895 1173 980 1234 frons

54 1255 277 1335 impudentior,
311 1276 402 1336 quam
430 1258 576 1336 istorum,
612 1257 663 1336 qui
686 1257 787 1337 legem
810 1255 981 1318 tollendam

56 1355 126 1399 esse
149 1338 275 1403 docent.

117 1424 166 1486 36.
196 1422 321 1484 Scilicet
348 1423 477 1484 miseros
507 1422 649 1482 homines
681 1420 777 1502 pudet
808 1421 921 1483 docere
949 1428 981 1483 et

54 1504 167 1583 facere,
190 1505 272 1585 quod
294 1508 362 1587 ipse
385 1506 592 1566 Dominust
558 1512 592 1567 et
614 1505 688 1565 fecit
710 1511 742 1564 et
764 1504 877 1566 docuit.

118 1591 166 1652 37.
190 1589 290 1650 Ponat
278 1595 327 1648 tur
348 1607 448 1668 casus,
473 1587 555 1685 qnod
572 1594 682 1669 peccat
683 1606 733 1647 um
749 1587 873 1649 aliunde
888 1607 980 1667 quam

55 1690 110 1751 per
133 1671 233 1753 legem
256 1673 355 1753 possit
377 1672 543 1753 cognosci,
567 1671 649 1751 quod
672 1677 775 1733 tamen
799 1673 875 1732 est'
867 1690 980 1752 impos·

55 1754 153 1817 sibile

119 1838 168 1900 38
192 1837 253 1897 Gur
275 1837 375 1919 legem
398 1837 488 1899 obiici
511 1843 652 1917 oportet
675 1839 700 1897 si
721 1836 802 1897 idem
827 1842 981 1917 operetur,

54 1919 138 2000 quod
160 1919 284 1981 aliunde
306 1920 454 1997 habetor,
477 1920 596 1980 scilicet
584 1921 827 2001 tcognitionem
850 1926 979 2000 peccati.

115 2005 165 2066 39.
193 2003 233 2064 Ει
262 2011 295 2064 ιιι
325 2004 526 2084 grammatice
559 2023 613 2064 seu
637 2010 700 2063 ma
688 2002 801 2065 emeli
788 2010 835 2064 ter
857 2009 980 2082 sumpto
1085 2022 1088 2026 ·

52 2085 317 2182 vccabulot
230 2087 281 2147 lex
304 2087 464 2148 tolleretur
494 2084 573 2169 (hoc
596 2087 677 2147 enim
700 2105 830 2147 necesse
853 2093 901 2146 est
924 2104 980 2147 eos

54 2167 272 2326 πῃῗίἒριὶιιιι
295 2253 385 2314 tollet
414 2253 498 2314 illam
531 2254 701 2331 viventem,
734 2252 917 2332 insculptam
951 2252 981 2312 in

56 2335 216 2414 cordibus,
240 2343 271 2396 et
293 2335 528 2416 chirographum
549 2336 664 2398 decreti
680 2337 864 2398 contrarium
882 2334 982 2413 nobis,

51 2416 135 2498 quod
158 2417 240 2479 idem
261 2425 308 2479 est
330 2437 400 2479 cum
424 2418 495 2499 lege
518 2419 608 2480 Moci.

96 2584 320 2665 Disputatio
354 2590 495 2664 quarta
530 2584 567 2646 D.
596 2584 751 2644 Martini
779 2584 940 2645 Lutheri

313 2673 449 2729 contra
476 2666 725 2729 Antinomos.

53 2783 202 2847 Cavenda
224 2784 364 2846 doctrina
379 2785 572 2866 Papistarum
595 2784 633 2845 de
655 2785 857 2865 poenitentia,
881 2784 977 2844 multo

53 2870 154 2949 magis
177 2868 431 2946 Antinomorum,
461 2870 512 2948 qui
545 2868 660 2929 nullam
689 2868 912 2949 poenitentiam
934 2885 980 2927 re·

318 2951 488 3032 linquunt
480 2973 510 3012 m
534 2950 724 3030 ecclesia*).

141 3074 169 3132 1.
198 3069 291 3128 Nulla
322 3070 417 3130 fuit
409 3091 439 3130 ιιι
464 3071 598 3155 ecclesia
625 3069 820 3149 pestilentior
842 3066 994 3128 doctrina'

54 3158 164 3213 contra
198 3154 417 3232 poententiam
451 3141 601 3235 (excepte
570 3153 845 3214 thducaeat
814 3158 845 3211 et
872 3149 983 3230 Epicu·

53 3233 127 3318 rea)
152 3254 242 3315 quam
265 3235 466 3317 Papisterum.

140 3321 168 3382 2.
199 3318 284 3378 Haec
311 3318 433 3380 sustulit
460 3319 682 3399 poenitentiam
704 3320 854 3398 integram
878 3322 909 3375 et
931 3333 982 3374 ve·

54 3421 138 3479 ram,
171 3400 241 3461 dum
275 3421 338 3463 non
373 3403 513 3483 permisit
537 3408 652 3463 certam
675 3421 745 3463 esse
766 3400 980 3460 remissionem

55 3491 267 3566 peccatorum.

74 3774 90 3827 d
121 3700 309 3829 1‘g3sltepetitu
328 3705 370 3754 cst
388 3700 457 3753 haec
475 3697 619 3766 inscriptio
638 3712 674 3748 ex
694 3694 736 3749 ed.
756 3693 835 3760 1558,
855 3692 932 3745 deest
950 3693 979 3744 in

56 3791 72 3829 e
95 3813 100 3824 .
193 3812 200 3828 .

84 3879 175 3921 Luthert
192 3889 243 3929 opp.
257 3879 283 3920 V.
298 3877 324 3917 Δ.
339 3876 368 3917 ιιι
381 3875 422 3917 ret.
436 3876 486 3917 litut.
501 3876 516 3917 l.
530 3885 553 3927 p.
566 3874 618 3917 Vol.
631 3873 672 3918 W·
843 3843 892 3903 (ἃ
