2346 4208
425 278 443 315 a
459 263 582 317 Notariis
600 271 723 333 excepta
858 344 866 367 Ι
977 263 1040 330 205

121 447 302 528 nitentibus,
331 466 400 507 oum
425 448 575 508 Dominus
607 454 760 528 etoaput
788 448 939 510 eoolesiae
962 450 1038 510 illud

122 551 176 592 non
208 531 371 612 exigeret?
414 529 512 605 Quam
551 532 701 591 rationem
729 533 760 591 in
788 534 1038 598 annotationibus

124 616 211 759 “ab
225 614 608 776 &eubulidis
626 613 681 761 ll
691 613 1039 778 lllllgllslt

459 740 467 760 Ι
600 743 617 775 ⁰,
661 746 668 758 1
752 746 759 759 ο
1025 744 1032 759 ⁸
1108 764 1119 789 χ

129 782 165 841 tui
182 800 281 862 grave
303 779 425 861 pondus
447 781 658 860 poenitentioe
678 781 834 861 imponis,
856 789 910 841 aut
931 784 1038 862 poeni·
1060 808 1067 821 f

128 866 240 925 undam
263 863 397 942 reiioiet,
427 863 574 923 aut‘dum
596 862 723 923 sufferre
744 866 865 944 nequit,
885 866 1038 925 scandali-

126 954 198 1009 aun
219 947 355 1027 amplius
376 953 495 1026 peeoat.
517 946 637 1007 Deinde
665 948 723 1007 etsi
744 965 896 1027 erramus,
933 950 1039 1028 poeni-

126 1031 239 1091 tentiam
272 1029 429 1091 modieam
462 1031 673 1110 imponentes,
712 1048 817 1090 nonne
845 1031 953 1090 melius
981 1039 1037 1112 est,

125 1120 238 1194 propter
260 1112 504 1173 miserioordiam
513 1113 664 1174 rationem
674 1113 814 1193 reddere,
836 1133 928 1193 quam
945 1133 1039 1195 prop·

126 1207 161 1259 ter
179 1195 418 1257 mudebtatem?
441 1196 500 1257 Ubi
522 1198 603 1256 enim
626 1197 844 1276 paterfamilias
866 1197 969 1278 largus
991 1205 1040 1257 est

126 1280 327 1361 dispensator,
357 1298 420 1339 non
443 1278 536 1341 debet
556 1298 626 1340 esse
647 1286 752 1339 tenax.
775 1280 807 1340 si
830 1281 912 1340 Deus
934 1281 1039 1361 benig-

125 1382 180 1444 nus,
200 1369 235 1424 ut
258 1361 334 1442 quid
354 1361 499 1423 sacerdos
521 1363 587 1423 vult
607 1381 677 1422 esse
698 1364 859 1422 austerus?
891 1364 960 1424 Hoo
981 1383 1037 1444 pro

127 1445 354 1509 toniessoribus.

172 1528 262 1591 ldem
277 1528 413 1589 Humilia
427 1527 477 1592 31.
500 1529 544 1588 ait
563 1547 656 1608 super
665 1529 808 1608 Epistola
829 1528 869 1589 ad
883 1528 1038 1591 llbraeos:

128 1612 279 1675 Peooatum
302 1611 498 1673 eonfessione
522 1612 693 1691 minuitur,
723 1611 778 1671 sed
808 1633 871 1672 non
894 1613 1040 1672 minuitur

127 1694 216 1775 quoad
239 1695 375 1775 eulpam,
397 1696 470 1773 quia
489 1696 616 1774 impium
638 1701 694 1772 est,
716 1701 749 1755 ut
759 1694 965 1776 Hieronymus
986 1696 1038 1774 ait,

128 1778 228 1840 nDeo
247 1770 417 1838 =dimidium
446 1797 571 1857 sperare
600 1779 743 1858 veniam,
781 1797 855 1859 ergo
895 1779 1040 1838 minuitur

128 1861 216 1941 quoad
237 1880 385 1942 poenam.
457 1868 463 1879 ·

195 1943 289 2006 Addo
303 1943 498 2024 Gregorium,
520 1945 548 2005 4.
574 1944 680 2006 moral.
704 1946 825 2024 eupli)
849 1951 921 2025 post
944 1944 1040 2003 multa

121 2020 160 2088 'ita
179 2027 267 2088 dieit:
290 2026 352 2088 sed
375 2027 448 2106 quia
468 2027 585 2086 nullum
608 2036 767 2108 peooatum
803 2029 886 2088 Deus
910 2027 1038 2086 inultum

130 2111 250 2189 relaxat,
281 2119 333 2170 aut
355 2111 435 2170 enim
460 2129 517 2169 nos
539 2111 600 2170 hoe
622 2110 725 2171 flendo
747 2113 953 2191 insequimur,
987 2117 1041 2170 aut

131 2193 183 2272 ipse
202 2193 380 2255 iudicando.
407 2194 534 2271 Restat,
564 2204 596 2253 ut
618 2194 658 2254 ad
681 2194 930 2255 emendationem
953 2213 1040 2254 suam

133 2295 238 2357 semper
263 2296 348 2337 mens
372 2277 502 2336 solerter
523 2277 670 2356 invigilet.

198 2361 267 2421 Hoo
289 2362 385 2420 sensit
408 2366 440 2420 et
460 2360 495 2418 B.
506 2359 723 2442 Hieronymus,
748 2360 841 2420 verba
865 2380 920 2420 sua
943 2369 1038 2420 trans·

135 2445 230 2523 soripta
259 2450 332 2503 sunt
359 2462 426 2504 ean.
449 2443 634 2520 Mensorum,
657 2443 698 2505 de.
718 2445 886 2522 poenitent.
914 2444 981 2503 dist.
1008 2449 1040 2506 l:

134 2523 291 2586 llensuram
314 2527 462 2605 temporis
499 2527 531 2585 in
554 2526 676 2606 agenda
705 2528 896 2605 poenitentia
925 2527 1040 2587 ideireo

135 2626 184 2668 non
204 2611 276 2670 satis
288 2608 461 2689 praefigunt
475 2609 619 2670 Oenones
632 2630 688 2689 pro
704 2628 891 2689 unoquoque
905 2613 1041 2688 erimine,

135 2698 160 2751 nt
178 2693 214 2754 de
234 2693 363 2773 singulis
384 2694 501 2771 dieunt,
526 2694 656 2771 qualiter
679 2693 917 2772 unumquodque
941 2714 1042 2753 emen-

136 2773 253 2836 dandum
275 2780 330 2855 sit,
362 2775 418 2835 sed
440 2777 537 2856 magis
560 2777 591 2835 in
614 2777 738 2837 arbitrio
762 2777 932 2836 sacerdotis
954 2777 1041 2836 intel-

136 2855 241 2938 ligentis
257 2859 490 2938 relinquendum
515 2867 660 2937 statuunt,
681 2862 753 2940 quia
766 2860 848 2939 apud
857 2861 955 2919 Deum
978 2880 1040 2919 non

137 2951 186 3002 tum
207 2944 289 3004 valet
312 2962 455 3003 mensura
477 2945 634 3022 temporis,
658 2962 748 3021 qnam
771 2943 898 3003 doloris.

205 3028 406 3108 augustinum
426 3045 550 3106 quoque
571 3027 663 3086 refert
677 3029 707 3086 in
732 3045 798 3087 ean.
820 3027 945 3086 Nullus:
967 3025 1043 3087 Nul-

139 3105 173 3167 lus
192 3110 312 3171 debitae
351 3112 499 3191 gravioris
528 3130 650 3190 poenae
677 3112 789 3190 aeoipit
810 3112 952 3188 veniam,
985 3111 1043 3170 nisi

140 3194 364 3273 qualemcunque
395 3196 453 3254 etsi
480 3194 574 3274 longe
602 3196 768 3271 minorem,
801 3213 892 3273 quam
921 3193 1042 3271 debeat,

140 3290 254 3349 poenam
276 3280 419 3356 solverit,
448 3280 491 3338 ita
521 3282 602 3340 enim
630 3279 840 3357 impertitura
862 3279 929 3338 Deo
952 3278 1042 3357 largi·

142 3366 177 3415 tas
196 3361 428 3440 misericordiae,
451 3370 483 3421 ut
505 3383 567 3423 non
589 3361 777 3440 relinquatur
799 3363 932 3422 iustitiae
955 3363 1043 3422 disai-

142 3439 216 3515 plina,
251 3446 308 3506 Hie
329 3446 424 3506 habet
445 3445 645 3507 Reverendus
668 3448 758 3507 Pater
780 3448 985 3527 Augustinum
1010 3446 1040 3524 1)

144 3606 484 3623 x—-1—*———u

172 3729 196 3788 ll
215 3731 242 3782 ln
261 3732 303 3784 ed.
322 3735 421 3801 origin.
440 3733 485 3785 hio
511 3736 550 3785 ita
567 3734 685 3802 legitur:
723 3733 775 3786 llio
802 3736 885 3788 habet
913 3735 1041 3804 egregius

147 3792 170 3847 D.
185 3798 214 3855 D.
231 3804 436 3858 (Jorolostadins
455 3805 641 3874 Augustinnm
661 3812 712 3858 eto.
