<?xml version="1.0" encoding="UTF-8"?>
<!DOCTYPE html PUBLIC "-//W3C//DTD XHTML 1.0 Transitional//EN"
    "http://www.w3.org/TR/xhtml1/DTD/xhtml1-transitional.dtd">
<html xmlns="http://www.w3.org/1999/xhtml" xml:lang="en" lang="en">
 <head>
  <title>
</title>
<meta http-equiv="Content-Type" content="text/html;charset=utf-8" />
  <meta name='ocr-system' content='tesseract 3.04.00' />
  <meta name='ocr-capabilities' content='ocr_page ocr_carea ocr_par ocr_line ocrx_word'/>
</head>
<body>
  <div class='ocr_page' id='page_1' title='image "./dmartinilutheri04luthgoog_0996.png"; bbox 0 0 2346 4208; ppageno 0'>
   <div class='ocr_carea' id='block_1_1' title="bbox 374 239 1042 313">
    <p class='ocr_par' dir='ltr' id='par_1_1' title="bbox 374 239 1042 313">
     <span class='ocr_line' id='line_1_1' title="bbox 374 239 1042 313; baseline 0.025 -20"><span class='ocrx_word' id='word_1_1' title='bbox 374 239 408 294; x_wconf 93' lang='lat' dir='ltr'>de</span> <span class='ocrx_word' id='word_1_2' title='bbox 427 241 560 309; x_wconf 83' lang='lat' dir='ltr'>mysterio</span> <span class='ocrx_word' id='word_1_3' title='bbox 580 241 608 303; x_wconf 78' lang='lat' dir='ltr'>S·</span> <span class='ocrx_word' id='word_1_4' title='bbox 626 241 777 297; x_wconf 74' lang='lat' dir='ltr'><strong>Trinitatis.</strong></span> <span class='ocrx_word' id='word_1_5' title='bbox 979 239 1042 313; x_wconf 68' lang='grc'>471</span> 
     </span>
    </p>
   </div>
   <div class='ocr_carea' id='block_1_2' title="bbox 83 428 1100 3827">
    <p class='ocr_par' dir='ltr' id='par_1_2' title="bbox 123 428 1044 573">
     <span class='ocr_line' id='line_1_2' title="bbox 123 428 1044 511; baseline 0.001 -21"><span class='ocrx_word' id='word_1_6' title='bbox 123 432 155 491; x_wconf 92' lang='lat' dir='ltr'>et</span> <span class='ocrx_word' id='word_1_7' title='bbox 187 428 320 511; x_wconf 72' lang='lat' dir='ltr'>trinum,</span> <span class='ocrx_word' id='word_1_8' title='bbox 355 428 491 493; x_wconf 88' lang='lat' dir='ltr'>omnium</span> <span class='ocrx_word' id='word_1_9' title='bbox 518 447 636 507; x_wconf 80' lang='lat' dir='ltr'>rerum,</span> <span class='ocrx_word' id='word_1_10' title='bbox 673 433 762 499; x_wconf 79' lang='lat' dir='ltr'>extra</span> <span class='ocrx_word' id='word_1_11' title='bbox 793 447 845 506; x_wconf 89' lang='lat' dir='ltr'>se,</span> <span class='ocrx_word' id='word_1_12' title='bbox 873 434 1044 493; x_wconf 73' lang='lat' dir='ltr'><strong>creatorem</strong></span> 
     </span>
     <span class='ocr_line' id='line_1_3' title="bbox 123 531 256 573; baseline -0.015 0"><span class='ocrx_word' id='word_1_13' title='bbox 123 531 256 573; x_wconf 90' lang='lat' dir='ltr'>umeum.</span> 
     </span>
    </p>

    <p class='ocr_par' dir='ltr' id='par_1_3' title="bbox 122 592 1044 822">
     <span class='ocr_line' id='line_1_4' title="bbox 206 592 1044 674; baseline 0 -20"><span class='ocrx_word' id='word_1_14' title='bbox 206 597 235 660; x_wconf 66' lang='lat' dir='ltr'>Ca</span> <span class='ocrx_word' id='word_1_15' title='bbox 257 593 304 654; x_wconf 83' lang='lat' dir='ltr'>Aa</span> <span class='ocrx_word' id='word_1_16' title='bbox 324 593 351 653; x_wconf 89' lang='lat' dir='ltr'>ei</span> <span class='ocrx_word' id='word_1_17' title='bbox 370 592 421 657; x_wconf 87' lang='lat' dir='ltr'>hie</span> <span class='ocrx_word' id='word_1_18' title='bbox 442 592 559 674; x_wconf 86' lang='lat' dir='ltr'>aliquid</span> <span class='ocrx_word' id='word_1_19' title='bbox 574 592 726 665; x_wconf 63' lang='lat' dir='ltr'>diceretur</span> <span class='ocrx_word' id='word_1_20' title='bbox 740 595 918 674; x_wconf 79' lang='lat' dir='ltr'>impropria,</span> <span class='ocrx_word' id='word_1_21' title='bbox 941 600 1044 655; x_wconf 86' lang='lat' dir='ltr'>tamen</span> 
     </span>
     <span class='ocr_line' id='line_1_5' title="bbox 122 675 1044 822; baseline 0.002 -84"><span class='ocrx_word' id='word_1_22' title='bbox 122 696 176 822; x_wconf 47' lang='lat' dir='ltr'>{aal</span> <span class='ocrx_word' id='word_1_23' title='bbox 195 677 263 757; x_wconf 89' lang='lat' dir='ltr'>ipsa</span> <span class='ocrx_word' id='word_1_24' title='bbox 284 675 479 741; x_wconf 87' lang='lat' dir='ltr'>defendenda</span> <span class='ocrx_word' id='word_1_25' title='bbox 502 682 549 739; x_wconf 88' lang='lat' dir='ltr'>est</span> <span class='ocrx_word' id='word_1_26' title='bbox 569 676 818 757; x_wconf 66' lang='lat' dir='ltr'>perscripturus</span> <span class='ocrx_word' id='word_1_27' title='bbox 851 684 961 739; x_wconf 87' lang='lat' dir='ltr'>eontra</span> <span class='ocrx_word' id='word_1_28' title='bbox 982 677 1044 740; x_wconf 74' lang='lat' dir='ltr'>dia</span> 
     </span>
    </p>

    <p class='ocr_par' dir='ltr' id='par_1_4' title="bbox 144 779 241 822">
     <span class='ocr_line' id='line_1_6' title="bbox 144 779 241 822; baseline 0.01 -1"><span class='ocrx_word' id='word_1_29' title='bbox 144 779 241 822; x_wconf 89' lang='lat' dir='ltr'>oum.</span> 
     </span>
    </p>

    <p class='ocr_par' dir='ltr' id='par_1_5' title="bbox 122 834 1043 1090">
     <span class='ocr_line' id='line_1_7' title="bbox 206 834 1042 927; baseline 0.002 -25"><span class='ocrx_word' id='word_1_30' title='bbox 206 844 234 921; x_wconf 76' lang='grc'>7.</span> <span class='ocrx_word' id='word_1_31' title='bbox 257 840 343 903; x_wconf 89' lang='lat' dir='ltr'>Haee</span> <span class='ocrx_word' id='word_1_32' title='bbox 366 843 466 903; x_wconf 86' lang='lat' dir='ltr'>unitas</span> <span class='ocrx_word' id='word_1_33' title='bbox 487 842 646 904; x_wconf 76' lang='lat' dir='ltr'>Trinitatis</span> <span class='ocrx_word' id='word_1_34' title='bbox 672 840 723 927; x_wconf 83' lang='lat' dir='ltr'>(ut</span> <span class='ocrx_word' id='word_1_35' title='bbox 745 843 790 905; x_wconf 85' lang='lat' dir='ltr'>sis</span> <span class='ocrx_word' id='word_1_36' title='bbox 813 834 970 921; x_wconf 87' lang='lat' dir='ltr'>dieamus)</span> <span class='ocrx_word' id='word_1_37' title='bbox 995 850 1042 905; x_wconf 90' lang='lat' dir='ltr'>eet</span> 
     </span>
     <span class='ocr_line' id='line_1_8' title="bbox 122 925 1043 1006; baseline 0.001 -20"><span class='ocrx_word' id='word_1_38' title='bbox 122 926 220 1006; x_wconf 86' lang='lat' dir='ltr'>magis</span> <span class='ocrx_word' id='word_1_39' title='bbox 244 945 315 1002; x_wconf 87' lang='lat' dir='ltr'>una,</span> <span class='ocrx_word' id='word_1_40' title='bbox 338 944 428 1005; x_wconf 89' lang='lat' dir='ltr'>quam</span> <span class='ocrx_word' id='word_1_41' title='bbox 451 925 543 987; x_wconf 90' lang='lat' dir='ltr'>ullius</span> <span class='ocrx_word' id='word_1_42' title='bbox 566 932 733 1006; x_wconf 80' lang='lat' dir='ltr'>creaturae,</span> <span class='ocrx_word' id='word_1_43' title='bbox 757 927 851 987; x_wconf 90' lang='lat' dir='ltr'>etiam</span> <span class='ocrx_word' id='word_1_44' title='bbox 874 926 1043 988; x_wconf 88' lang='lat' dir='ltr'>mathema-</span> 
     </span>
     <span class='ocr_line' id='line_1_9' title="bbox 123 1009 477 1090; baseline -0.014 -20"><span class='ocrx_word' id='word_1_45' title='bbox 123 1011 204 1070; x_wconf 88' lang='lat' dir='ltr'>tieae</span> <span class='ocrx_word' id='word_1_46' title='bbox 226 1009 337 1072; x_wconf 77' lang='lat' dir='ltr'>unitas.</span> <span class='ocrx_word' id='word_1_47' title='bbox 474 1085 477 1090; x_wconf 18' lang='grc'>1</span> 
     </span>
    </p>

    <p class='ocr_par' dir='ltr' id='par_1_6' title="bbox 122 1087 1044 1256">
     <span class='ocr_line' id='line_1_10' title="bbox 206 1087 1044 1161; baseline -0.002 -6"><span class='ocrx_word' id='word_1_48' title='bbox 206 1090 234 1155; x_wconf 88' lang='grc'>8.</span> <span class='ocrx_word' id='word_1_49' title='bbox 264 1090 363 1155; x_wconf 75' lang='lat' dir='ltr'>Simul</span> <span class='ocrx_word' id='word_1_50' title='bbox 395 1090 592 1152; x_wconf 86' lang='lat' dir='ltr'>nihilominus</span> <span class='ocrx_word' id='word_1_51' title='bbox 630 1087 711 1161; x_wconf 85' lang='lat' dir='ltr'>haee</span> <span class='ocrx_word' id='word_1_52' title='bbox 738 1091 838 1152; x_wconf 86' lang='lat' dir='ltr'>unitas</span> <span class='ocrx_word' id='word_1_53' title='bbox 876 1100 923 1153; x_wconf 89' lang='lat' dir='ltr'>est</span> <span class='ocrx_word' id='word_1_54' title='bbox 948 1091 1044 1153; x_wconf 84' lang='lat' dir='ltr'>Trini-</span> 
     </span>
     <span class='ocr_line' id='line_1_11' title="bbox 122 1173 1008 1256; baseline 0 -20"><span class='ocrx_word' id='word_1_55' title='bbox 122 1181 181 1252; x_wconf 84' lang='lat' dir='ltr'>tas,</span> <span class='ocrx_word' id='word_1_56' title='bbox 205 1193 260 1234; x_wconf 90' lang='lat' dir='ltr'>seu</span> <span class='ocrx_word' id='word_1_57' title='bbox 283 1175 373 1234; x_wconf 92' lang='lat' dir='ltr'>trium</span> <span class='ocrx_word' id='word_1_58' title='bbox 395 1192 596 1256; x_wconf 79' lang='lat' dir='ltr'>personarum</span> <span class='ocrx_word' id='word_1_59' title='bbox 619 1173 830 1236; x_wconf 74' lang='lat' dir='ltr'>distinctarum</span> <span class='ocrx_word' id='word_1_60' title='bbox 854 1174 1008 1236; x_wconf 89' lang='lat' dir='ltr'>divinitae.</span> 
     </span>
    </p>

    <p class='ocr_par' dir='ltr' id='par_1_7' title="bbox 122 1256 1044 1405">
     <span class='ocr_line' id='line_1_12' title="bbox 205 1256 1044 1339; baseline -0.005 -17"><span class='ocrx_word' id='word_1_61' title='bbox 205 1260 234 1322; x_wconf 88' lang='grc'>9.</span> <span class='ocrx_word' id='word_1_62' title='bbox 256 1257 298 1318; x_wconf 92' lang='lat' dir='ltr'>Ut</span> <span class='ocrx_word' id='word_1_63' title='bbox 320 1256 476 1338; x_wconf 89' lang='lat' dir='ltr'>quaelibet</span> <span class='ocrx_word' id='word_1_64' title='bbox 498 1275 633 1339; x_wconf 83' lang='lat' dir='ltr'>persona</span> <span class='ocrx_word' id='word_1_65' title='bbox 657 1259 705 1339; x_wconf 85' lang='lat' dir='ltr'>eit</span> <span class='ocrx_word' id='word_1_66' title='bbox 719 1258 788 1338; x_wconf 84' lang='lat' dir='ltr'>ipse</span> <span class='ocrx_word' id='word_1_67' title='bbox 811 1257 1044 1337; x_wconf 83' lang='lat' dir='ltr'>totadivinitas,</span> 
     </span>
     <span class='ocr_line' id='line_1_13' title="bbox 122 1334 977 1405; baseline -0.002 -3"><span class='ocrx_word' id='word_1_68' title='bbox 122 1359 161 1402; x_wconf 84' lang='lat' dir='ltr'>aa</span> <span class='ocrx_word' id='word_1_69' title='bbox 180 1339 205 1400; x_wconf 88' lang='lat' dir='ltr'>si</span> <span class='ocrx_word' id='word_1_70' title='bbox 228 1334 314 1401; x_wconf 90' lang='lat' dir='ltr'>nulla</span> <span class='ocrx_word' id='word_1_71' title='bbox 335 1348 418 1402; x_wconf 89' lang='lat' dir='ltr'>esset</span> <span class='ocrx_word' id='word_1_72' title='bbox 439 1338 510 1405; x_wconf 85' lang='lat' dir='ltr'>alia.</span> <span class='ocrx_word' id='word_1_73' title='bbox 975 1352 977 1357; x_wconf 83' lang='grc'><strong>’</strong></span> 
     </span>
    </p>

    <p class='ocr_par' dir='ltr' id='par_1_8' title="bbox 122 1418 1045 1587">
     <span class='ocr_line' id='line_1_14' title="bbox 187 1418 1045 1507; baseline -0.005 -20"><span class='ocrx_word' id='word_1_74' title='bbox 187 1425 234 1487; x_wconf 89' lang='grc'>10.</span> <span class='ocrx_word' id='word_1_75' title='bbox 257 1420 298 1483; x_wconf 79' lang='lat' dir='ltr'>Et</span> <span class='ocrx_word' id='word_1_76' title='bbox 319 1429 422 1485; x_wconf 90' lang='lat' dir='ltr'>tamen</span> <span class='ocrx_word' id='word_1_77' title='bbox 445 1418 550 1484; x_wconf 83' lang='lat' dir='ltr'>verum</span> <span class='ocrx_word' id='word_1_78' title='bbox 573 1427 629 1503; x_wconf 85' lang='lat' dir='ltr'>est,</span> <span class='ocrx_word' id='word_1_79' title='bbox 652 1422 766 1482; x_wconf 89' lang='lat' dir='ltr'>nuliam</span> <span class='ocrx_word' id='word_1_80' title='bbox 789 1441 954 1502; x_wconf 89' lang='lat' dir='ltr'>personam</span> <span class='ocrx_word' id='word_1_81' title='bbox 976 1443 1045 1507; x_wconf 82' lang='lat' dir='ltr'>esse</span> 
     </span>
     <span class='ocr_line' id='line_1_15' title="bbox 122 1502 965 1587; baseline -0.004 -20"><span class='ocrx_word' id='word_1_82' title='bbox 122 1504 232 1584; x_wconf 84' lang='lat' dir='ltr'>solam,</span> <span class='ocrx_word' id='word_1_83' title='bbox 255 1508 343 1587; x_wconf 81' lang='lat' dir='ltr'>quasi</span> <span class='ocrx_word' id='word_1_84' title='bbox 364 1507 425 1567; x_wconf 80' lang='lat' dir='ltr'>aira</span> <span class='ocrx_word' id='word_1_85' title='bbox 446 1517 510 1567; x_wconf 77' lang='lat' dir='ltr'>n&#39;on</span> <span class='ocrx_word' id='word_1_86' title='bbox 532 1508 581 1584; x_wconf 81' lang='lat' dir='ltr'>eit,</span> <span class='ocrx_word' id='word_1_87' title='bbox 603 1506 806 1567; x_wconf 86' lang='lat' dir='ltr'>divinitatem.</span> <span class='ocrx_word' id='word_1_88' title='bbox 895 1545 899 1553; x_wconf 53' lang='lat'><em>1</em></span> <span class='ocrx_word' id='word_1_89' title='bbox 949 1502 965 1516; x_wconf 85' lang='lat'>&#39;&#39;</span> 
     </span>
    </p>

    <p class='ocr_par' dir='ltr' id='par_1_9' title="bbox 123 1584 1046 1752">
     <span class='ocr_line' id='line_1_16' title="bbox 188 1584 1046 1669; baseline -0.005 -17"><span class='ocrx_word' id='word_1_90' title='bbox 188 1591 235 1652; x_wconf 83' lang='lat'>11.</span> <span class='ocrx_word' id='word_1_91' title='bbox 264 1587 352 1650; x_wconf 86' lang='lat' dir='ltr'>Haee</span> <span class='ocrx_word' id='word_1_92' title='bbox 387 1588 544 1650; x_wconf 78' lang='lat' dir='ltr'>distinctio</span> <span class='ocrx_word' id='word_1_93' title='bbox 577 1608 779 1669; x_wconf 87' lang='lat' dir='ltr'>personarum</span> <span class='ocrx_word' id='word_1_94' title='bbox 819 1584 898 1649; x_wconf 88' lang='lat' dir='ltr'>adeo</span> <span class='ocrx_word' id='word_1_95' title='bbox 931 1595 1046 1669; x_wconf 83' lang='lat' dir='ltr'>inagna</span> 
     </span>
     <span class='ocr_line' id='line_1_17' title="bbox 123 1670 943 1752; baseline 0.004 -21"><span class='ocrx_word' id='word_1_96' title='bbox 123 1679 182 1751; x_wconf 90' lang='lat' dir='ltr'>est,</span> <span class='ocrx_word' id='word_1_97' title='bbox 203 1677 237 1731; x_wconf 93' lang='lat' dir='ltr'>ut</span> <span class='ocrx_word' id='word_1_98' title='bbox 256 1670 335 1733; x_wconf 84' lang='lat' dir='ltr'>sole·</span> <span class='ocrx_word' id='word_1_99' title='bbox 347 1671 401 1732; x_wconf 86' lang='lat' dir='ltr'>filii</span> <span class='ocrx_word' id='word_1_100' title='bbox 423 1691 558 1752; x_wconf 86' lang='lat' dir='ltr'>persona</span> <span class='ocrx_word' id='word_1_101' title='bbox 575 1672 755 1732; x_wconf 81' lang='lat' dir='ltr'>assumserit</span> <span class='ocrx_word' id='word_1_102' title='bbox 775 1671 943 1739; x_wconf 90' lang='lat' dir='ltr'>hominem.</span> 
     </span>
    </p>

    <p class='ocr_par' dir='ltr' id='par_1_10' title="bbox 122 1752 1046 1917">
     <span class='ocr_line' id='line_1_18' title="bbox 186 1752 1046 1835; baseline -0.005 -17"><span class='ocrx_word' id='word_1_103' title='bbox 186 1757 232 1818; x_wconf 85' lang='lat'>12.</span> <span class='ocrx_word' id='word_1_104' title='bbox 262 1754 357 1816; x_wconf 81' lang='lat' dir='ltr'>Error</span> <span class='ocrx_word' id='word_1_105' title='bbox 385 1764 434 1817; x_wconf 86' lang='lat' dir='ltr'>est</span> <span class='ocrx_word' id='word_1_106' title='bbox 455 1757 553 1834; x_wconf 86' lang='lat' dir='ltr'>enim,</span> <span class='ocrx_word' id='word_1_107' title='bbox 583 1755 665 1835; x_wconf 88' lang='lat' dir='ltr'>quod</span> <span class='ocrx_word' id='word_1_108' title='bbox 693 1755 744 1816; x_wconf 88' lang='lat' dir='ltr'>vel</span> <span class='ocrx_word' id='word_1_109' title='bbox 766 1752 920 1821; x_wconf 73' lang='lat' dir='ltr'>Peter‘sit</span> <span class='ocrx_word' id='word_1_110' title='bbox 940 1753 1046 1832; x_wconf 76' lang='lat' dir='ltr'>Filius,</span> 
     </span>
     <span class='ocr_line' id='line_1_19' title="bbox 122 1837 943 1917; baseline 0.002 -20"><span class='ocrx_word' id='word_1_111' title='bbox 122 1837 173 1898; x_wconf 87' lang='lat' dir='ltr'>vel</span> <span class='ocrx_word' id='word_1_112' title='bbox 194 1837 287 1898; x_wconf 86' lang='lat' dir='ltr'>Pater</span> <span class='ocrx_word' id='word_1_113' title='bbox 308 1838 348 1898; x_wconf 91' lang='lat' dir='ltr'>sit</span> <span class='ocrx_word' id='word_1_114' title='bbox 369 1839 464 1900; x_wconf 88' lang='lat' dir='ltr'>homo</span> <span class='ocrx_word' id='word_1_115' title='bbox 487 1839 597 1909; x_wconf 65' lang='lat' dir='ltr'>saeua</span> <span class='ocrx_word' id='word_1_116' title='bbox 940 1912 943 1917; x_wconf 27' lang='grc' dir='ltr'>Ι</span> 
     </span>
    </p>

    <p class='ocr_par' dir='ltr' id='par_1_11' title="bbox 122 1917 1100 2150">
     <span class='ocr_line' id='line_1_20' title="bbox 186 1917 1100 2001; baseline -0.005 -18"><span class='ocrx_word' id='word_1_117' title='bbox 186 1921 234 1985; x_wconf 82' lang='grc'>13.</span> <span class='ocrx_word' id='word_1_118' title='bbox 261 1919 355 1982; x_wconf 81' lang='lat' dir='ltr'>Error</span> <span class='ocrx_word' id='word_1_119' title='bbox 375 1922 480 2001; x_wconf 88' lang='lat' dir='ltr'>itaque</span> <span class='ocrx_word' id='word_1_120' title='bbox 502 1925 549 1982; x_wconf 91' lang='lat' dir='ltr'>est</span> <span class='ocrx_word' id='word_1_121' title='bbox 570 1919 714 1981; x_wconf 88' lang='lat' dir='ltr'>universa</span> <span class='ocrx_word' id='word_1_122' title='bbox 736 1918 968 2001; x_wconf 81' lang='lat' dir='ltr'>mathematica,</span> <span class='ocrx_word' id='word_1_123' title='bbox 1000 1920 1045 1999; x_wconf 93' lang='lat' dir='ltr'>ip·</span> <span class='ocrx_word' id='word_1_124' title='bbox 1096 1917 1100 1924; x_wconf 84' lang='grc'><em>“</em></span> 
     </span>
     <span class='ocr_line' id='line_1_21' title="bbox 122 2001 1047 2091; baseline -0.002 -27"><span class='ocrx_word' id='word_1_125' title='bbox 122 2020 219 2082; x_wconf 84' lang='lat' dir='ltr'>saque</span> <span class='ocrx_word' id='word_1_126' title='bbox 239 2003 359 2065; x_wconf 82' lang='lat' dir='ltr'>fortiter</span> <span class='ocrx_word' id='word_1_127' title='bbox 380 2003 597 2086; x_wconf 81' lang='lat' dir='ltr'>emeiflgenda‚</span> <span class='ocrx_word' id='word_1_128' title='bbox 622 2003 694 2063; x_wconf 89' lang='lat' dir='ltr'>dum</span> <span class='ocrx_word' id='word_1_129' title='bbox 717 2001 756 2064; x_wconf 88' lang='lat' dir='ltr'>de</span> <span class='ocrx_word' id='word_1_130' title='bbox 778 2005 847 2084; x_wconf 85' lang='lat' dir='ltr'>ipso</span> <span class='ocrx_word' id='word_1_131' title='bbox 863 2002 930 2091; x_wconf 75' lang='lat' dir='ltr'>Deo</span> <span class='ocrx_word' id='word_1_132' title='bbox 954 2021 1047 2082; x_wconf 88' lang='lat' dir='ltr'>quae-</span> 
     </span>
     <span class='ocr_line' id='line_1_22' title="bbox 122 2088 1043 2150; baseline -0.003 -2"><span class='ocrx_word' id='word_1_133' title='bbox 122 2088 208 2150; x_wconf 82' lang='lat' dir='ltr'>ritur.</span> <span class='ocrx_word' id='word_1_134' title='bbox 408 2091 411 2099; x_wconf 90' lang='lat'>&#39;</span> <span class='ocrx_word' id='word_1_135' title='bbox 1040 2088 1043 2095; x_wconf 85' lang='lat'>&#39;</span> 
     </span>
    </p>

    <p class='ocr_par' dir='ltr' id='par_1_12' title="bbox 123 2167 1046 2399">
     <span class='ocr_line' id='line_1_23' title="bbox 187 2167 1046 2252; baseline -0.003 -20"><span class='ocrx_word' id='word_1_136' title='bbox 187 2170 235 2232; x_wconf 90' lang='grc'>14.</span> <span class='ocrx_word' id='word_1_137' title='bbox 258 2169 381 2232; x_wconf 82' lang='lat' dir='ltr'>Leviter</span> <span class='ocrx_word' id='word_1_138' title='bbox 403 2176 434 2230; x_wconf 91' lang='lat' dir='ltr'>et</span> <span class='ocrx_word' id='word_1_139' title='bbox 454 2170 564 2252; x_wconf 84' lang='lat' dir='ltr'>frigide</span> <span class='ocrx_word' id='word_1_140' title='bbox 588 2169 790 2232; x_wconf 79' lang='lat' dir='ltr'>consolantur</span> <span class='ocrx_word' id='word_1_141' title='bbox 808 2188 866 2230; x_wconf 90' lang='lat' dir='ltr'>nos</span> <span class='ocrx_word' id='word_1_142' title='bbox 879 2167 991 2230; x_wconf 80' lang='lat' dir='ltr'>Scotus</span> <span class='ocrx_word' id='word_1_143' title='bbox 1014 2174 1046 2229; x_wconf 89' lang='lat' dir='ltr'>et</span> 
     </span>
     <span class='ocr_line' id='line_1_24' title="bbox 123 2244 1046 2316; baseline -0.002 -1"><span class='ocrx_word' id='word_1_144' title='bbox 123 2250 307 2315; x_wconf 73' lang='lat' dir='ltr'>Scholastiei</span> <span class='ocrx_word' id='word_1_145' title='bbox 336 2272 406 2316; x_wconf 89' lang='lat' dir='ltr'>eum</span> <span class='ocrx_word' id='word_1_146' title='bbox 437 2255 499 2315; x_wconf 84' lang='lat' dir='ltr'>snie</span> <span class='ocrx_word' id='word_1_147' title='bbox 528 2253 776 2314; x_wconf 73' lang='lat' dir='ltr'>distinctionibus</span> <span class='ocrx_word' id='word_1_148' title='bbox 808 2244 987 2313; x_wconf 76' lang='lat' dir='ltr'>formalibus</span> <span class='ocrx_word' id='word_1_149' title='bbox 1016 2259 1046 2314; x_wconf 87' lang='lat' dir='ltr'>et</span> 
     </span>
     <span class='ocr_line' id='line_1_25' title="bbox 124 2334 267 2399; baseline 0.007 -1"><span class='ocrx_word' id='word_1_150' title='bbox 124 2334 267 2399; x_wconf 85' lang='lat' dir='ltr'>realibus.</span> 
     </span>
    </p>

    <p class='ocr_par' dir='ltr' id='par_1_13' title="bbox 123 2417 1046 2646">
     <span class='ocr_line' id='line_1_26' title="bbox 185 2417 1046 2503; baseline -0.005 -21"><span class='ocrx_word' id='word_1_151' title='bbox 185 2421 234 2482; x_wconf 80' lang='lat'>15.</span> <span class='ocrx_word' id='word_1_152' title='bbox 256 2417 337 2493; x_wconf 80' lang='lat' dir='ltr'>Quin</span> <span class='ocrx_word' id='word_1_153' title='bbox 359 2417 509 2503; x_wconf 72' lang='lat' dir='ltr'>Magister</span> <span class='ocrx_word' id='word_1_154' title='bbox 530 2417 757 2480; x_wconf 73' lang='lat' dir='ltr'>Sententiarum</span> <span class='ocrx_word' id='word_1_155' title='bbox 779 2437 842 2480; x_wconf 88' lang='lat' dir='ltr'>non</span> <span class='ocrx_word' id='word_1_156' title='bbox 866 2419 940 2479; x_wconf 87' lang='lat' dir='ltr'>satie</span> <span class='ocrx_word' id='word_1_157' title='bbox 962 2424 1046 2479; x_wconf 88' lang='lat' dir='ltr'>reete</span> 
     </span>
     <span class='ocr_line' id='line_1_27' title="bbox 123 2496 1046 2582; baseline 0 -20"><span class='ocrx_word' id='word_1_158' title='bbox 123 2499 245 2578; x_wconf 77' lang='lat' dir='ltr'>docuit,</span> <span class='ocrx_word' id='word_1_159' title='bbox 277 2503 443 2562; x_wconf 88' lang='lat' dir='ltr'>essentiam</span> <span class='ocrx_word' id='word_1_160' title='bbox 479 2496 613 2562; x_wconf 80' lang='lat' dir='ltr'>divinam</span> <span class='ocrx_word' id='word_1_161' title='bbox 643 2519 702 2561; x_wconf 89' lang='lat' dir='ltr'>nee</span> <span class='ocrx_word' id='word_1_162' title='bbox 730 2518 881 2581; x_wconf 87' lang='lat' dir='ltr'>generare</span> <span class='ocrx_word' id='word_1_163' title='bbox 909 2518 968 2562; x_wconf 87' lang='lat' dir='ltr'>nee</span> <span class='ocrx_word' id='word_1_164' title='bbox 995 2519 1046 2582; x_wconf 83' lang='lat' dir='ltr'>ge·</span> 
     </span>
     <span class='ocr_line' id='line_1_28' title="bbox 124 2603 236 2646; baseline 0.009 -1"><span class='ocrx_word' id='word_1_165' title='bbox 124 2603 236 2646; x_wconf 83' lang='lat' dir='ltr'>nerem.</span> 
     </span>
    </p>

    <p class='ocr_par' dir='ltr' id='par_1_14' title="bbox 125 2665 1045 2831">
     <span class='ocr_line' id='line_1_29' title="bbox 189 2665 1045 2747; baseline -0.004 -17"><span class='ocrx_word' id='word_1_166' title='bbox 189 2670 237 2732; x_wconf 87' lang='grc'>16.</span> <span class='ocrx_word' id='word_1_167' title='bbox 260 2665 321 2728; x_wconf 80' lang='lat' dir='ltr'>Sed</span> <span class='ocrx_word' id='word_1_168' title='bbox 343 2673 428 2728; x_wconf 86' lang='lat' dir='ltr'>reate</span> <span class='ocrx_word' id='word_1_169' title='bbox 449 2666 488 2726; x_wconf 89' lang='lat' dir='ltr'>ab</span> <span class='ocrx_word' id='word_1_170' title='bbox 509 2666 645 2728; x_wconf 85' lang='lat' dir='ltr'>loaahim</span> <span class='ocrx_word' id='word_1_171' title='bbox 658 2665 780 2729; x_wconf 86' lang='lat' dir='ltr'>Abbate</span> <span class='ocrx_word' id='word_1_172' title='bbox 802 2667 1045 2747; x_wconf 86' lang='lat' dir='ltr'>reprehenditur,</span> 
     </span>
     <span class='ocr_line' id='line_1_30' title="bbox 125 2749 857 2831; baseline 0 -19"><span class='ocrx_word' id='word_1_173' title='bbox 125 2749 209 2831; x_wconf 88' lang='lat' dir='ltr'>quod</span> <span class='ocrx_word' id='word_1_174' title='bbox 231 2751 263 2809; x_wconf 93' lang='lat' dir='ltr'>in</span> <span class='ocrx_word' id='word_1_175' title='bbox 286 2749 398 2809; x_wconf 81' lang='lat' dir='ltr'>divinis</span> <span class='ocrx_word' id='word_1_176' title='bbox 418 2750 658 2828; x_wconf 81' lang='lat' dir='ltr'>quaternitatem</span> <span class='ocrx_word' id='word_1_177' title='bbox 681 2752 857 2813; x_wconf 81' lang='lat' dir='ltr'>asseruerit</span> 
     </span>
    </p>

    <p class='ocr_par' dir='ltr' id='par_1_15' title="bbox 83 2831 1049 3246">
     <span class='ocr_line' id='line_1_31' title="bbox 188 2831 1047 2913; baseline -0.003 -15"><span class='ocrx_word' id='word_1_178' title='bbox 188 2833 238 2898; x_wconf 88' lang='grc'>17.</span> <span class='ocrx_word' id='word_1_179' title='bbox 260 2832 327 2893; x_wconf 87' lang='lat' dir='ltr'>Nee</span> <span class='ocrx_word' id='word_1_180' title='bbox 348 2831 514 2913; x_wconf 83' lang='lat' dir='ltr'>quidquam</span> <span class='ocrx_word' id='word_1_181' title='bbox 537 2833 612 2892; x_wconf 86' lang='lat' dir='ltr'>faeit</span> <span class='ocrx_word' id='word_1_182' title='bbox 625 2832 658 2899; x_wconf 83' lang='grc' dir='ltr'>Ο.</span> <span class='ocrx_word' id='word_1_183' title='bbox 671 2833 812 2893; x_wconf 82' lang='lat' dir='ltr'>Firmiter</span> <span class='ocrx_word' id='word_1_184' title='bbox 833 2833 873 2893; x_wconf 87' lang='lat' dir='ltr'>de</span> <span class='ocrx_word' id='word_1_185' title='bbox 886 2833 1047 2912; x_wconf 80' lang='lat' dir='ltr'>Trinitata,</span> 
     </span>
     <span class='ocr_line' id='line_1_32' title="bbox 83 2914 882 2998; baseline -0.004 -18"><span class='ocrx_word' id='word_1_186' title='bbox 83 2972 86 2980; x_wconf 92' lang='lat'>.</span> <span class='ocrx_word' id='word_1_187' title='bbox 125 2916 263 2998; x_wconf 84' lang='lat' dir='ltr'>prebens</span> <span class='ocrx_word' id='word_1_188' title='bbox 286 2916 466 2997; x_wconf 79' lang='lat' dir='ltr'>Magistrum</span> <span class='ocrx_word' id='word_1_189' title='bbox 489 2922 521 2979; x_wconf 89' lang='lat' dir='ltr'>et</span> <span class='ocrx_word' id='word_1_190' title='bbox 542 2914 693 2979; x_wconf 85' lang='lat' dir='ltr'>damnans</span> <span class='ocrx_word' id='word_1_191' title='bbox 716 2914 882 2979; x_wconf 82' lang='lat' dir='ltr'>Abbatem.</span> 
     </span>
     <span class='ocr_line' id='line_1_33' title="bbox 112 2997 1049 3081; baseline 0.002 -19"><span class='ocrx_word' id='word_1_192' title='bbox 112 3071 116 3078; x_wconf 27' lang='lat'>¹</span> <span class='ocrx_word' id='word_1_193' title='bbox 188 3000 238 3064; x_wconf 86' lang='grc'>18.</span> <span class='ocrx_word' id='word_1_194' title='bbox 263 2998 339 3060; x_wconf 80' lang='lat' dir='ltr'>Cum</span> <span class='ocrx_word' id='word_1_195' title='bbox 362 3000 444 3063; x_wconf 85' lang='lat' dir='ltr'>enirn</span> <span class='ocrx_word' id='word_1_196' title='bbox 466 3018 581 3080; x_wconf 83' lang='lat' dir='ltr'>negare</span> <span class='ocrx_word' id='word_1_197' title='bbox 602 3017 648 3073; x_wconf 30' lang='lat' dir='ltr'>ex·</span> <span class='ocrx_word' id='word_1_198' title='bbox 663 2997 837 3080; x_wconf 80' lang='lat' dir='ltr'>Augustino</span> <span class='ocrx_word' id='word_1_199' title='bbox 861 3018 924 3061; x_wconf 86' lang='lat' dir='ltr'>uon</span> <span class='ocrx_word' id='word_1_200' title='bbox 947 2999 1049 3081; x_wconf 84' lang='lat' dir='ltr'>potuit</span> 
     </span>
     <span class='ocr_line' id='line_1_34' title="bbox 125 3080 1047 3164; baseline -0.003 -19"><span class='ocrx_word' id='word_1_201' title='bbox 125 3083 280 3164; x_wconf 83' lang='lat' dir='ltr'>Magister,</span> <span class='ocrx_word' id='word_1_202' title='bbox 301 3082 505 3149; x_wconf 82' lang='lat' dir='ltr'>substantiam</span> <span class='ocrx_word' id='word_1_203' title='bbox 529 3082 567 3144; x_wconf 93' lang='lat' dir='ltr'>de</span> <span class='ocrx_word' id='word_1_204' title='bbox 589 3080 985 3162; x_wconf 78' lang='lat' dir='ltr'>substantia„eapientiam</span> <span class='ocrx_word' id='word_1_205' title='bbox 1008 3081 1047 3142; x_wconf 92' lang='lat' dir='ltr'>de</span> 
     </span>
     <span class='ocr_line' id='line_1_35' title="bbox 126 3167 451 3246; baseline 0 -20"><span class='ocrx_word' id='word_1_206' title='bbox 126 3167 280 3246; x_wconf 86' lang='lat' dir='ltr'>sapientia</span> <span class='ocrx_word' id='word_1_207' title='bbox 301 3167 451 3246; x_wconf 82' lang='lat' dir='ltr'>generari.</span> 
     </span>
    </p>

    <p class='ocr_par' dir='ltr' id='par_1_16' title="bbox 127 3247 1049 3411">
     <span class='ocr_line' id='line_1_36' title="bbox 192 3247 1049 3329; baseline 0 -17"><span class='ocrx_word' id='word_1_208' title='bbox 192 3251 238 3312; x_wconf 87' lang='grc'>19.</span> <span class='ocrx_word' id='word_1_209' title='bbox 267 3248 359 3309; x_wconf 84' lang='lat' dir='ltr'>Nullo</span> <span class='ocrx_word' id='word_1_210' title='bbox 395 3247 488 3311; x_wconf 87' lang='lat' dir='ltr'>modo</span> <span class='ocrx_word' id='word_1_211' title='bbox 519 3249 620 3329; x_wconf 87' lang='lat' dir='ltr'>potuit</span> <span class='ocrx_word' id='word_1_212' title='bbox 658 3266 773 3328; x_wconf 83' lang='lat' dir='ltr'>negare</span> <span class='ocrx_word' id='word_1_213' title='bbox 808 3249 974 3308; x_wconf 88' lang='lat' dir='ltr'>essentiam</span> <span class='ocrx_word' id='word_1_214' title='bbox 1010 3247 1049 3312; x_wconf 86' lang='lat' dir='ltr'>de</span> 
     </span>
     <span class='ocr_line' id='line_1_37' title="bbox 127 3330 1048 3411; baseline -0.002 -18"><span class='ocrx_word' id='word_1_215' title='bbox 127 3333 281 3411; x_wconf 84' lang='lat' dir='ltr'>essentia,</span> <span class='ocrx_word' id='word_1_216' title='bbox 305 3340 336 3393; x_wconf 91' lang='lat' dir='ltr'>et</span> <span class='ocrx_word' id='word_1_217' title='bbox 357 3331 504 3411; x_wconf 80' lang='lat' dir='ltr'>quidquid</span> <span class='ocrx_word' id='word_1_218' title='bbox 527 3331 566 3395; x_wconf 84' lang='lat' dir='ltr'>de</span> <span class='ocrx_word' id='word_1_219' title='bbox 588 3332 656 3392; x_wconf 91' lang='lat' dir='ltr'>Deo</span> <span class='ocrx_word' id='word_1_220' title='bbox 681 3349 754 3395; x_wconf 87' lang='lat' dir='ltr'>vero</span> <span class='ocrx_word' id='word_1_221' title='bbox 778 3336 841 3393; x_wconf 82' lang='lat' dir='ltr'>tum</span> <span class='ocrx_word' id='word_1_222' title='bbox 863 3330 965 3393; x_wconf 87' lang='lat' dir='ltr'>simile</span> <span class='ocrx_word' id='word_1_223' title='bbox 988 3330 1048 3391; x_wconf 87' lang='lat' dir='ltr'>diei</span> 
     </span>
    </p>

    <p class='ocr_par' dir='ltr' id='par_1_17' title="bbox 127 3421 1049 3827">
     <span class='ocr_line' id='line_1_38' title="bbox 150 3421 601 3483; baseline -0.011 1"><span class='ocrx_word' id='word_1_224' title='bbox 150 3421 243 3483; x_wconf 72' lang='lat' dir='ltr'>oues.</span> <span class='ocrx_word' id='word_1_225' title='bbox 285 3441 288 3445; x_wconf 92' lang='lat'>·</span> <span class='ocrx_word' id='word_1_226' title='bbox 599 3460 601 3467; x_wconf 50' lang='lat'>&gt;</span> 
     </span>
     <span class='ocr_line' id='line_1_39' title="bbox 127 3436 1049 3578; baseline -0.003 -20"><span class='ocrx_word' id='word_1_227' title='bbox 127 3436 149 3497; x_wconf 62' lang='lat' dir='ltr'>p</span> <span class='ocrx_word' id='word_1_228' title='bbox 189 3500 238 3564; x_wconf 82' lang='lat'>20.</span> <span class='ocrx_word' id='word_1_229' title='bbox 260 3497 491 3576; x_wconf 80' lang='lat' dir='ltr'>Praeterquam,</span> <span class='ocrx_word' id='word_1_230' title='bbox 514 3485 596 3578; x_wconf 86' lang='lat' dir='ltr'>qued</span> <span class='ocrx_word' id='word_1_231' title='bbox 620 3496 724 3557; x_wconf 89' lang='lat' dir='ltr'>omnia</span> <span class='ocrx_word' id='word_1_232' title='bbox 738 3497 800 3557; x_wconf 87' lang='lat' dir='ltr'>alia</span> <span class='ocrx_word' id='word_1_233' title='bbox 812 3503 956 3577; x_wconf 79' lang='lat' dir='ltr'>suspecta</span> <span class='ocrx_word' id='word_1_234' title='bbox 968 3502 1049 3574; x_wconf 82' lang='lat' dir='ltr'>sunt,</span> 
     </span>
     <span class='ocr_line' id='line_1_40' title="bbox 127 3578 1048 3661; baseline -0.007 -16"><span class='ocrx_word' id='word_1_235' title='bbox 127 3601 207 3661; x_wconf 84' lang='lat' dir='ltr'>quae</span> <span class='ocrx_word' id='word_1_236' title='bbox 234 3581 294 3643; x_wconf 88' lang='lat' dir='ltr'>ista</span> <span class='ocrx_word' id='word_1_237' title='bbox 315 3580 505 3649; x_wconf 78' lang='lat' dir='ltr'>abominatio</span> <span class='ocrx_word' id='word_1_238' title='bbox 534 3582 566 3643; x_wconf 87' lang='lat' dir='ltr'>in</span> <span class='ocrx_word' id='word_1_239' title='bbox 594 3581 665 3645; x_wconf 88' lang='lat' dir='ltr'>loeo</span> <span class='ocrx_word' id='word_1_240' title='bbox 696 3588 805 3641; x_wconf 88' lang='lat' dir='ltr'>saneto</span> <span class='ocrx_word' id='word_1_241' title='bbox 836 3587 921 3641; x_wconf 85' lang='lat' dir='ltr'>stans</span> <span class='ocrx_word' id='word_1_242' title='bbox 951 3578 1048 3639; x_wconf 89' lang='lat' dir='ltr'>deter-</span> 
     </span>
     <span class='ocr_line' id='line_1_41' title="bbox 129 3664 750 3733; baseline -0.005 -1"><span class='ocrx_word' id='word_1_243' title='bbox 129 3664 268 3733; x_wconf 81' lang='lat' dir='ltr'>minavit</span> <span class='ocrx_word' id='word_1_244' title='bbox 696 3711 750 3729; x_wconf 72' lang='lat'>-.</span> 
     </span>
     <span class='ocr_line' id='line_1_42' title="bbox 133 3744 1047 3827; baseline -0.015 -8"><span class='ocrx_word' id='word_1_245' title='bbox 133 3788 158 3825; x_wconf 54' lang='grc' dir='ltr'>ε...</span> <span class='ocrx_word' id='word_1_246' title='bbox 186 3750 241 3825; x_wconf 76' lang='lat'>21.</span> <span class='ocrx_word' id='word_1_247' title='bbox 263 3746 377 3817; x_wconf 78' lang='lat' dir='ltr'>Metuit</span> <span class='ocrx_word' id='word_1_248' title='bbox 401 3744 612 3826; x_wconf 67' lang='lat' dir='ltr'>(urridens)</span> <span class='ocrx_word' id='word_1_249' title='bbox 635 3745 798 3827; x_wconf 80' lang='lat' dir='ltr'>Magister,</span> <span class='ocrx_word' id='word_1_250' title='bbox 828 3766 866 3808; x_wconf 92' lang='lat' dir='ltr'>ne</span> <span class='ocrx_word' id='word_1_251' title='bbox 896 3746 976 3811; x_wconf 89' lang='lat' dir='ltr'>duae</span> <span class='ocrx_word' id='word_1_252' title='bbox 997 3745 1047 3806; x_wconf 90' lang='lat' dir='ltr'>vei</span> 
     </span>
    </p>
   </div>
   <div class='ocr_carea' id='block_1_3' title="bbox 0 0 1184 4208">
    <p class='ocr_par' dir='ltr' id='par_1_18' title="bbox 0 0 1184 4208">
     <span class='ocr_line' id='line_1_43' title="bbox 0 0 1184 4208; baseline 0 0"><span class='ocrx_word' id='word_1_253' title='bbox 0 0 1184 4208; x_wconf 95' lang='lat' dir='ltr'> </span> 
     </span>
    </p>
   </div>
  </div>
 </body>
</html>
