2346 4208
399 252 496 300 contra
514 261 623 300 errores
642 245 675 298 ll.
696 245 771 298 luth.
826 238 829 244 ⁴
854 258 859 270 ·
967 240 1045 308 ’303

89 451 90 455 ’
124 432 275 512 templum
297 432 441 508 Domini,
469 439 502 493 et
521 452 598 512 pax,
628 452 708 513 pax,
732 451 799 492 oum
822 450 885 492 non
908 432 953 492 sit
973 450 1045 512 pax.

122 513 208 579 Nam
230 522 263 576 11
288 516 445 576 hominurn
476 535 572 595 genus
594 515 683 576 fallas
705 516 751 576 his
773 513 946 591 fraudibus,
981 534 1043 576 non

125 606 216 677 potes
240 598 325 658 illurn
348 599 445 659 latere
468 599 604 658 cordium
626 605 845 674 scrutatorem,
873 598 970 677 qualis
991 600 1044 660 sis.

124 682 301 741 Memineris
323 701 396 742 vero
421 681 534 762 flagelli
556 682 733 742 inundantis
756 683 806 742 ubi
830 681 984 758 transibit,
1006 700 1045 741 ne

125 764 232 825 veniat
252 783 345 845 super
365 771 395 825 11
418 773 449 825 11
470 763 729 843 pseudeoclesiam
752 766 841 825 istam
865 762 964 840 tuain,
1001 772 1045 825 to·

124 853 251 925 tamque
278 848 374 907 semsl
397 847 558 908 conculcet
585 851 787 927 pessimorum
810 848 928 908 Rornae
943 847 1046 907 homi·

126 949 200 991 num
223 930 397 991 colluviem.
441 928 520 1004 Quid
545 933 624 990 enim
649 931 767 992 Romae
791 931 904 1007 habes,
926 938 1047 1009 praeter

124 1011 275 1072 inlinitum
300 1013 383 1072 illum
406 1015 590 1073 musicorum
615 1020 734 1074 tuorum
759 1019 789 1074 et
816 1013 1044 1074 adsentatorum

121 1114 260 1175 gregem,
284 1097 340 1155 nisi
361 1116 461 1157 meros
478 1097 569 1174 fures,
592 1115 693 1157 meros
709 1098 904 1176 impostores,
927 1095 1046 1156 frauda·

125 1185 226 1256 tores,
263 1179 455 1258 praedones,
490 1185 542 1240 111
569 1180 658 1240 111111
685 1181 782 1240 malos
805 1179 962 1254 homines,
996 1178 1045 1257 qdi

125 1263 213 1340 quasi
238 1281 372 1341 aucupes
390 1269 508 1341 ponunt
521 1262 649 1342 laqueos
671 1271 702 1323 11
724 1262 850 1343 pedicas
873 1262 910 1321 od
926 1264 1045 1342 capien-

125 1343 199 1403 dum
219 1345 355 1422 quotidie
376 1345 448 1404 hinc
470 1344 593 1423 aliquid.

210 1428 331 1487 Parcius
366 1435 525 1507 praetcrea
554 1429 674 1489 lacesse
698 1429 834 1487 veritatis
862 1427 1047 1504 adsertores,

125 1528 166 1569 ne
190 1510 301 1569 malum
323 1511 404 1592 ¹ultro
433 1511 486 1571 tibi
510 1511 665 1571 concilies.
711 1513 771 1568 lam
794 1510 855 1570 hoc
883 1513 963 1570 enirn
988 1511 1047 1570 ola-

126 1599 215 1652 mcnt
237 1612 305 1652 cum
328 1593 483 1674 Propheta
505 1594 617 1673 passim
642 1591 743 1652 multi:
781 1591 861 1667 Quia
883 1594 995 1652 corruit
1016 1595 1046 1653 in

124 1675 240 1756 plateis
262 1679 385 1754 veritas,
419 1683 449 1736 11
471 1679 609 1755 aequitas
632 1695 693 1735 non
718 1678 817 1755 potuit
838 1676 975 1755 ingredi,
1017 1683 1049 1736 ei

124 1758 210 1818 facto
234 1765 279 1818 est
302 1760 414 1819 veritas
448 1761 479 1818 in
510 1759 715 1836 oblivionem,
751 1759 853 1837 etqui
882 1759 1010 1818 recessit
1029 1778 1048 1817 a

122 1841 226 1918 malo,
249 1842 383 1920 praedae
404 1844 512 1921 patuit.
557 1842 659 1916 Quare
682 1861 780 1900 meum
807 1847 853 1900 est
875 1842 1047 1919 consilium,

124 1942 165 1983 ne
188 1942 321 2004 unquam
343 1927 375 1984 in
398 1932 530 1985 mentem
554 1926 658 1985 veniat
679 1924 742 2002 tibi,
766 1924 891 1983 ulterius
907 1927 1047 2003 persequi
1122 1935 1124 1939 ’

123 2006 300 2084 lutherum,
323 2027 391 2067 curn
414 2009 451 2067 iis
473 2029 543 2083 una,
568 2027 644 2086 qnos
666 2006 719 2066 ille
733 2009 910 2067 commovit.
944 2008 1048 2067 Plures

125 2096 199 2149 sunt
221 2091 312 2167 enim,
335 2109 425 2170 quam
449 2098 482 2151 11
495 2091 543 2151 vel
565 2091 619 2150 tibi
644 2090 691 2149 vel
717 2090 769 2148 ulli
793 2091 939 2170 episcopo
958 2091 1048 2150 liceat

123 2178 244 2232 tantum
268 2175 446 2252 animorum,
469 2176 494 2234 si
509 2176 633 2254 possitis
656 2175 756 2249 etiam,
779 2172 916 2252 perdere.
953 2173 1048 2232 Viden

124 2258 188 2316 iam
218 2262 288 2315 ante
310 2257 500 2317 mussitatum
525 2277 593 2316 esse
615 2258 727 2336 passim
758 2265 864 2316 contra
887 2264 934 2338 te,
966 2257 1048 2335 quod

125 2346 190 2398 tam
213 2337 334 2416 leviter,
372 2345 403 2399 et
431 2340 515 2400 nulla
538 2340 691 2400 decanea
725 2338 804 2399 istud
828 2347 911 2399 tuum
933 2339 1047 2399 fulmen

123 2420 284 2499 iaouleris,
319 2422 400 2501 quod
422 2441 484 2481 non
507 2422 698 2496 consideras,
738 2422 763 2481 si
784 2423 815 2481 in
839 2424 1046 2502 contemptum

124 2504 292 2582 aliquando
316 2507 449 2580 venerit,
480 2513 624 2584 quantum
654 2502 829 2565 offendiculi
856 2505 948 2585 vulgo
972 2508 1048 2585 pari·

126 2595 229 2648 turum
254 2589 299 2649 sit.

209 2670 302 2750 Igitur
323 2689 519 2746 mansuesce,
548 2677 578 2729 11
600 2671 734 2731 caritatis
757 2690 819 2730 non
845 2669 935 2730 fictae
958 2669 1048 2748 illius,

126 2752 182 2813 sed
207 2752 397 2813 Christianae
420 2761 451 2812 11
472 2754 610 2813 sincerae
633 2752 765 2812 officium
788 2753 845 2814 fac.
877 2751 997 2813 Exhibe
1020 2761 1048 2812 te

124 2837 256 2897 formam
280 2837 368 2896 nobis
391 2835 429 2895 ad
452 2836 648 2914 imitandum,
671 2855 707 2894 ac
728 2835 802 2895 illud
825 2854 907 2914 cura,
932 2855 994 2898 non
1018 2842 1050 2896 11

126 2919 281 2998 explearis
305 2926 351 2995 tu,
384 2918 438 2979 sed
468 2928 498 2978 111
529 2939 584 2980 nos
617 2937 789 2998 pascamur.
832 2916 922 2992 Quod
945 2917 996 2978 ubi
1017 2918 1046 2994 ¹)

128 3002 318 3080 decreveris,
354 3009 415 3061 1111
447 3005 575 3062 scientia
598 3003 727 3081 posthac
749 3020 841 3080 pasce
864 3021 921 3061 nos
944 3010 975 3061 11
997 3000 1049 3061 dol

128 3085 238 3161 ctrina,
261 3104 322 3144 non
345 3085 449 3145 Bullis.
486 3087 545 3144 lam
569 3094 742 3164 pertaesum
767 3091 813 3144 est
828 3084 934 3145 harum
958 3085 1048 3146 enim.

127 3166 337 3246 indulgentias
366 3187 439 3228 vero
464 3177 530 3232 tuas
556 3188 757 3245 nauseamus,
790 3175 824 3226 11
845 3186 943 3245 aeque
966 3167 1049 3227 nihil.

129 3248 308 3310 Pontificiae
331 3251 418 3310 dotes
442 3258 526 3329 aunt,
559 3252 724 3330 sapientia,
752 3252 886 3330 puritaS,
915 3251 1049 3324 castitas,

130 3340 161 3392 et
195 3353 294 3392 rerum
331 3332 465 3393 omnium
499 3340 703 3412 contemptus.
759 3333 821 3392 Has
854 3333 1048 3412 amplectere.

129 3415 181 3476 Sic
211 3417 291 3476 enim
315 3416 382 3494 fiet,
416 3423 448 3475 nt
476 3418 558 3476 colat
587 3425 618 3476 te
639 3415 820 3493 Germania,
856 3434 924 3474 oum
947 3435 1050 3475 amare

129 3498 249 3578 viderit,
273 3519 335 3559 non
351 3509 517 3579 oppugnet,
542 3498 591 3560 ubi
603 3507 715 3559 terrere
729 3502 921 3579 persenserit.
954 3499 1052 3559 Decet

202 3768 232 3836 1)
255 3769 284 3821 ln
306 3769 370 3822 edit.
388 3769 469 3824 den:
492 3775 529 3822 ut.
