2346 4208
138 267 201 335 214
402 267 528 338 Epistola
566 268 598 322 n.
618 267 696 327 lturt.
709 267 795 322 Luth.

140 459 176 519 ut
193 475 310 534 revera,
334 475 413 536 quae
436 455 509 517 olim
532 459 597 516 erat
616 455 710 516 ianua
732 456 824 533 oooli,
847 475 935 517 nuno
954 457 994 518 sit
1011 475 1056 538 pa

138 547 207 607 teus
229 539 384 620 quoddam
407 559 442 600 os
465 539 591 615 inferni,
619 545 650 600 et
672 538 733 599 tale
755 559 807 619 os,
831 540 916 620 quod
939 546 1059 622 urgente

138 626 184 685 ira
206 624 262 685 Dei
285 623 400 685 obstrui
424 643 486 683 non
508 629 627 703 potest,
655 641 717 683 uno
739 629 859 684 tuntum
881 623 992 684 relieto
1013 624 1059 687 mi·

140 709 232 769 saris
252 706 400 782 oonsilio,
434 708 459 766 si
490 725 637 785 queamus
666 706 826 785 aliquota
847 707 992 768 Romano
1017 713 1061 780 (ut

140 791 219 864 dixi-l
245 791 304 851 isto
328 791 413 850 hiatu
435 808 582 849 revocare
604 793 636 849 et
656 808 787 852 servare.

222 873 315 950 Elone,
338 873 379 933 mi
400 872 463 935 Leo
486 872 586 950 Pater,
611 891 672 952 quo
692 873 841 951 oonsilio,
864 892 928 952 qua
949 875 1062 934 rationo

139 959 169 1018 in
192 956 297 1018 sedem
319 957 409 1016 istam
425 955 620 1035 pestilentiae
632 953 839 1025 debaeohaius
856 958 927 1034 sim,
949 962 1061 1016 tautum

140 1040 221 1103 enim
245 1038 342 1116 abest,
366 1040 449 1099 utin
474 1046 555 1098 tuam
579 1057 744 1117 personam
761 1039 924 1118 saevirem,
946 1047 981 1099 ut
1002 1058 1062 1120 spe·

143 1142 242 1185 rarem
266 1122 357 1182 etiam
396 1123 529 1203 gratiam
547 1122 690 1182 initurum
713 1141 779 1201 me,
815 1128 846 1182 et
866 1141 926 1202 pro
949 1128 1004 1182 tue
1024 1143 1061 1183 ι

141 1206 204 1266 luta
226 1211 392 1283 staturum,
415 1206 440 1264 si
463 1223 616 1266 cernerem
639 1206 730 1265 isium
762 1212 863 1284 tuum,
893 1207 959 1266 imo
982 1205 1063 1266 inier-

141 1307 214 1349 num
238 1294 332 1365 tuum,
354 1295 477 1349 strenue
500 1293 533 1348 et
554 1289 664 1349 aeriter
684 1289 849 1368 pulsarem.
892 1287 967 1350 Tibi
989 1289 1063 1350 enin

139 1377 274 1450 tuaeque
296 1371 385 1432 saluti
402 1371 564 1451 profuerit,
588 1377 619 1432 et
637 1378 738 1431 teeum
756 1371 861 1432 multis
882 1371 965 1449 aliis,
987 1371 1063 1451 quid

140 1453 212 1535 quid
234 1455 265 1514 in
288 1455 401 1535 impiae
422 1455 510 1515 huius
534 1455 637 1515 euriae
654 1455 865 1516 consutionem
891 1455 996 1516 moliri
1017 1473 1063 1536 po·

141 1544 201 1610 test
223 1540 360 1601 omnium
386 1539 579 1619 ingeniorum
613 1539 755 1617 impetus.
797 1538 898 1599 Tuum
934 1538 1063 1599 officium

142 1621 268 1699 faoiunt,
290 1623 341 1701 qui
363 1621 434 1681 huie
456 1620 683 1699 malefaciunt,
706 1621 857 1682 Christum
882 1620 1064 1702 glorificant,

146 1705 197 1785 qui
219 1723 286 1767 eam
310 1704 452 1766 omnibus
475 1703 573 1766 modis
589 1711 797 1783 exsecrantur,
818 1703 966 1784 breviter,
989 1704 1063 1766 (llu'a

143 1788 235 1849 atiani
256 1793 336 1863 sunt,
359 1789 410 1868 qui
432 1788 564 1851 Romani
585 1807 648 1848 non
673 1795 752 1849 sunt.

203 1869 275 1949 Sed,
289 1877 326 1932 ut
338 1871 468 1950 amplius
484 1871 602 1949 loquar,
625 1871 721 1947 neoll
738 1871 799 1932 hoo
809 1871 912 1951 ipsum
935 1889 1063 1951 unquam

142 1972 234 2033 super
257 1973 310 2015 eor
331 1973 433 2015 meum
455 1952 612 2031 aseendit,
647 1960 681 2013 ut
701 1955 732 2014 in
755 1954 930 2014 Romanam
957 1955 1063 2015 auriam

141 2036 311 2115 inveherer,
333 2043 387 2098 aut
408 2036 573 2116 quidquam
592 2035 632 2097 de
653 2056 692 2098 ea
710 2036 909 2117 disputarem.
954 2037 1064 2099 Videor

142 2120 224 2180 enim
247 2119 410 2200 desperata
433 2121 536 2180 omnia
568 2119 676 2180 salutis
710 2119 861 2198 remedie,
896 2120 1064 2202 eontempsi

142 2208 173 2263 et
195 2201 266 2263 dato
289 2203 408 2282 repudii
428 2202 535 2264 libello
549 2202 612 2262 dixi
626 2201 665 2262 ad
688 2221 767 2263 eam:
792 2202 850 2278 Qui
866 2202 987 2279 sordet,
1010 2223 1064 2265 sor·

141 2286 251 2346 desoat
273 2286 389 2363 adhue,
412 2287 515 2366 etqui
537 2285 710 2345 immundus
733 2292 793 2363 est,
831 2286 1014 2347 immundus
1033 2287 1065 2346 sit

141 2367 256 2444 adhue,
289 2369 413 2431 tradens
437 2389 485 2429 me
507 2368 637 2449 plaoidis
671 2375 701 2429 et
723 2370 833 2448 quietis
856 2388 1017 2435 sacrarum
1037 2369 1063 2429 li·

141 2457 275 2513 terarum
298 2451 421 2529 studiis,
452 2453 561 2531 quihus
584 2451 765 2532 prodessem
787 2452 932 2513 fratribus
959 2455 1064 2514 oireum

141 2553 191 2596 me
213 2535 383 2615 agentibus.

225 2617 284 2681 Hie
316 2637 385 2678 oum
420 2618 560 2680 nonnihil
584 2617 782 2698 proficerem,
816 2620 939 2698 aperuit
968 2618 1065 2680 oeulos

144 2719 217 2761 suos
241 2707 329 2761 satan
352 2708 383 2762 et
406 2721 526 2762 serrum
550 2720 637 2761 snum
660 2701 828 2761 Iohannem
851 2701 1003 2782 Eooium,
1029 2703 1064 2761 in·

143 2784 261 2864 signem
285 2784 396 2845 Christi
419 2785 644 2857 adversarium,
679 2784 890 2845 exstimulavit
920 2784 1065 2847 indomita

142 2865 261 2946 gloriae
283 2867 425 2942 libidine,
448 2875 482 2928 ut
504 2888 554 2928 me
576 2868 710 2929 traheret
730 2868 761 2927 in
785 2887 911 2950 arenam
934 2871 1064 2949 inspera

141 2951 219 3027 tam,
254 2957 382 3031 captans
405 2971 454 3012 me
486 2953 518 3010 in
541 2971 603 3012 uno
625 2950 753 3012 verbulo
795 2950 834 3010 de
855 2952 992 3030 primatu
1014 2951 1064 3012 no

141 3051 252 3093 manae
274 3033 440 3111 ecelesiae,
475 3035 549 3095 mihi
576 3035 675 3096 obiter
704 3033 820 3113 elapso.
863 3033 923 3094 Hio
954 3035 1063 3096 Thraso

140 3113 193 3174 ille
219 3115 372 3196 gloriosus
407 3137 554 3197 spumans
588 3125 618 3178 et
651 3116 796 3178 frendens
823 3117 980 3196 iaotabat,
1016 3133 1063 3197 pro

141 3197 241 3278 gloria
262 3199 335 3278 Dei,
374 3220 430 3280 pro
463 3201 583 3261 honore
612 3209 737 3261 sanetae
759 3199 841 3261 sedis
876 3200 1064 3280 apostolieae

143 3282 248 3343 omnia
269 3301 303 3343 se
325 3304 478 3360 ausurum,
502 3291 533 3344 et
555 3282 593 3343 de
616 3291 668 3345 tua
689 3282 811 3343 inflatus
834 3282 996 3344 abutenda
1015 3280 1063 3343 sibi

141 3370 296 3443 potestate
324 3366 399 3426 nihil
429 3367 539 3429 eertius
561 3366 761 3449 exspectabat
783 3385 874 3446 quam
899 3367 1063 3441 vintorianr,

143 3466 205 3517 nou
227 3456 289 3511 tam
311 3450 474 3529 primatum
497 3451 593 3526 Petri,
631 3470 722 3530 qnam
753 3471 839 3511 suum
863 3452 1062 3534 principatum

144 3531 224 3591 inter
245 3532 409 3613 theologos
432 3533 520 3593 huius
534 3533 629 3594 seouli
652 3553 813 3614 quaerens,
836 3533 875 3593 ad
892 3553 988 3615 quem
1009 3549 1062 3593 non

140 3633 267 3694 parvum
289 3623 477 3677 momentum
499 3616 615 3678 habere
630 3617 771 3697 ducebat,
795 3619 820 3678 si
832 3616 1002 3680 Lutherum
1019 3614 1061 3678 du·

213 3801 245 3872 1)
266 3803 297 3858 ln
316 3776 465 3863 eds1521:
485 3819 529 3860 ne.
