2346 4208
332 270 390 321 suis
409 268 517 337 Lipsiae
527 269 682 337 disputatis
702 286 725 321 a.
739 268 810 324 XIX.
976 264 1040 333 287

128 468 175 529 per
194 450 308 512 orbem
329 451 446 532 populo
467 452 498 511 in
521 452 717 533 evangelium
741 453 974 531 consentiente,
1006 455 1036 514 in

127 550 180 612 quo
202 542 308 595 minen
330 535 406 595 nihil
419 535 590 598 invenisset
611 535 650 596 de
663 536 860 614 Manichaeis,
882 536 953 596 ideo
974 556 1038 597 non

125 634 211 695 posse
234 636 270 677 aa
290 616 480 678 Manichaeis
504 618 646 693 credere,
682 637 759 697 quos
784 619 829 679 illi
852 619 1038 680 detestaren-

125 706 174 778 tur,
194 718 277 779 quos
299 700 494 781 evangelium
531 702 656 762 videbat
685 705 728 762 ita
752 702 970 779 constanterl)
994 721 1038 762 re·

124 783 238 863 cipere,
260 790 424 844 uteorum
447 792 587 845 moveret
608 786 755 845 autoritas
779 784 817 844 ad
840 785 1038 859 credendum,

122 864 176 926 hoc
196 884 271 927 esse
292 866 496 947 evangelium.

196 948 267 1009 Nec
295 950 356 1011 boc
383 968 457 1030 ergo
478 958 563 1013 recta
584 949 707 1027 dicitur,
740 949 823 1028 quod
845 949 1038 1030 approbante

121 1031 250 1093 ccclesia
270 1033 465 1114 evangelium
487 1041 641 1112 noscatur,
663 1050 731 1093 cum
754 1032 793 1093 de
814 1032 1040 1113 approbatione

120 1114 310 1195 Augustinus
330 1115 405 1175 nihii
428 1116 524 1193 dicat,
546 1117 725 1195 praesertim
749 1118 775 1175 si
796 1116 968 1176 Romanam
990 1134 1038 1178 ec

121 1197 244 1259 alesiam
267 1198 442 1280 intelligas,
475 1199 529 1260 sed
553 1199 592 1259 de
614 1198 807 1271 multitudine
830 1200 923 1258 totius
946 1199 1038 1277 orbis,

121 1298 196 1363 quae
228 1300 281 1341 res
304 1300 368 1343 nou
395 1282 472 1341 levis
502 1291 551 1343 ast
571 1284 757 1359 autoritatis,
790 1300 857 1341 cum
892 1284 959 1342 sine
980 1283 1038 1342 Dei

120 1364 254 1425 maximo
276 1364 424 1425 miraculo
454 1362 536 1440 fleri,
570 1372 617 1426 tot
644 1366 855 1426 resistentibus
891 1367 1038 1445 tyrannia,

120 1454 163 1507 tot
181 1447 387 1507 morientibus
410 1447 600 1527 Christianis,
623 1467 685 1508 non
709 1449 870 1529 potuisset,
892 1455 926 1507 ut
947 1466 1038 1508 eran·

120 1529 230 1610 pelium
257 1530 305 1591 sic
334 1530 516 1606 maneret²)
541 1538 573 1592 et
602 1540 763 1593 cresceret.
806 1530 839 1590 Si
868 1532 947 1590 anim
978 1531 1039 1591 hoc

121 1630 178 1674 nou
200 1612 331 1683 vidisset
362 1612 444 1692 fleri,
475 1614 638 1695 evangelio
673 1633 736 1674 nou
767 1613 913 1674 crederet.
957 1612 1037 1688 Quid

121 1694 196 1757 ioci
218 1696 271 1757 An
293 1714 357 1757 non
380 1696 531 1776 crederes,
553 1698 673 1757 etiamsi
695 1705 777 1757 totus
800 1695 882 1756 orbis
904 1698 1038 1756 insaniat

123 1787 225 1841 contm
247 1779 465 1860 evangelium?
545 1844 550 1849 ,

195 1861 270 1922 Dixi
291 1880 384 1942 argo,
410 1862 493 1941 quod
516 1865 612 1942 magis
637 1863 770 1942 loquitur
791 1861 830 1921 de
851 1862 1037 1921 convincen-

122 1942 162 2005 dis
181 1944 350 2006 haereticis
371 1951 404 2005 et
426 1944 586 2025 probanda
606 1944 668 2006 fide
683 1945 836 2005 catholica
856 1944 934 2026 (hoc
957 1945 1036 2005 enirn

122 2035 188 2088 truc
207 2028 354 2109 agebat),
377 2046 466 2107 quam
489 2026 527 2088 de
550 2048 606 2088 sua
627 2030 751 2109 propria
773 2028 849 2106 fide,
872 2046 951 2107 quae
974 2048 1036 2089 non

126 2110 251 2173 ullorum
274 2112 456 2181 autoritate,
488 2111 545 2172 sed
568 2113 686 2191 spiritu
716 2111 783 2172 solo
805 2112 862 2171 Dei
885 2113 981 2171 oritur
1002 2113 1033 2171 in

123 2194 225 2272 corde,
262 2195 336 2255 licet
365 2215 419 2273 per
445 2195 571 2256 verbum
604 2203 635 2254 et
660 2195 835 2274 exemplum
875 2203 1035 2254 moveatur

124 2276 209 2339 homo
233 2278 273 2336 ad
298 2296 377 2337 eam.
420 2277 481 2338 Sed
515 2280 585 2357 quia
618 2279 779 2338 haereticis
810 2279 870 2337 hoc
891 2278 1035 2357 exemplo

124 2378 172 2438 pro
194 2358 257 2420 flde
280 2360 398 2420 fortiter
420 2362 585 2436 resistitur,
610 2363 697 2439 quasi
719 2361 850 2421 diceret:
879 2360 1036 2438 Fidem3),

120 2459 205 2520 quam
228 2443 331 2504 habeo
352 2445 384 2503 in
405 2444 615 2525 evangelium,
647 2464 709 2504 non
743 2464 866 2524 possem
896 2446 939 2504 ita
961 2446 1037 2504 tueri

123 2535 223 2587 sonna
251 2545 324 2605 vos,
353 2529 412 2586 nisi
445 2528 597 2587 ecclesiae
623 2530 682 2588 ista
709 2536 849 2588 moveret
878 2528 1035 2590 autoritas.

196 2609 239 2670 ut
260 2618 309 2669 est
330 2610 438 2688 simile,
461 2612 551 2671 sicuti
571 2612 638 2671 Deo
661 2630 724 2670 non
748 2610 955 2688 credidissem,
979 2613 1036 2670 nisi

124 2690 210 2753 Paulo
234 2691 425 2772 praedicanti
448 2692 665 2772 credidissem,
699 2695 769 2773 quia
792 2693 868 2753 fides
892 2714 953 2754 non
977 2696 1035 2753 nisi

123 2775 294 2836 exauditu.
338 2775 501 2850 Quomodo
517 2779 597 2836 enim
619 2776 782 2857 credent4)
808 2779 845 2851 ei,
870 2796 957 2856 quem
973 2795 1035 2863 nop

123 2859 298 2918 audierunt?
331 2858 376 2918 Ita
398 2860 540 2939 probatio
569 2859 640 2919 fldei
664 2880 725 2920 non
749 2863 807 2919 nisi
830 2862 867 2920 ab
891 2860 1034 2937 exemplo

122 2944 207 3003 totius
232 2942 385 3002 ecclesiae
406 2962 461 3022 per
483 2943 605 3023 orbem,
630 2943 785 3022 quomodo
809 2945 889 3002 enim
913 2962 1035 3021 persna-

121 3023 207 3105 debit,
230 3026 352 3086 etiamsi
375 3026 458 3085 solus
470 3027 636 3086 fortissime
647 3027 761 3104 eredat,
786 3028 844 3085 nisi
858 3028 992 3106 proferat
1006 3032 1037 3085 et

121 3108 244 3170 aliorum
257 3109 442 3188 exemptum,
466 3111 566 3169 ethoc
580 3129 640 3189 quo
650 3109 1035 3190 poteritpotentissimum?

136 3250 142 3257 .
198 3192 298 3273 Igitur
318 3211 380 3251 non
403 3193 571 3270 crederem,
595 3196 768 3254 necessario
792 3194 981 3272 intelligitur,
1004 3192 1034 3251 id

120 3282 172 3352 ast,
196 3295 259 3335 nou
283 3294 406 3354 possem
430 3275 624 3356 persuaderi,
653 3284 684 3337 et
706 3278 890 3356 persuadere
912 3275 950 3335 ad
973 3294 1036 3335 cre·

121 3356 259 3433 dandum,
282 3358 398 3437 alioqui
410 3360 438 3439 ⁵)
459 3360 759 3437 falsissimediceret,
783 3380 851 3421 cum
864 3360 948 3421 solus
971 3359 1034 3438 spi-

119 3442 189 3501 ritus
211 3449 336 3502 sanctus
358 3444 451 3503 faciat
467 3444 592 3504 credere
617 3463 776 3524 quemque.

171 3653 199 3723 1)
217 3654 246 3706 In
268 3652 331 3707 add.
351 3654 422 3721 orig.
440 3650 533 3717 deest:
553 3658 718 3707 constanter.
746 3654 778 3720 2)
799 3654 882 3707 ibid:
903 3660 1035 3711 manaret.

121 3722 241 3865 {ibiibi
262 3724 337 3778 sides.
356 3725 388 3790 4)
398 3727 428 3776 ln
438 3724 500 3777 edit.
510 3727 594 3795 orig.:
607 3726 728 3778 eredenti
742 3729 775 3779 ei.
790 3728 821 3789 b)
834 3727 863 3777 ln
875 3725 936 3779 edd.
949 3727 1034 3794 orig.:
