2346 4208
165 260 230 331 438
401 268 448 321 ltt
485 266 592 322 (luneio
611 261 872 323 demisse·

166 464 270 536 opem,
291 462 324 515 et
342 455 539 516 sublevemus
560 456 626 515 eius
647 456 793 534 inopium.
836 454 927 529 Quod
949 455 1002 534 qui
1023 469 1086 517 uon

166 539 298 613 fodiunt,
336 539 380 598 itti
410 546 465 599 unt
485 535 659 598 Christiano
686 540 904 599 nomineuou
926 546 998 598 sunt
1018 554 1088 597 oen-

167 620 270 698 sendi‚
293 630 346 681 aut
367 629 450 681 oerte
473 623 564 680 nimis
586 619 697 680 infirmi
720 628 806 700 suut,
831 623 951 682 etiamsi
972 623 1088 682 iuotent

165 724 200 766 se
222 703 333 766 christi
366 723 426 764 unu
460 724 528 764 oum
560 703 701 764 omnibus
723 705 779 781 iis,
814 723 893 783 quue
914 704 1024 781 hebet,
1057 706 1088 763 in

165 788 228 849 hoo
247 795 441 848 sacramento
464 789 628 867 purtioipes
649 787 747 847 suetos
770 805 848 848 esse.

247 870 317 931 Nou
339 878 441 930 sutem
466 872 577 930 certius
598 866 811 949 argumentum
836 880 899 947 est,
933 890 973 929 un
995 870 1088 950 digne

166 961 199 1015 ot
219 971 288 1015 oum
311 955 407 1014 fruetu
431 954 491 1014 hoo
507 960 701 1014 sacramento
724 955 766 1013 sis
785 972 868 1029 usus,
890 971 980 1032 quum
1004 953 1087 1032 quod

166 1054 205 1096 ex
228 1037 363 1096 caritatis
377 1035 486 1097 officiis
509 1037 644 1097 sumitur,
682 1036 759 1095 Nam
784 1036 865 1115 quod
888 1045 941 1096 ιιιιι
958 1054 1088 1116 magnus

166 1121 255 1180 fuerit
286 1121 378 1178 animi
413 1119 505 1180 ardor
538 1121 568 1181 iu
602 1120 753 1179 sumendo
787 1126 997 1195 sacramento,
1036 1128 1089 1178 sut

166 1202 248 1281 quod
281 1204 415 1262 sensisse
449 1202 503 1263 tibi
537 1203 666 1271 videris,
708 1211 740 1262 ιιι
772 1202 872 1263 verbis
901 1200 1015 1265 Christi
1049 1205 1087 1261 sit

165 1295 299 1345 ereetum
322 1293 353 1345 et
374 1285 588 1345 confirmatum
610 1304 664 1345 oor
686 1292 790 1360 tuum,
822 1286 874 1344 ilia
897 1287 954 1345 etsi
975 1288 1088 1364 impro-

165 1368 230 1429 bori
252 1387 314 1428 uon
338 1376 484 1448 possunt,
506 1386 569 1427 non
592 1379 694 1428 tamen
718 1378 788 1428 sunt
809 1376 871 1428 tem
893 1375 979 1429 oertu
998 1386 1088 1448 argu·

165 1459 276 1513 mente,
321 1451 430 1514 Officia
445 1470 519 1512 vero
542 1453 676 1511 osritutis
692 1452 745 1510 ills
768 1460 797 1511 te
818 1459 934 1510 eertum
957 1461 1089 1530 possunt

166 1535 285 1612 fucere,
318 1536 410 1614 digne
433 1556 471 1595 au
494 1534 621 1614 indigne
641 1534 701 1594 hoo
722 1542 916 1594 sacramento
939 1536 980 1593 sis
1004 1551 1086 1595 usus.

166 1617 266 1699 Digne
287 1619 368 1676 euim
390 1620 416 1677 is
433 1638 476 1678 -eo
499 1637 571 1677 usus
594 1625 656 1690 est,
691 1620 743 1695 qui
772 1619 814 1677 its
842 1636 896 1678 oor
918 1634 1005 1677 suum
1028 1617 1088 1677 hoe

164 1701 254 1780 signo
281 1707 468 1761 commotum
492 1703 598 1766 sentit.
634 1709 666 1759 ιιι
687 1701 777 1759 etiam
811 1703 952 1761 inimicos
983 1701 1088 1760 odisse

165 1783 301 1855 desinat,
343 1793 373 1843 et
409 1804 516 1842 omnes
549 1783 643 1859 alios,
683 1785 734 1861 qui
766 1803 823 1843 suo
854 1783 969 1844 habent
1010 1802 1088 1862 opus

165 1884 271 1946 opera,
294 1867 387 1942 iuvet,
409 1866 539 1926 eliorum
563 1867 755 1926 calamitates
777 1885 900 1944 quoque
924 1886 994 1926 suus
1018 1884 1087 1925 esse

164 1950 327 2010 existimet.
482 1948 487 1953 ’

246 2031 305 2106 Qui
328 2050 391 2092 non
413 2033 548 2091 sentiunt
571 2033 627 2092 hos
650 2031 787 2108 aflectus,
810 2032 853 2090 iili
876 2033 983 2092 inoerti
1006 2040 1085 2104 sunt,

165 2116 284 2175 etiamsi
307 2114 434 2193 singulis
449 2113 555 2173 diebus
579 2117 694 2174 oenties
716 2114 776 2175 hoo
790 2122 986 2175 sacramento
1001 2123 1088 2174 utan-

165 2207 226 2274 tur,
261 2200 351 2256 etium
382 2216 448 2256 oum
480 2204 564 2273 tento
588 2199 697 2256 mentis
728 2198 853 2274 ardore,
889 2208 921 2257 ut
945 2198 1085 2256 tacuimus

165 2298 237 2359 prae
259 2280 372 2358 gaudio
395 2281 531 2340 fundant.
576 2281 683 2358 Neque
706 2283 786 2339 onim
810 2281 892 2340 Deus
915 2280 1093 2340 mirabilem·

165 2361 248 2421 illum
272 2362 414 2422 oudonem
432 2366 541 2438 inentis
564 2363 643 2422 adeo
657 2364 842 2442 magnifacit,
866 2381 1085 2442 nonnunquam

165 2446 245 2506 enim
280 2454 327 2505 est
356 2465 422 2504 eum
455 2448 570 2506 maiore
601 2447 756 2525 periculo,
793 2465 882 2523 quem
917 2447 1083 2506 dommodo

164 2529 354 2588 ooninnotus.
399 2529 465 2588 Hoo
488 2547 638 2588 summum
663 2536 725 2605 est,
756 2539 788 2587 ιιι
811 2531 884 2588 oerti
907 2531 1021 2604 simus,
1054 2529 1084 2587 id

164 2611 245 2689 quod
270 2613 375 2671 Petrus
388 2611 425 2685 ⁴¹)
451 2631 573 2690 quoque
595 2614 702 2670 innuit.
747 2610 953 2681 confirmateq
976 2614 1084 2690 inquit

163 2695 357 2754 vooutionem
382 2700 524 2770 vestram
547 2713 659 2773 nempe
681 2714 736 2772 per
757 2695 840 2754 bone
862 2714 972 2773 opem,
1003 2712 1084 2772 quse

164 2779 278 2838 tinctus
301 2785 372 2837 sunt
392 2776 473 2836 fidei.

244 2860 291 2921 Ao
313 2869 459 2939 quantum
482 2860 603 2938 quidem
638 2861 677 2919 ed
709 2860 833 2920 verbum
865 2861 956 2921 etad
984 2878 1084 2920 soors-

164 2951 297 3003 meutum
320 2945 442 3017 attinet,
480 2952 550 3002 sunt
572 2945 675 3004 omnia
704 2944 889 3019 certissimo,
922 2941 1085 3006 confirmet

163 3027 243 3086 euim
268 3027 353 3087 Deus
376 3034 572 3105 peecatorum
597 3027 807 3086 remissionem
832 3047 905 3102 sno,
935 3028 1008 3087 item
1031 3044 1082 3086 sn-

162 3108 310 3189 gelomm
334 3116 365 3168 et
378 3111 513 3169 omnium
530 3110 854 3189 piorum-testimonio.
888 3110 956 3170 Hoo
977 3115 1085 3183 restet,

163 3199 195 3251 nt
215 3199 246 3251 tu
269 3210 391 3271 quoque
414 3200 497 3252 tuum
521 3193 729 3252 testimonium
752 3192 878 3270 efferas,
901 3199 932 3253 et
953 3201 985 3253 ιιι
1007 3192 1083 3252 nihii

162 3275 199 3333 de
235 3276 414 3336 remissione
451 3283 644 3353 peecatorum
669 3275 798 3336 dubites.
842 3276 971 3337 Etiamsi
991 3277 1085 3355 igitur

162 3373 269 3417 omnes
292 3358 393 3438 angeli
428 3377 495 3417 oum
525 3365 591 3418 toto
616 3359 729 3418 mundo
753 3359 934 3419 confirment
956 3360 1018 3417 suis
1041 3364 1082 3418 t·

162 3442 328 3516 stimoniis‚
368 3449 396 3499 te
430 3440 522 3519 digne
558 3441 616 3502 hoo
651 3450 844 3503 ssorumento
877 3460 945 3502 esse
983 3460 1082 3514 usum,

162 3524 255 3603 longe
279 3533 380 3583 tumen
404 3523 450 3583 his
474 3525 616 3584 omnibus
639 3534 722 3584 tunm
736 3526 944 3586 testimonium
969 3532 999 3586 te
1020 3540 1081 3585 ma·

162 3607 208 3684 gis
231 3605 401 3666 oonfirmot.
446 3606 539 3668 Porro
562 3608 622 3668 hoe
643 3615 691 3668 est
712 3617 796 3668 tuum
813 3610 1032 3685 testimonium,
1055 3609 1081 3667 si

264 3728 299 3735 ..ο

234 3779 264 3846 *ι
286 3778 302 3832 2
322 3779 392 3833 neu.
413 3779 437 3832 1.
