2332 4206
183 228 247 294 428
371 206 377 229 ’
498 229 648 298 Disputatio
666 226 701 284 D.
723 228 754 283 u.
775 227 802 282 L.

249 420 296 483 10.
325 416 372 476 Ex
405 416 452 476 bis
483 422 584 476 autem
618 436 681 477 non
715 417 869 495 sequitur,
902 416 1004 498 legem
1037 436 1099 476 esse

184 500 381 572 abolendam,
406 507 436 560 et
457 520 474 560 e
497 499 696 560 concionibus
719 500 873 560 ecelesiae
895 500 1071 561 tollendam.

250 587 296 646 ll.
325 583 405 657 Quin
434 603 471 642 eo
501 585 596 663 magis
626 593 673 642 est
698 601 826 644 necesse
856 604 926 644 eam
950 583 1053 643 doceri
1074 590 1102 642 et

186 668 301 747 urgeri,
335 665 417 745 quod
441 686 503 725 non
528 675 575 726 est
597 667 785 744 necessaria,
818 665 874 726 scd
906 666 1101 746 impossibilis

185 749 225 810 ad
247 747 506 810 iustificationem.

250 834 298 895 12.
327 831 367 892 Ut
399 831 491 892 homo
514 830 661 912 superbus
680 840 715 904 ¹et
736 831 775 891 de
797 831 912 892 viribus
937 834 1000 892 suis
1024 851 1104 912 prae·

186 934 309 974 sumens
332 914 500 992 erudiatur,
533 933 602 974 sese
623 934 678 995 per
700 915 798 994 legem
822 934 886 975 non
910 935 1006 995 posse
1029 917 1104 974 iusti-

186 996 281 1062 ficari.

252 1086 298 1144 13.
329 1080 406 1140 Nam
440 1087 598 1160 peccatum
635 1086 666 1139 et
699 1099 780 1140 mors
804 1100 842 1140 eo
866 1081 1004 1142 maxime
1027 1100 1106 1142 mou·

186 1163 311 1223 stranda
332 1171 411 1240 sunt,
434 1183 495 1224 non
519 1161 601 1242 quod
624 1164 798 1224 necessaria
819 1163 881 1223 siut
904 1163 945 1224 nd
968 1166 1062 1224 vitum
1081 1170 1107 1223 et

186 1247 409 1308 innocentiam.

250 1331 295 1392 14.
324 1328 384 1389 Sed
407 1335 439 1388 ut
460 1327 554 1388 homo
584 1335 734 1408 agnoscat
763 1347 849 1387 suam
878 1330 1060 1389 iniustitiam
1081 1335 1109 1388 et

186 1413 402 1491 perditionem,
425 1419 456 1471 et
477 1412 518 1470 ita
540 1411 722 1473 humilietur.

201 1568 205 1576 Ι
254 1501 297 1560 lb.
327 1495 358 1556 Si
393 1502 552 1574 peccatum
585 1497 758 1574 ignoretur,
789 1495 1000 1575 praesumitur
1038 1494 1109 1553 salsa

187 1579 373 1655 innocentia,
396 1579 474 1638 sicut
496 1579 525 1640 in
548 1578 708 1657 gentibus,
732 1585 856 1658 etpost
879 1578 911 1636 iu
936 1577 1110 1656 Pelagianis

186 1663 329 1722 cernitur.

253 1748 299 1808 16.
323 1744 354 1805 Si
377 1762 459 1804 mors
481 1745 652 1823 ignoretur,
677 1742 888 1822 praesumitur,
912 1743 997 1803 hane
1021 1744 1109 1803 vitam

188 1848 258 1890 esse
280 1829 372 1888 vitum
396 1835 427 1887 et
449 1827 563 1886 nullam
586 1829 616 1886 iu
639 1826 742 1888 futuro
761 1825 863 1886 aliam.

252 1915 298 1974 17.
329 1910 403 1970 cum
435 1928 508 1969 vero
539 1928 600 1969 non
632 1909 690 1969 nisi
720 1909 772 1969 lex
801 1916 966 1987 utrumque
992 1907 1111 1985 doceat,

186 1995 261 2054 satis
291 1994 403 2071 claret,
439 1993 538 2072 legem
567 2011 636 2052 esse
673 1992 804 2052 maxime
838 1992 1053 2052 necessariam
1085 1999 1113 2051 et

187 2077 308 2137 utilem.

250 2161 299 2225 18.
323 2157 473 2237 Quicquid
497 2158 631 2218 ostendit
653 2165 826 2238 peccatum,
850 2158 929 2216 iram
953 2176 1012 2217 seu
1036 2176 1113 2218 mor·

188 2250 265 2321 tem,
295 2241 324 2300 id
349 2249 475 2301 exercet
497 2240 629 2300 cilicium
654 2242 746 2320 legis,
779 2242 844 2300 sive
873 2240 929 2301 liat
956 2241 990 2299 in
1022 2241 1113 2301 veteri

188 2326 304 2384 sivein
330 2344 412 2384 novo
435 2325 645 2384 Testamento.

253 2410 297 2472 19.
321 2408 471 2468 Revelare
495 2409 574 2466 enim
600 2412 759 2486 peccatum
781 2411 827 2464 est
850 2405 935 2465 uliud
949 2405 1041 2482 nihil,
1063 2424 1113 2465 nec

189 2490 272 2551 aliud
295 2511 364 2551 esse
387 2497 504 2571 potest,
538 2509 629 2568 quam
652 2509 720 2549 esse
742 2490 859 2568 legem,
889 2508 946 2548 seu
971 2488 1112 2549 effectum

188 2581 219 2636 et
241 2576 302 2634 vim
326 2575 402 2654 legis
424 2574 677 2653 propriissimum.

250 2661 299 2723 20.
322 2658 386 2718 Lex
409 2665 440 2717 et
462 2657 599 2716 ostensio
623 2656 759 2735 peccati,
782 2674 837 2714 seu
860 2655 1017 2716 revelatio
1045 2656 1111 2731 irae,

189 2750 258 2798 sunt
283 2741 403 2801 termini
432 2739 646 2820 convertibiles
677 2738 761 2828 pelut
789 2737 908 2815 horno,
942 2745 975 2797 et
1005 2738 1112 2798 risibile

187 2821 237 2880 vel
262 2823 423 2884 rationale.

251 2908 300 2967 21.
323 2906 446 2966 Tollere
470 2905 569 2984 legem
594 2911 625 2964 et
645 2904 776 2963 retinere
798 2903 1029 2964 revelationem
1059 2906 1113 2963 irae

189 2994 235 3045 est
256 2988 348 3063 idem,
372 3007 408 3048 ee
430 2989 455 3048 si
478 3007 573 3067 neges
596 2988 716 3046 Petrum
740 3005 809 3045 esse
831 2985 1018 3065 hominem,
1042 2987 1111 3047 affir-
1151 3002 1154 3009 ·

190 3088 254 3129 mes
276 3077 378 3131 autem
403 3089 471 3130 esse
494 3069 637 3130 risibilem
662 3070 709 3129 vel
731 3068 928 3130 rationalem.

251 3155 299 3216 22.
323 3154 435 3214 Similis
452 3154 605 3233 sapientia
622 3159 678 3228 est,
701 3151 810 3212 tollere
825 3151 941 3231 legem,
967 3160 1000 3213 et
1017 3161 1110 3212 tamen

189 3232 301 3294 dooere
326 3244 483 3313 trecentum
507 3235 733 3296 remittendum.

250 3320 299 3381 23.
323 3320 398 3378 Cum
422 3319 504 3379 dicut
524 3320 672 3399 scriptura
683 3317 812 3398 Spiritus
826 3318 938 3393 saneti,
963 3319 1034 3378 sine
1051 3319 1112 3397 lege

187 3407 347 3477 peccatum
371 3420 439 3461 esse
463 3411 630 3479 mortuum,
654 3408 701 3480 et,
730 3400 779 3459 ubi
803 3419 865 3460 non
890 3406 939 3460 est
965 3401 1035 3477 lex,
1057 3421 1112 3460 nnn

188 3501 257 3541 esse
282 3485 587 3562 praevaricationem.

250 3568 298 3630 24.
329 3567 368 3627 Ut
395 3568 586 3647 impossibile
619 3568 658 3627 sit
685 3586 754 3626 esse
777 3571 830 3625 aut
851 3565 988 3646 intelligi
1012 3586 1112 3648 peccu-

187 3654 250 3707 tum
273 3650 340 3709 sine
363 3649 444 3730 lege,
467 3651 533 3710 sive
555 3651 668 3731 scripta
693 3650 759 3710 sive
780 3649 948 3729 insculpta.

249 3732 299 3796 25.
321 3732 397 3795 Post
414 3734 564 3812 sequitur:
589 3733 665 3794 Cum
682 3733 799 3794 nullum
814 3732 854 3793 sit
870 3731 1018 3814 (sublata
1029 3733 1111 3814 lege)
