2332 4206
183 245 250 315 ffl
494 250 655 320 Disponis»
673 252 705 305 ll.
722 250 810 307 11.

271 437 303 499 2.
322 434 438 496 Harum
460 457 662 517 pemonanm
681 436 841 516 quaelibet
860 436 1107 512 totusestlleuu,

189 528 278 579 extra
299 538 390 597 quam
414 520 513 581 nullus
535 536 582 581 est
603 522 680 580 alius
704 522 798 581 Deus.

270 608 300 666 3.
322 601 389 662 lieo
410 608 513 663 umen
535 604 596 665 diei
619 614 733 684 potest,
755 603 929 683 quemlihet
942 621 1106 682 personam

189 685 290 746 solam
312 705 382 745 esse
403 687 514 749 Deum.

269 770 300 831 4.
326 768 393 828 Hoc
416 773 498 830 enim
519 771 601 830 idem
624 786 705 830 esset
726 770 847 847 dioere,
870 770 972 830 Deum
995 768 1107 829 nullum

186 869 267 928 esse,
288 871 359 912 orm
379 853 516 930 qualibet
537 874 672 934 persona
692 854 821 914 exclusa
832 860 917 913 totus
931 853 1017 912 Deus
1029 859 1109 912 esset

187 935 342 1008 exclusus,
365 946 397 996 et
416 938 572 1016 quaelibet
593 955 726 1018 persons
748 945 833 998 esset
851 936 993 998 melosa.

271 1046 300 1105 5.
332 1041 388 1100 llio
420 1044 502 1102 enim
531 1045 609 1103 ratio
637 1052 782 1127 oorrnpla
803 1042 949 1122 originali
982 1049 1108 1121 poooalo

187 1125 390 1205 captivanda,
412 1127 476 1185 imo
498 1126 723 1207 exstinguenda
745 1134 794 1185 est
816 1145 886 1184 eum
909 1143 969 1184 sna
991 1125 1060 1184 lnee
1081 1131 1109 1183 et

188 1209 341 1290 sapientia
361 1210 393 1268 in
416 1208 599 1289 obsequium
622 1209 704 1270 fidei.

270 1293 300 1354 6.
330 1291 422 1350 Aliud
455 1301 504 1352 est
533 1293 650 1353 disere:
692 1293 763 1353 Una
791 1310 930 1372 pomona
960 1299 1009 1350 est
1030 1297 1109 1349 totus

187 1373 282 1451 Deus,
305 1383 336 1434 et
356 1393 418 1434 una
438 1394 574 1455 persona
594 1376 664 1436 sola
685 1385 733 1436 est
754 1395 833 1435 unus
856 1375 953 1436 Deus.

270 1483 300 1543 7.
325 1478 493 1555 Quomodo
515 1488 617 1542 autem
640 1481 845 1562 distinguntur
865 1497 1005 1561 persona
1027 1499 1047 1539 a
1068 1478 1110 1538 di·

187 1563 314 1623 vinitate
336 1565 416 1644 ipsa,
439 1584 502 1624 non
524 1574 573 1625 est
593 1567 719 1626 rationis
741 1564 914 1645 inquirere,
937 1582 998 1623 neo
1021 1581 1111 1643 ange·

188 1645 226 1705 lis
249 1664 318 1706 eom
343 1647 537 1710 reheusibile.

270 1730 299 1793 8.
319 1666 387 1790 11110
411 1730 617 1811 periculosum
640 1738 672 1791 et
693 1728 864 1790 cavendum
880 1734 930 1789 est
942 1727 996 1807 ibi,
1020 1726 1111 1788 ullam

187 1831 257 1873 esse
278 1815 379 1893 putari
401 1813 640 1893 distinctionem
661 1834 729 1874 oum
753 1815 794 1873 sit
806 1810 966 1893 quaelibet
978 1830 1112 1892 persona

187 1895 361 1978 ipsissimus
379 1903 410 1957 et
431 1904 515 1957 totus
538 1898 632 1962 Deus.

270 1981 299 2041 9.
332 1979 516 2040 Fnrstranea
537 1990 586 2041 est
606 1980 756 2061 cogitatio
789 1984 821 2039 et
847 1977 938 2037 nihili
969 1975 1059 2040 Booti
1086 1981 1114 2035 et

187 2060 342 2203 Zimilium,
364 2065 414 2143 qui
436 2064 597 2125 formalem
619 2064 669 2124 vel
692 2064 784 2123 aliam
808 2061 1045 2122 distinctionem
1067 2059 1113 2120 hio

210 2152 352 2205 nxerunt.

253 2231 301 2292 10.
323 2227 473 2288 Nesciunt
495 2229 567 2309 quid
590 2229 755 2309 loquantur
776 2226 827 2288 vel
850 2225 1022 2303 affirment,
1044 2222 1111 2284 dnm

188 2309 301 2370 talrlius
335 2312 506 2390 sapientise
533 2313 707 2393 pharmacis
733 2313 887 2372 rationem
922 2311 1035 2369 iuvare
1066 2326 1113 2368 vo-

189 2393 266 2453 lunt.

253 2476 298 2539 11.
323 2475 401 2537 Nam
427 2484 582 2559 uteunque
604 2480 664 2538 ists
685 2476 838 2537 subtiliter
860 2474 923 2534 dioi
938 2474 1110 2551 videantur,

188 2559 267 2620 ratio
292 2566 394 2620 tamen
418 2579 480 2621 nou
505 2564 588 2641 espit
609 2561 837 2621 distinctionem
860 2558 1030 2618 formalem
1049 2575 1111 2618 esse

188 2643 291 2719 uliam,
318 2663 409 2721 qnam
431 2645 546 2706 realem
570 2665 624 2705 seu
647 2643 853 2704 essentialem.

251 2746 300 2805 ¹12.
332 2743 412 2818 Quia
433 2745 511 2804 ratio
534 2764 597 2804 non
622 2746 720 2825 oepit,
752 2762 842 2803 unum
865 2760 933 2801 rem
956 2741 1111 2801 indistino

188 2829 252 2885 tam
276 2845 346 2886 esse
368 2835 430 2888 tres
452 2847 501 2888 res
526 2827 694 2888 distinctos.

254 2909 301 2975 13.
325 2909 529 2970 Exoludeuda
550 2918 597 2972 est
621 2912 712 2991 igitur
735 2908 976 2985 mathematica,
1001 2915 1033 2969 et
1056 2926 1111 2968 om-

189 2988 236 3053 nis
270 2993 362 3052 totius
391 3002 551 3055 creaturae
582 2994 737 3075 cogitatio!
758 2994 790 3057 in
819 2988 981 3054 credenda
1012 2989 1111 3051 divini·

190 3077 263 3134 tate.

252 3157 300 3217 ll.
330 3155 477 3231 Quamvis
512 3178 575 3219 non
604 3160 701 3218 minus
735 3155 930 3236 impossibile
966 3156 1113 3231 videatur,

187 3237 266 3297 inter
292 3238 348 3298 has
384 3248 446 3300 tres
468 3261 516 3302 res
540 3243 629 3302 unius
659 3241 806 3321 simplicis
833 3241 996 3300 essentiae
1029 3257 1113 3299 unam

188 3321 255 3380 sine
277 3321 337 3380 alia
359 3323 471 3384 sautum
495 3325 660 3385 hominem.

252 3408 298 3468 15.
330 3405 410 3466 Vere
433 3415 536 3467 tamen
567 3406 786 3487 impossibilius
813 3410 875 3482 est,
911 3425 1011 3465 unam
1046 3403 1115 3465 indi-

187 3486 329 3546 stinctam
351 3507 416 3548 rem
439 3509 509 3549 esse
531 3499 592 3552 tres
614 3509 663 3550 res
686 3488 946 3551 distinotlsslmas.

253 3589 300 3650 ld.
332 3587 465 3649 Credere
496 3592 588 3671 igitur
609 3590 719 3651 Filium
742 3588 799 3648 Dei
822 3604 893 3647 esse
916 3587 1041 3650 fautum
1070 3590 1117 3649 ho·

188 3671 312 3747 minem,
335 3673 435 3732 minus
459 3681 515 3751 est,
539 3694 630 3753 quam
656 3672 791 3748 credere,
814 3671 918 3755 ipsum
943 3691 1020 3735 esse
1043 3672 1118 3734 Patri

185 3762 219 3823 et
242 3753 372 3846 Spiritui
396 3763 512 3841 stetteinx
526 3753 827 3821 sunsumtsntialem.
