2346 4208
310 261 417 319 mutuo
436 264 468 317 u.
486 262 565 321 aaa.
584 261 732 319 nutum..
939 260 979 325 lt

143 446 296 526 Primum,
324 448 365 510 mi
392 446 516 526 Emser,
546 448 655 509 omitto
683 444 892 525 blandiloquio
919 454 980 523 tua,

58 529 143 610 qaod
172 549 222 591 mc
253 531 348 593 virum
377 530 538 611 praedicas
565 550 634 593 rara
662 528 847 608 eruditione,
875 529 983 591 oscula

56 613 260 675 lechariotica
281 614 451 691 dissimulo,
475 614 584 693 quibus
608 613 663 675 sub
686 611 891 675 Bohemorum
913 633 980 694 per·

58 716 139 758 sona
161 696 297 776 mordes,
321 717 371 758 me
394 717 463 758 esee
486 717 593 775 unum,
616 698 667 776 qui
688 715 792 757 sacras
814 696 928 775 literas,
951 704 982 757 et

57 779 144 841 solus
160 781 320 860 attingam,
342 782 394 860 qui
416 781 524 841 oculos
547 781 703 841 cornicum
725 780 807 861 potis
829 781 886 839 sim
909 798 981 841 con·

57 863 164 944 figere.
206 863 354 944 Agnosco
380 865 461 925 enim
477 864 635 925 fortissimi
657 865 698 925 tui
722 862 860 944 theologi
883 882 981 925 scom-

57 953 158 1022 mata,
188 965 263 1007 saue
285 948 418 1025 erudita,
448 947 500 1027 qui
522 966 591 1007 cum
615 947 708 1007 verba
730 946 905 1027 scripturae
926 965 981 1026 per

57 1037 156 1090 totam
188 1029 434 1111 disputationem
461 1048 519 1091 nec
549 1029 720 1109 adducere,
758 1049 817 1090 nec
848 1027 982 1091 adducta

57 1120 166 1192 posset
189 1120 331 1191 tractare,
353 1112 464 1174 eodem
486 1114 595 1175 frutice
617 1120 648 1174 et
669 1115 736 1195 ipse
759 1132 882 1193 quoque
906 1119 980 1173 stru-

56 1195 121 1256 thio
139 1215 173 1255 se
186 1198 272 1275 texit,
295 1196 531 1277 prudentissime
553 1215 696 1275 causans,
718 1216 767 1257 me
789 1216 851 1257 uon
873 1215 978 1276 recep-

57 1286 124 1339 tare
135 1279 258 1339 Petrum
280 1281 471 1358 autoritates,
494 1299 569 1359 quas
593 1299 652 1340 nec
673 1281 756 1360 ipses
778 1279 981 1360 intelligebat,

56 1362 309 1442 necintelligere
332 1364 466 1424 volebat.
503 1363 573 1425 Non
596 1365 678 1424 euim
700 1362 826 1442 patebat
847 1363 909 1423 alia
932 1365 982 1425 via

56 1465 133 1505 auae
165 1464 320 1507 sacrarum
360 1446 513 1507 literarum
548 1448 759 1527 ignorantiae,
800 1448 980 1525 praesertim

57 1547 163 1589 coram
192 1529 285 1608 vulgo
309 1528 513 1607 colorandas,
544 1548 635 1608 quam
659 1536 693 1588 ut
713 1528 836 1589 deserta
858 1540 888 1589 et
910 1548 981 1589 cou-

57 1618 177 1690 tempta
205 1611 362 1691 Scriptura
390 1618 498 1673 sancta
529 1632 579 1671 mc
608 1611 763 1692 configere
789 1618 840 1687 (ut
867 1622 898 1672 tu
924 1612 984 1674 ele·

57 1696 255 1775 gautissimus
280 1704 393 1756 „orator
420 1695 510 1763 dicis)
536 1696 652 1755 diceret
679 1695 835 1755 cornicum
865 1694 984 1757 oculos.

56 1776 119 1838 Sed
140 1777 252 1839 habete
275 1778 362 1840 vobis
383 1780 466 1840 huuc
483 1778 661 1859 theologiae
677 1778 842 1839 discendae
853 1797 982 1856 morem,

57 1867 90 1920 ut
113 1862 208 1922 verba
229 1861 286 1922 Dei
307 1861 347 1922 ad
370 1863 514 1922 iudicium
538 1864 701 1924 verborum
722 1861 881 1922 hominum
903 1868 980 1922 trac·

56 1945 137 2006 tetis.
178 1944 248 2025 Ego
267 1964 336 2005 cum
348 1946 445 2007 Paulo
464 1952 495 2006 et
509 1947 683 2026 Augustino
707 1944 801 2006 verba
821 1944 980 2006 hominum
1040 2020 1042 2023 v

55 2027 96 2088 ad
128 2027 274 2088 iudicium
308 2029 472 2091 verborum
499 2029 557 2089 Dei
585 2037 698 2106 tracto,
735 2029 816 2090 malo
844 2049 863 2089 a
892 2028 981 2089 vobis

55 2112 196 2171 accusari
218 2120 378 2173 cunctator
395 2114 425 2172 in
453 2112 553 2173 verbis
576 2113 744 2190 homiuum,
767 2131 857 2191 quam
881 2111 981 2174 vobis-

57 2215 126 2255 cum
151 2195 268 2255 laudari
291 2203 487 2275 contemptor
508 2197 670 2257 verborum
693 2197 760 2255 Dei.

141 2278 208 2338 Huc
236 2280 309 2338 mihi
338 2280 491 2357 ausculta,
522 2298 581 2358 qua
604 2288 635 2339 tu
658 2299 740 2340 nova
760 2279 911 2359 religione
932 2297 980 2337 ar·

58 2363 166 2424 boram
181 2360 297 2439 laudas,
322 2370 353 2422 et
365 2363 478 2422 fructus
499 2364 563 2422 eius
587 2362 764 2442 vituperas?
793 2363 842 2421 An
864 2370 895 2422 ιιι
919 2379 980 2423 uon

57 2446 216 2506 cornicum
240 2446 347 2505 oculos
370 2446 511 2524 conligis,
534 2445 588 2504 sed
607 2447 666 2525 ipsi
688 2446 819 2524 Christo,
843 2447 979 2505 omnium

58 2529 144 2606 duci,
175 2528 388 2588 contradicens
418 2528 457 2588 de
484 2530 546 2588 vite
516 2535 605 2588 tet
624 2527 685 2588 ficu
707 2529 810 2607 spinas
834 2534 865 2588 et
853 2527 978 2589 ttribu·

57 2612 105 2672 los
129 2611 268 2692 colligis?
305 2612 443 2672 Nout
397 2633 429 2671 ru
431 2611 543 2691 telligis
566 2610 639 2690 quid
662 2610 775 2672 velim?
816 2610 979 2672 Martinam

58 2695 135 2755 dicis
161 2696 356 2771 catholicum,
380 2707 407 2755 et
431 2697 483 2774 qui
505 2696 584 2755 nolit
605 2696 813 2755 Bohemorum
837 2713 906 2754 esse
928 2713 979 2773 pa·

57 2787 179 2855 tronus,
206 2786 271 2838 rect
273 2798 352 2857 eque
374 2780 464 2858 facis,
489 2798 542 2839 cur
565 2798 638 2859 ergo
661 2779 853 2858 iniquissimo
876 2779 979 2837 animo

57 2863 134 2939 fers,
165 2861 312 2942 dogmata
335 2883 403 2922 mea
424 2862 547 2943 probari
570 2861 737 2923 Bohemis?
781 2860 876 2934 Quasi
899 2879 981 2920 nova

58 2908 143 3005 Eccii
171 2947 213 3005 tui
242 2945 404 3006 dialectica
429 2953 517 3023 (nour
546 2947 638 3006 simili
666 2955 696 3006 et
722 2945 776 3004 ille
805 2945 897 3003 utitur
919 2942 979 3002 dis-

57 3028 180 3089 serendi
202 3031 286 3089 scien
289 3031 344 3102 ιιι)
368 3030 449 3089 huuc
480 3049 609 3090 necesse
639 3032 678 3090 ιιι
700 3028 907 3088 Bohemorum
929 3045 980 3106 pa-

58 3123 180 3172 tronum
202 3133 281 3191 esso,
305 3114 355 3191 qui
376 3113 459 3172 dicat
480 3113 562 3192 quod
584 3114 729 3174 Bohemis
751 3110 861 3206 probet
863 3130 907 3188 ur,
930 3118 982 3169 aut

17 3272 20 3275 Α
58 3215 122 3256 uon
145 3194 256 3257 debere
280 3198 344 3256 eius
368 3197 429 3256 dict
418 3204 448 3256 ta
462 3197 607 3257 Bohemis
631 3199 763 3276 placere,
786 3195 838 3273 qui
860 3200 982 3253 recuset

57 3299 129 3339 csse
157 3299 262 3340 eorum
294 3289 348 3359 pat
349 3300 452 3341 nonus.
496 3280 642 3376 Magister
665 3300 697 3339 cs
720 3279 839 3339 Artium
862 3283 893 3337 et
915 3276 980 3335 Phi-

57 3363 237 3442 losophiae,
267 3383 330 3423 uon
361 3365 540 3425 meministi:
503 3363 710 3425 trPartibus
739 3382 779 3422 ex
802 3361 884 3442 puris
907 3359 980 3418 nihil

57 3447 216 3525 sequitur?
239 3446 319 3520 Quid
333 3449 379 3508 his
394 3446 560 3509 larvalibus
575 3447 762 3527 syllogismis
784 3443 867 3503 aliud
890 3461 979 3521 quae·

59 3532 118 3607 ris,
143 3530 213 3591 dum
239 3532 411 3591 universale
433 3534 543 3591 misces
567 3539 634 3610 part
623 3527 764 3590 ticulari?
787 3535 817 3588 et
839 3527 900 3587 hoc
920 3545 982 3586 rur·

58 3633 125 3675 sum
148 3614 201 3690 illi,
224 3616 281 3674 uisi
307 3624 338 3675 ut
361 3623 413 3676 aut
433 3616 589 3675 Bohamus
612 3617 684 3691 eim,
712 3618 765 3671 aut
787 3613 891 3672 omnia
914 3628 983 3670 mea

58 3715 240 3760 revocarrm.

145 3781 195 3841 Sic
211 3780 328 3841 incedis
347 3801 438 3863 super
454 3784 573 3864 aristas,
596 3790 628 3842 et
650 3778 782 3840 lubricus
803 3795 848 3856 es,
869 3783 903 3838 ut
923 3777 985 3837 lec-

85 3887 177 3928 Lutheri
194 3898 243 3935 opp.
263 3890 286 3928 V.
300 3888 326 3927 A.
341 3889 370 3928 ad
383 3889 424 3929 ref.
439 3889 490 3931 hist.
505 3891 520 3931 l.
534 3901 557 3941 p.
573 3891 625 3933 Vol.
638 3892 678 3934 IV.
848 3863 872 3925 εὶ
