2346 4208
192 249 256 318 286
504 251 656 307 'Tractatus
673 252 789 310 Lutberl

195 459 274 517 rere,
295 459 375 519 quae
396 459 452 502 sua
470 447 556 519 sunt,
584 442 702 518 nititur,
733 441 765 502 id
787 442 871 521 quod
895 443 1021 522 spiritns
1050 440 1115 503 fidei

194 523 273 584 ferre
292 528 357 583 'non
380 532 484 603 potest
512 543 612 604 neque
640 525 781 601 valet¹),
814 532 845 585 ct
871 524 1054 606 aggreditur
1079 526 1125 612 ¹¹³3

195 607 251 667 lari
274 606 375 667 studio
407 608 446 668 ad
477 608 708 687 opprimendam
743 612 775 669 et
805 607 1016 669 coercendam
1044 628 1116 685 eam,

196 691 275 750 sicut
302 689 413 750 Paulus
440 691 514 751 dicit
535 691 625 752 Rom.
649 695 682 755 7:
720 690 928 752 condelector
965 692 1028 772 legi
1057 692 1116 770 Dei,

195 773 362 834 secundum
385 774 559 834 interiorem
583 775 753 853 bominem,
781 775 874 836 video
901 781 1008 841 autem
1033 775 1117 836 aliam

195 856 297 937 legem
328 858 359 916 in
387 857 529 918 membris
558 859 633 918 meis
666 865 889 939 repugnantem
919 858 983 938 legi
1013 859 1117 919 mantis

195 959 284 1000 meae
306 947 338 999 et
359 942 564 1020 captivantem
588 960 637 1001 me
658 942 687 1000 in
712 940 811 1023 legem
829 943 961 1022 peccati.
1009 941 1053 1003 nt
1073 941 1118 1003 ali·

195 1022 242 1084 bi:
273 1023 399 1103 Castigo
422 1042 533 1105 corpus
557 1043 672 1103 meum,
695 1031 726 1085 et
746 1027 776 1085 in
798 1026 978 1085 servitutem
1006 1025 1117 1107 redigo,

196 1125 237 1166 ne
258 1105 337 1167 forte
365 1107 434 1167 aliis
456 1107 637 1186 praedicans
666 1109 733 1187 ipse
755 1107 902 1188 reprobus
927 1106 1067 1188 efficiar,
1093 1115 1119 1169 et

195 1187 265 1251 Gal.
284 1193 316 1253 5:
340 1188 398 1264 Qui
421 1190 530 1251 Christi
553 1197 632 1264 sunt,
656 1209 779 1251 carnem
797 1211 883 1252 suam
901 1190 1119 1253 crucifixerunt

198 1291 266 1332 cum
290 1274 547 1352 concupiscentiis
570 1275 642 1334 ruis.

278 1355 392 1416 Verum
417 1375 454 1417 ea
476 1375 572 1437 opera
594 1362 717 1436 oportet
738 1375 799 1417 non
822 1376 860 1417 ea
882 1355 948 1417 lieri
963 1358 1119 1438 opinione,

196 1456 259 1518 quo
282 1457 337 1518 per
357 1441 425 1519 ipsa
448 1458 550 1500 coram
565 1440 631 1500 Deo
655 1438 1026 1519 iustificeturquisquam,
1049 1441 1120 1502 hano

196 1521 278 1581 enirn
300 1521 408 1582 salsam
433 1524 610 1602 opinionem
639 1522 716 1583 fides
739 1541 800 1584 non
824 1522 917 1602 feret,
954 1523 1120 1603 quaerela

196 1611 244 1664 est
263 1605 378 1665 iustitia
400 1625 504 1665 coram
528 1607 612 1682 Deo,
642 1606 696 1666 sed
720 1606 817 1667 solum
841 1626 879 1667 ea
900 1607 1073 1686 opinione,
1093 1611 1120 1665 ut

196 1706 307 1768 corpus
329 1690 360 1748 in
383 1690 558 1750 servitutem
574 1689 739 1769 redigatur,
763 1696 794 1749 et
815 1689 995 1769 purificetur
1018 1710 1039 1750 a
1056 1708 1119 1750 con·

198 1773 393 1851 cupiscentiis
406 1773 468 1832 suis
481 1773 581 1850 malis,
592 1775 635 1833 ita
647 1773 807 1833 utoculum
822 1773 953 1833 nonnisi
967 1781 1072 1834 vertat
1085 1770 1119 1833 ad

198 1856 466 1934 concupiscentias
481 1856 706 1936 expurgandas.
751 1854 825 1915 Cum
839 1857 920 1916 enim
942 1857 1053 1917 anima
1073 1874 1120 1936 per

201 1935 291 1997 fidem
316 1944 447 2019 purgata
469 1940 507 1998 sit
530 1946 560 1999 et
583 1959 690 1999 amans
709 1939 765 1998 Dei
785 1939 880 2018 facta,
901 1939 1002 2000 vellet
1024 1939 1120 2001 omniu

199 2022 313 2101 pariter
335 2023 466 2101 purgari,
494 2024 659 2102 praecipue
682 2041 791 2102 corpus
813 2023 983 2102 proprium,
1007 2031 1043 2083 ut
1064 2041 1120 2083 nm·

198 2104 250 2163 nia
272 2123 375 2163 secum
398 2111 537 2165 amarent
559 2113 589 2165 et
612 2103 772 2165 laudarent
793 2105 900 2164 Deum.
946 2105 995 2165 lta
1017 2105 1066 2184 lit,
1093 2110 1121 2164 ut

196 2185 292 2247 homo
315 2188 459 2265 exigente
483 2189 621 2268 corporis
643 2189 688 2248 sui
711 2206 804 2247 causa
827 2189 915 2248 otiari
930 2206 996 2249 non
1020 2188 1120 2270 possit,

201 2277 389 2349 cogaturque
412 2269 452 2330 ob
475 2270 504 2330 id
529 2271 622 2331 multa
646 2271 725 2331 bona
749 2273 887 2350 operari,
923 2276 957 2329 ut
979 2274 1011 2331 in
1037 2270 1119 2332 servi·

200 2359 294 2412 tutem
317 2354 445 2433 redigat.
489 2352 615 2437 Hae02)
641 2361 743 2413 tamen
775 2373 868 2433 opera
899 2354 970 2431 ipsa
1002 2374 1067 2416 non
1094 2351 1119 2412 id

200 2443 278 2512 sunt,
305 2455 365 2515 quo
381 2435 561 2497 iustificetur
577 2456 679 2497 oorarn
694 2438 771 2514 Deo,
794 2437 847 2496 sed
860 2437 997 2517 gratuito
1022 2456 1120 2498 amore

199 2539 237 2580 ea
259 2519 350 2579 faciat
371 2521 401 2578 in
421 2520 601 2598 obsequium
616 2521 681 2598 Dei,
704 2520 871 2580 nibilaliud
893 2520 1014 2580 intutus
1038 2538 1121 2600 qoam

202 2602 335 2662 divinum
359 2603 600 2682 beneplacitum,
634 2603 682 2662 cui
713 2623 768 2683 per
790 2605 894 2663 omnia
920 2603 1021 2664 vellet
1043 2604 1121 2664 obse

199 2686 249 2765 qui
271 2685 505 2747 officiosissime.

282 2769 348 2828 Hac
375 2770 495 2829 ratione
524 2771 652 2848 quisque
686 2788 720 2829 se
746 2771 845 2848 ipsum
880 2769 1005 2831 erudire
1040 2769 1121 2832 facile

199 2859 318 2932 potest,
353 2870 413 2929 qua
447 2872 588 2912 mensura
615 2860 668 2912 aut
696 2850 880 2912 discretione
913 2855 966 2928 (ut
1002 2853 1119 2928 dicunt]

202 2954 314 3016 corpus
339 2955 425 2995 suum
450 2937 600 3015 castigare
623 2934 744 3013 debeat,
767 2942 882 2994 tantum
907 2937 990 2995 enim
1016 2938 1122 2999 ieiuna·

200 3017 266 3094 bit,
289 3017 437 3098 vigilabit,
462 3017 623 3094 laborabit,
646 3026 791 3096 quantum
815 3019 889 3078 satis
911 3037 984 3079 esse
1008 3020 1121 3095 viderit,

200 3099 240 3160 ad
267 3103 404 3180 corporis
428 3101 584 3162 lasciviam
620 3109 651 3161 et
681 3102 963 3181 concupiscentiam
989 3122 1121 3183 premen-

202 3183 284 3246 dam.
330 3183 388 3258 Qui
412 3204 485 3244 vero
508 3192 707 3264 praesumunt
720 3184 863 3264 operibus
885 3184 1059 3263 iustificari,
1081 3184 1123 3247 ob·

201 3273 326 3327 servant
348 3286 409 3327 non
432 3267 700 3328 mortificationem
724 3269 1057 3347 concupiscentiarum,
1078 3266 1122 3330 sed

200 3351 268 3430 ipsa
289 3357 404 3410 tantum
429 3370 538 3429 opera,
562 3352 757 3427 arbitrantes,
785 3353 809 3411 si
833 3351 925 3410 modo
950 3371 1047 3431 quarn
1068 3351 1122 3434 plu·

200 3434 278 3493 rima
301 3440 331 3493 et
353 3436 485 3493 maxima
506 3434 643 3512 fecerint,
666 3454 735 3495 sese
753 3432 958 3495 benebabere
981 3443 1015 3496 et
1037 3439 1123 3497 iustos

201 3516 299 3578 factos
324 3536 409 3589 esse,
449 3517 613 3596 aliquando
645 3524 676 3577 et
703 3518 859 3579 cerebrum
887 3517 1070 3595 laedentes,
1099 3524 1123 3577 et

201 3607 341 3661 naturam
357 3601 597 3680 exstinguentes,
609 3610 661 3661 aut
673 3600 783 3661 saltem
796 3600 934 3660 inutilem
949 3601 1121 3666 reddentes:

276 3725 302 3783 t)
324 3720 504 3775 laodien:
537 3721 618 3773 volet.
657 3720 686 3785 2)
707 3718 735 3772 ln
762 3719 804 3773 ed.
831 3721 917 3788 orig:
950 3723 1010 3776 Nec
1040 3733 1120 3781 tamen

201 3807 287 3861 opera
304 3794 366 3861 ipra
384 3807 441 3846 non
460 3790 489 3844 id
507 3796 580 3845 aunt.
