2346 4208
123 233 185 306 178
229 226 231 230 ³
391 233 597 295 Oondemnatio
617 236 779 295 doctrinalis

8 492 17 500 ,
120 427 229 506 felices
251 427 288 490 Ε.
311 427 495 511 dignitates,
531 431 566 489 et
585 446 635 487 me
657 426 797 490 Domino.
821 426 969 508 precibus
988 422 1046 488 suis

121 510 338 574 commendare
360 510 464 575 velint.
487 509 536 570 Ex
551 510 709 590 Papiol.*]
733 513 762 574 4.
784 510 938 574 Decemb.
960 513 1046 572 Anno

203 679 361 741 Universis
383 681 415 738 et
436 675 564 758 singulis
585 675 641 736 has
663 683 785 738 nostras
811 676 924 738 literas
943 677 1049 738 visuris

122 773 154 826 et
176 762 323 823 audituris
346 761 491 821 Dacanus
515 767 546 820 et
566 759 710 822 Facultas
731 778 842 821 sacrae
858 760 1049 842 Theologiae

123 847 306 909 universalis
328 843 422 915 stadii
445 842 647 905 Lovanieusis
670 862 738 904 cum
753 845 879 906 sincera
893 851 1049 907 common

123 930 249 1005 datione
271 927 412 990 salutem.

135 1080 138 1085 ,
208 1012 355 1088 Quamvis
378 1028 486 1071 omnes
516 1010 641 1080 omnino
666 1007 831 1069 Christiani
860 1010 905 1071 ad
929 1009 1004 1073 fidei
1023 1017 1051 1072 et

124 1092 232 1159 'sacrae
255 1094 413 1156 doctrinae
441 1092 653 1153 defensionem
676 1091 814 1172 Christo,
852 1095 903 1154 cui
941 1114 1051 1157 nomen

126 1179 285 1254 dederunt,
310 1184 341 1239 et
362 1177 447 1237 cuius
462 1183 655 1237 sacramento
678 1175 819 1255 ligantur,
843 1179 906 1238 sint
927 1179 1052 1257 astricti,

126 1262 165 1327 ad
188 1261 218 1331 id
240 1269 344 1322 tamen
367 1259 567 1339 obligatiores
591 1276 660 1321 esse
684 1265 820 1338 constat,
843 1279 926 1340 quos
948 1280 1052 1323 sacrae

126 1344 304 1425 theologiae
326 1342 478 1423 professio
501 1341 664 1422 specialius
691 1343 827 1422 stringit,
862 1345 943 1406 istos
973 1348 1051 1407 enim

132 1434 256 1510 oportet
279 1446 348 1488 esse
370 1431 515 1506 potentes
538 1426 569 1485 iu
592 1443 687 1504 opere
711 1431 742 1486 et
762 1444 923 1509 sermone,
948 1434 982 1489 ut
1002 1449 1055 1509 per

113 1524 247 1575 'sacram
269 1509 442 1571 doctrinam
464 1508 711 1570 contradicentes
723 1508 922 1592 redarguant,
947 1518 980 1573 et
999 1530 1053 1594 pro

127 1597 221 1659 domo
244 1593 339 1655 lsrael
362 1612 396 1653 se
415 1611 534 1653 murum
558 1597 729 1671 opponant.

210 1677 291 1741 Hinc
312 1682 370 1754 est,
390 1675 473 1755 quod
495 1695 553 1735 nos
574 1674 646 1735 huic
665 1673 769 1737 debito
791 1695 848 1757 pro
871 1677 989 1738 viribus
1011 1695 1053 1738 sa

128 1766 270 1829 tissacere
291 1779 327 1819 cu
352 1760 449 1819 ientes
481 1776 564 1819 anno
586 1760 744 1838 superiore
765 1759 874 1820 librum
898 1761 1053 1840 quendam

129 1834 163 1912 F'.
186 1844 307 1907 Martini
329 1778 452 1920 hather,
475 1841 619 1903 Doctoris
645 1845 696 1916 (ut
717 1842 843 1913 dicitur)
869 1843 1056 1906 Universita·

131 1934 174 1999 tis¹
209 1925 499 2005 Vnitenhergensis,
558 1925 609 2004 qui
655 1925 754 2004 prima
799 1926 925 2006 faciel)
967 1928 1055 1989 nabis

130 2017 214 2078 visus
247 2011 303 2072 fuit
325 2007 527 2069 scandalosus
558 2015 589 2068 et
611 2007 722 2069 Christi
754 2010 906 2071 ecclesiae
936 2012 1057 2085 noxius,

132 2097 316 2169 curavimus,
339 2092 525 2171 quantumin
548 2090 638 2152 nohis
659 2091 725 2169 fuit,
747 2112 787 2152 ne
808 2095 839 2153 in
861 2101 973 2155 nostra
987 2095 1057 2156 Uni·

133 2183 279 2244 versitate
301 2175 424 2256 publice
438 2173 629 2237 venderetur.
653 2174 766 2235 Verum
779 2195 847 2236 cum
866 2180 1059 2257 experientia

133 2263 391 2344 comperissemus
415 2256 497 2317 istud
519 2256 619 2316 adhuc
641 2258 716 2317 satis
739 2277 802 2319 non
826 2279 912 2339 esse,
948 2261 1005 2322 sed
1026 2261 1057 2321 li·

133 2349 219 2412 brum
247 2352 278 2406 et
307 2351 445 2402 autorem
478 2341 543 2401 eius
577 2340 689 2402 multos
721 2340 835 2403 habere
868 2344 1009 2407 fautores
1031 2352 1060 2405 et

134 2431 329 2507 defensores,
369 2431 542 2485 asserentes
565 2424 653 2484 huius
683 2421 752 2485 libri
785 2425 960 2488 doctrinam
989 2447 1060 2489 vers

134 2535 204 2578 esse
225 2510 442 2586 Christianam,
465 2526 593 2588 quorum
617 2526 708 2569 suasu
730 2515 762 2568 at
784 2512 957 2573 autoritate·
976 2512 1060 2572 multi

135 2620 175 2663 ex
197 2591 434 2678 simplicioribus
457 2592 557 2671 ipsum
578 2589 685 2653 librum
709 2592 848 2670 cupidius
871 2597 1061 2677 amplectun-

135 2693 201 2765 tur,
231 2688 263 2742 et
285 2697 304 2738 a
326 2676 513 2752 sinceritate,
536 2693 616 2753 quae
637 2675 667 2733 in
692 2674 812 2737 Christo
836 2685 898 2757 est,
920 2687 1060 2742 avertun·

135 2775 193 2846 tur,
214 2764 315 2825 visum
338 2763 386 2819 est
407 2758 497 2822 nobis
519 2758 729 2819 necessarium
752 2767 890 2821 nostram
913 2763 1062 2826 adhibere

135 2865 307 2911 censuram.
461 2897 471 2916 ,

217 2931 324 3009 ltaque
346 2924 552 3005 supradictum
575 2922 684 2984 librum
708 2926 972 3006 complectentem
986 2930 1061 2993 Gou-

135 3017 289 3078 clusiones
301 3008 473 3088 nonaginta
488 3007 622 3086 quinque
635 3026 702 3067 cum
725 3010 788 3070 suis
802 3010 1063 3076 declarationibus

136 3107 167 3162 at
195 3094 352 3178 responsis
386 3091 425 3151 ad
448 3090 629 3152 Silvestrum
658 3091 696 3152 de
718 3092 850 3173 Prierio,
881 3097 1061 3179 Magistrum

135 3183 214 3247 sacri
238 3177 357 3254 Palatii,
378 3177 450 3235 item
475 3192 649 3235 sermonem
674 3174 712 3235 de
733 3179 936 3259 poenitentia,
951 3198 1061 3242 sermo·

135 3287 206 3328 nem
229 3265 267 3325 de
289 3259 621 3335 excommunicatione,
644 3277 816 3321 sermonem
840 3261 880 3324 de
901 3264 1063 3346 indulgen·

136 3353 201 3430 tiis,
235 3360 410 3408 sermonem
439 3339 478 3401 de
502 3345 740 3421 praeparatione
761 3344 799 3404 ad
831 3347 1063 3424 eucharistiam,

135 3437 208 3496 item
231 3429 375 3493 Andreae
395 3423 604 3496 archidiaconi
630 3429 861 3506 propositiones
891 3431 1061 3513 apologeti-

136 3538 198 3589 cas,
210 3525 241 3579 et
262 3509 509 3595 praeceptorium
521 3506 567 3587 ²).

210 3645 238 3714 l)
262 3647 289 3696 ln
309 3645 351 3698 ed.
371 3647 457 3714 orig:
476 3646 544 3697 acic.
581 3638 612 3701 2)
632 3635 662 3688 ln
684 3634 727 3687 ed.
746 3631 810 3688 len.'
831 3633 933 3686 desunt
966 3634 1059 3690 verb⁸:

135 3718 200 3772 Item
221 3718 350 3770 Andreae
370 3744 403 3752 —
421 3712 651 3786 praeceptorium.

209 3792 234 3859 ⁸)
255 3790 367 3843 Loasoh.
388 3789 446 3842 aar.
467 3789 528 3846 Act.
546 3786 594 3843 ΙΙΙ.
611 3797 638 3851 p.
656 3780 724 3836 855:
745 3777 788 3830 Ex
808 3775 904 3844 Papia.
