2346 4208
351 232 409 287 ad
425 181 483 289 loln
502 233 800 303 limium-Responsio.
999 229 1044 295 -65

119 423 197 485 cleri
220 421 430 499 abominatur,
451 422 614 483 simoniam
637 429 668 483 et
689 422 849 483 Romanae
870 421 1046 502 rapacitatis

121 508 310 587 imposturas
332 512 512 585 ceterasque
537 515 641 586 pestes
662 506 841 586 proscindit.

208 589 283 664 Quis
316 589 374 648 nisi
401 595 516 649 mente
555 596 656 650 motus
693 588 1046 669 malignissimorumque

122 691 243 734 morum
278 672 400 732 furcifer
436 678 537 732 tantas
560 671 677 733 aboleri
698 678 803 753 pestes
825 691 887 733 non
911 671 1046 751 optarit?

123 755 201 831 Quis
223 755 414 818 Christianus
437 775 565 836 regnum
590 755 702 816 christi
722 755 810 834 nolit,
832 753 916 834 qnod
938 754 1044 814 immu-

123 847 185 916 tet,
217 839 346 899 innovet
368 845 398 898 et
420 838 564 899 emendet
586 839 709 899 omnis?
746 837 820 913 Quis
845 846 969 898 nostrae
990 838 1046 897 im-

123 923 254 1003 peritiae
276 922 503 1003 sugillationem
517 921 684 982 abhorrens
706 941 770 983 non
791 921 885 983 habet
905 923 934 980 in
956 922 1047 999 votis,

123 1014 158 1065 ut
178 1004 349 1086 profligatis
373 1005 543 1083 sterilibus,
572 1005 744 1065 infelicibus
775 1012 806 1066 et
838 1003 1047 1086 ingeniperdis

122 1088 322 1149 restituantur
340 1087 537 1168 fecundiora,
560 1087 715 1167 beatiora,
737 1090 954 1167 sanctioraque
983 1087 1045 1147 lite·

122 1191 225 1233 rarum
247 1171 371 1231 studia?
400 1171 522 1232 Utinam
546 1178 648 1232 autern
673 1180 706 1232 ut
727 1170 927 1232 reflorescere
950 1172 1047 1231 bonas

123 1255 288 1332 artes,·ita
309 1262 340 1315 et
362 1274 465 1315 mores
489 1255 588 1314 redire
611 1254 786 1333 videamus,
808 1255 839 1314 id
862 1251 1048 1334 quod-Mar·

123 1340 181 1400 tini
204 1344 267 1398 >est
293 1336 436 1398 studium.
479 1337 525 1397 Tu
557 1357 631 1398 vero
668 1339 845 1418 magistrum
877 1338 1047 1398 honestatis

122 1424 303 1502 impugnas,
332 1429 363 1481 et
384 1420 466 1501 quod
489 1421 529 1481 ad
552 1422 653 1482 literas
675 1423 823 1501 pertinet,
851 1441 952 1482 novos
974 1439 1047 1482 con-

123 1504 262 1565 sarcinas
296 1506 550 1578 commentarios,
596 1504 635 1563 ad
672 1504 846 1584 perdendas
879 1523 1048 1584 generosas

123 1587 362 1648 adolescentum
382 1587 520 1663 indoles,
557 1589 643 1666 quasi
674 1589 735 1646 iam
767 1604 831 1648 non
863 1595 936 1648 ante
957 1588 1047 1667 nugis

123 1671 221 1734 simus
244 1669 394 1731 adobruti.
950 1739 953 1747 ¹

208 1752 304 1814 Porro
333 1754 442 1814 minori
472 1753 609 1834 periculo
640 1753 807 1814 intentatur
834 1753 911 1813 haec
932 1771 1046 1812 novarr-

125 1835 231 1897 darum
254 1856 354 1897 rerum
379 1835 540 1918 cupiditas,
563 1856 653 1917 quam
678 1835 837 1898 verbosius
852 1843 1048 1919 expurgetur,

124 1918 182 1981 sed
214 1921 240 1980 si
273 1921 399 1980 omnino
432 1919 463 1979 id
494 1921 525 1979 in
549 1920 638 1981 nohis
673 1918 883 1997 damnabitur,
918 1919 1050 2000 posthac

124 2003 266 2065 fortassis
304 2023 367 2064 non
397 2021 614 2082 usquequaque
643 2003 769 2064 indocte
796 2003 980 2073 satisfacturi
1002 2022 1049 2063 su·

124 2105 203 2147 mus.
246 2086 379 2148 Accedit
397 2086 437 2146 ad
469 2087 547 2147 haec
569 2106 729 2151 causarum
753 2087 933 2167 praecipua:
978 2085 1049 2145 Pius

126 2188 236 2250 magus
266 2178 312 2230 est
334 2169 502 2248 Lutherus,
536 2170 679 2231 indoctos
714 2172 811 2231 nostri
838 2171 960 2251 generis
992 2168 1049 2230 sibi

125 2252 246 2334 philtris
263 2252 408 2330 devincit,
431 2253 546 2332 alioqui
560 2252 645 2314 nulla
658 2257 736 2315 ratio
759 2255 842 2334 capit
859 2261 920 2313 tam
944 2272 1048 2325 crasso

126 2337 230 2416 capite
259 2336 357 2415 viros,
390 2337 447 2396 nisi
480 2338 670 2413 incantatos,
707 2340 836 2418 gratiam
858 2357 927 2396 cum
956 2336 1050 2396 Musis

124 2420 273 2497 inituros,
308 2419 467 2479 mirificum
491 2419 706 2499 pharmacum,
741 2421 824 2500 quod
853 2423 903 2500 qui
933 2424 1049 2491 miscet,

125 2502 225 2564 altero
250 2502 324 2563 orbe
346 2522 446 2583 paene
470 2503 609 2563 dissitum
631 2503 770 2564 inebriat.

212 2584 254 2646 At
276 2605 333 2646 nos
356 2592 457 2647 terrae
489 2585 541 2647 lilii
564 2588 697 2666 apertius
720 2587 895 2666 loquamur,
935 2593 973 2660 et
987 2602 1049 2666 stoa-

126 2669 221 2750 pham
243 2669 405 2750 scapham,
438 2689 615 2749 aeriamque
643 2689 758 2729 serram
781 2689 894 2730 vocare
917 2677 1049 2749 oportet.

125 2753 283 2815 Germana
303 2755 416 2814 veritas
439 2760 470 2814 et
491 2755 640 2814 inviolata
661 2755 767 2830 virtus,
791 2773 870 2832 quae
892 2753 975 2812 Deos
997 2753 1051 2812 ho·

127 2838 288 2916 minesque
318 2839 350 2896 in
380 2856 518 2897 amorem
553 2839 598 2896 sui
626 2836 771 2917 pellicere
794 2844 926 2916 queunt,
964 2836 1050 2914 ipsae

124 2921 299 3001 ipsissimas
322 2928 406 2996 suni,
440 2940 520 2999 quae
551 2940 608 2980 nos
637 2921 707 2980 huic
729 2920 915 2980 devinciunt.
960 2917 1051 2978 Vide-

127 3025 195 3065 mur
227 3022 308 3064 nunc
334 3003 423 3064 nobis
446 3003 569 3081 videre,
609 3004 682 3083 quid
716 3005 756 3064 ad
790 3005 868 3064 hsec
900 3001 1052 3078 modestia

124 3086 280 3165 Ecciana,
302 3106 393 3167 qnam
416 3089 510 3148 iactet
532 3106 655 3162 manus,
679 3088 805 3164 oculos,
828 3092 936 3166 caput,
960 3102 1050 3171 qnam

127 3172 267 3232 manibus
284 3171 476 3251 pedibusque
500 3177 698 3248 contestetur,
721 3171 795 3231 nihil
819 3189 951 3250 unquam
976 3188 1050 3229 vero

124 3255 297 3316 absimilins
319 3256 443 3316 dictum.
486 3254 528 3313 At
550 3256 598 3314 sni
621 3274 722 3314 mores
750 3253 870 3315 sinendi
899 3261 970 3312 sunt
998 3252 1050 3312 ho·

125 3339 211 3415 mini,
235 3356 312 3417 quos
332 3345 453 3418 praeter
475 3345 606 3399 mortem
628 3338 673 3397 illi
693 3337 809 3398 adimet
832 3356 934 3399 nemo.

210 3421 274 3481 Nos
296 3423 468 3482 institutum
492 3429 630 3482 nostrum
660 3421 841 3481 certioribus
865 3418 1052 3499 argumentis

126 3523 218 3584 quam
252 3506 483 3565 asseveratione
510 3506 578 3564 sola
608 3523 836 3584 persequemur.
880 3504 941 3563 Diu
963 3503 1052 3582 pleri·

127 3607 188 3668 que
210 3594 350 3648 nostrum
370 3586 594 3665 nesciebamus,
616 3599 723 3648 aterne
745 3608 783 3648 an
799 3585 947 3648 candidus
969 3594 1054 3646 esset

126 3672 292 3748 Lutherus,
321 3671 376 3731 sed
401 3678 431 3731 et
452 3670 575 3732 Lutheri
597 3690 712 3732 nomen
736 3673 828 3751 plane
850 3671 1050 3749 incognitum.

126 3757 210 3815 Ante
230 3774 347 3835 paucos
376 3762 479 3815 antem
507 3775 605 3817 annos
634 3753 937 3819 declamatiunculae
959 3772 1050 3831 quae-

153 3875 246 3914 numan
260 3885 311 3923 opp.
326 3875 352 3915 v.
366 3875 394 3915 s.
409 3875 437 3913 au
451 3875 491 3914 rar.
508 3875 560 3915 uus
577 3876 592 3916 r.
607 3887 629 3926 p.
644 3877 695 3918 vor.
711 3877 750 3918 lv.
892 3855 916 3921 b
