2346 4208
270 253 305 307 ad
324 252 593 309 Condemnationsm
614 253 806 309 doetrinalam.
916 250 978 318 193

56 433 343 516 pubiioi-:ueiitatis
366 437 417 499 vel
438 438 640 520 err-«professo
663 439 788 518 hostin,¹
809 441 977 513 sententies

56 515 284 600 quantumlibet
321 521 443 582 Christo
478 521 684 603 adversarias,
720 540 880 605 uunquam·
914 542 978 586 uon

55 600 290 665 offleiosissimo·
304 604 577 685 interpretamento
592 606 882 685 honestent—otiam
895 607 978 668 chri·

55 692 139 747 stum
161 693 234 747 ante
255 686 398 748 nudaturi
417 688 456 748 ad
483 689 702 770 ignominium,
735 696 767 751 et
787 691 891 751 omnia
912 690 978 752 sins

56 768 183 847 altaria,
214 787 307 851 quam
329 771 409 831 hune
429 771 576 852 gentilem
603 772 773 833 animarum
804 772 978 834 oamiflosm

56 851 339 933 turpitudinemque
371 855 437 915 eius
470 874 532 915 nou
565 856 687 935 penitus
712 857 926 938 impurpurent
947 863 979 917 at

56 937 208 998 inaurent
250 935 292 997 m
314 956 366 998 me
385 937 590 1000 christianum
614 939 758 1018 fratrem,
790 940 978 1021 per-impm·

57 1020 194 1081 dentiam
216 1038 318 1081 meam
341 1026 372 1081 et
393 1022 525 1081 alienam
544 1021 605 1082 vim
629 1023 659 1081 in
679 1021 833 1101 publionm
847 1028 978 1093 tmuium

55 1105 104 1171 uio
123 1109 270 1180 trentam,
301 1109 334 1162 ut
350 1123 413 1165 non
436 1104 529 1167 modo
550 1124 614 1165 non
636 1106 785 1185 vestiant,
807 1104 903 1167 sioubi
926 1125 978 1167 nu·

57 1187 116 1249 dus
129 1205 219 1266 :sun,·
237 1184 293 1248 eud
314 1185 346 1248 id
358 1189 461 1267 potius
472 1194 576 1268 agant,
599 1186 650 1248 ubi
667 1189 784 1269 optime
807 1190 874 1249 sum
886 1190 978 1250 etiam

56 1278 198 1333 armatus
218 1275 250 1331 et
270 1270 414 1348 munitus,
433 1270 602 1346 denudent,
625 1278 655 1331 st
677 1271 894 1352 turpitudinem
917 1290 978 1335 me·

57 1374 115 1416 am-
128 1353 269 1416 rerslent
288 1351 563 1416 dootriuulitatibus
586 1354 648 1414 suis
671 1354 886 1417 subtilissimis.
912 1398 916 1407 .
948 1394 951 1399 -
1052 1426 1055 1434 Ι

84 1474 87 1479 -
139 1436 228 1499 lissa
248 1436 445 1518 ds-earitate,
466 1440 528 1499 ium
544 1439 619 1499 iuris
639 1437 817 1517 viafuissat,
840 1446 873 1499 ut
893 1440 980 1501 iuxta

56 1521 171 1583 chriso·
192 1527 391 1603 praeseptum
403 1522 487 1601 prius
503 1522 626 1583 fratrem
642 1527 833 1601 peouantem,
857 1522 978 1583 etiamsi

56 1604 257 1686 pertinatiam
279 1604 483 1683 iudinassem,
516 1623 584 1665 oum
614 1606 675 1665 sint
695 1603 859 1665 duodeoim
882 1605 978 1666 borsa

57 1686 129 1767 diei,
143 1688 344 1749 ,monuissent
364 1688 491 1768 privatis
514 1688 618 1763 literis,
641 1688 720 1748 siout
741 1688 914 1749 Bauebiino
934 1687 978 1748 io·

57 1778 175 1850 serunt,
197 1776 238 1832 ut
252 1789 302 1831 mo
323 1772 422 1852 ipsum
445 1771 494 1833 vel
509 1771 695 1851 explioarsm
707 1771 759 1832 vel
770 1770 978 1848 emendaram,

58 1855 109 1916 vai
129 1855 333 1936 pertinaciam
355 1872 519 1935 ponerem,
550 1855 611 1915 hoo
631 1855 700 1915 siue
720 1853 815 1915 dubio
836 1863 869 1915 ot
889 1872 909 1914 a
927 1872 978 1915 me

56 1939 116 1999 sibi
139 1937 205 1998 fieri
226 1937 406 1999 voluissent.
430 1937 488 1999 Ubi
499 1939 524 1998 si
537 1958 600 1999 nou
614 1938 779 2014 audissem,
801 1943 864 1998 tum
883 1942 977 1998 svau*-

55 2020 164 2102 gebiois
186 2020 340 2081 mandatis
359 2021 610 2102 obtemperantes
636 2022 798 2098 feoissent,
829 2039 909 2100 quas
931 2039 976 2081 se·

56 2108 201 2185 quirntur,
222 2111 255 2165 at
276 2123 367 2182 nuno,
390 2123 493 2184 nequo
506 2105 602 2166 Deum
625 2124 727 2184 neque
748 2104 902 2166 hominem
926 2122 977 2165 ve·

55 2189 115 2266 riti,
139 2187 255 2248 audent
270 2207 339 2249 sese
358 2189 474 2250 iactare
495 2189 562 2250 zelo
575 2188 648 2249 fidoi
667 2189 698 2248 in
715 2206 765 2248 ms
786 2188 866 2264 ferri,
890 2189 976 2268 qussi

56 2270 208 2352 possibile
234 2272 275 2331 sit
295 2271 388 2350 aredi,
411 2273 549 2352 spiritum
571 2280 710 2332 sanatum
734 2272 796 2332 suis
820 2271 977 2351 contemp·

56 2354 175 2416 toribus
197 2354 323 2433 adesse,
356 2375 446 2435 quem
478 2357 581 2436 potius
611 2354 776 2417 formidare
798 2355 978 2432 debuerunt,

56 2458 96 2500 ne
118 2438 219 2499 zelum
240 2441 331 2499 istum
352 2438 581 2501 inobedientiae
604 2448 634 2498 et
645 2439 766 2518 peouati
777 2438 835 2499 sibi
858 2458 882 2498 a
898 2438 976 2500 blas·

56 2522 274 2603 pbsmantibus
297 2523 390 2585 tribui
412 2522 536 2583 tandem
559 2542 622 2584 non
644 2528 810 2602 patoretur.

121 2605 250 2666 Mirum
272 2625 344 2666 vero
368 2625 406 2667 ae
427 2624 543 2667 novum
559 2604 775 2684 theologorum
798 2623 896 2684 genus
918 2623 976 2667 nos

56 2690 265 2768 sumussqui
287 2708 339 2767 ea,
372 2708 452 2769 quse
474 2689 531 2748 Dei
555 2696 639 2765 sunt,
676 2706 790 2748 sumre·
814 2706 878 2748 non
905 2693 978 2748 ante

56 2773 298 2854 praesumimus,
332 2791 423 2852 quam
445 2773 563 2834 irritato
586 2772 654 2831 Deo
684 2771 716 2830 in
739 2769 881 2830 omnibns
914 2771 976 2830 suis

56 2857 247 2937 prseeeptis,
271 2886 273 2890 ⁸
280 2875 336 2936 pro
371 2856 480 2936 quibus
504 2862 606 2916 tamen
629 2854 744 2917 meritis
776 2855 979 2933 nessioqrot

55 2939 147 3001 nobis
167 2939 311 3000 aureolus
333 2938 365 3002 iu
389 2940 478 3000 ooslo
501 2940 560 3018 ipsi
574 2938 788 3019 promittimus,
811 2943 844 2998 et
864 2956 977 3018 magua

56 3023 155 3085 bnooa
176 3023 275 3083 zelum
298 3022 370 3084 fidei
392 3022 474 3104 opud
496 3023 637 3084 homines
660 3023 818 3081 iaatsmns.
851 3020 975 3080 Missam

56 3106 273 3184 saorifloaturi,
309 3114 362 3167 aut
389 3106 503 3186 aliquid
534 3106 641 3166 lecturi
675 3104 811 3165 soturivs
845 3111 976 3183 pensata

56 3189 241 3252 eonfitemur
269 3197 301 3252 et
322 3191 421 3252 Deum
448 3191 622 3270 placamus,
655 3189 815 3247 veritatem
837 3186 894 3246 Dei
924 3185 975 3247 de·

55 3274 188 3351 sensuri,
211 3273 263 3334 ubi
285 3276 418 3334 maxime
448 3293 526 3353 opus
549 3278 597 3333 ast
617 3271 685 3331 Deo
708 3270 831 3348 plaeato
855 3275 887 3330 st
907 3287 976 3349 pro·

54 3359 144 3440 pitio,
165 3358 264 3418 Deum
287 3359 450 3435 irritamus,
472 3358 534 3417 imo
556 3355 726 3416 irridemus.

141 3440 246 3516 Quare
268 3441 343 3501 nibil
366 3443 490 3518 mirum,
523 3441 548 3500 si
570 3437 708 3519 Magistri
743 3436 793 3495 isti
815 3435 976 3495 miserrimi

55 3526 103 3586 sio
123 3544 175 3585 me
193 3525 355 3585 videantur
376 3525 456 3585 velle
475 3543 593 3597 ourare,
614 3527 648 3581 ut
667 3519 730 3596 ilie,
753 3519 805 3597 qui
827 3537 896 3578 oum
918 3517 976 3577 ira·

56 3616 134 3670 trem
157 3627 175 3668 e
198 3609 270 3669 iimo
295 3607 443 3685 traheret,
465 3607 556 3667 altius
578 3602 727 3667 immersit
748 3608 780 3662 st
802 3601 975 3665 suffocavit.

54 3693 125 3753 Hoe
146 3711 232 3752 more
254 3698 360 3753 nostra
391 3691 496 3752 seeula
522 3690 616 3772 digna
637 3690 723 3765 sunt,
761 3691 794 3746 ut
814 3685 901 3744 iuxta
922 3683 975 3744 Mi·

55 3776 165 3838 oheam
194 3776 287 3836 frater
308 3775 431 3836 fratrem
453 3773 492 3834 ad
515 3781 644 3836 mortem
666 3774 811 3851 venetur,
833 3774 864 3828 st
885 3767 975 3828 obse·

82 3883 175 3924 numen
192 3893 244 3935 opp.
258 3884 283 3924 v.
299 3882 325 3922 u.
340 3883 369 3922 ar
382 3881 423 3922 rer.
436 3883 487 3922 uisu
500 3882 516 3921 r.
529 3893 552 3931 p.
566 3868 615 3924 vir.
630 3882 667 3923 1v.
832 3853 869 3917 13
