2346 4208
415 265 514 321 libror.
533 264 564 320 Ι).
584 265 619 320 ll.
633 263 754 320 liutheri.
983 260 1045 328 185
1129 229 1132 234 ⁴

121 454 216 531 dnm,
244 460 383 516 autorem
407 455 499 515 etiarn
529 455 594 514 eius
622 455 731 514 merito
755 451 1046 515 ad'revoeationem

120 537 277 620 publicam
300 537 559 618 compellendum.

208 621 244 683 In
256 639 384 700 quorum
400 621 536 683 omnium
551 620 644 681 robur
666 639 704 680 ae
724 619 817 680 fidele
838 620 1047 681 testimonium

120 705 205 766 hauc
242 710 380 765 nostram
415 705 597 765 sententiam
631 723 687 783 per
714 701 873 764 Notarium
909 709 1046 764 nostmm

124 785 258 849 iuratum
301 787 441 850 raedicto
465 787 543 848 libro
566 787 704 867 asscribi,
726 791 757 847 et
779 786 1049 868 sigilliFacultatis

123 879 251 932 nostrae
274 808 552 953 (nqucmadmodum
576 877 607 930 st
627 869 683 930 has
706 875 828 931 nostras
843 869 966 952 literas)
989 871 1048 931 ius·

123 955 219 1015 umus
241 956 434 1035 appensione
455 954 647 1015 communiri.

208 1038 320 1098 Datum
342 1044 374 1098 et
395 1043 497 1098 actum
519 1036 687 1115 Coloniae,
724 1054 806 1098 anno
835 1035 942 1096 salutis
965 1035 1049 1096 Chri-

124 1121 245 1182 stianae
267 1140 360 1200 supra
381 1120 577 1181 millesimum
601 1120 901 1201 quingentesimum,
929 1118 1050 1181 decimo

126 1222 221 1279 nono,
245 1204 417 1284 penultima
442 1203 493 1265 die
513 1204 629 1265 mensis
650 1203 793 1284 Angusti.

209 1287 268 1347 Per
296 1306 346 1348 me
367 1287 533 1348 Henrioum
562 1286 601 1348 de
623 1286 721 1348 Vorta
752 1285 791 1347 de
813 1285 962 1364 Colonia,
989 1285 1051 1347 No·

124 1371 233 1431 tarium
254 1369 426 1450 publicum,

210 1452 251 1513 Et
271 1453 438 1533 supradicti
459 1452 613 1535 generalis
644 1451 736 1513 studii
769 1451 968 1514 coloniensis
996 1452 1051 1514 Be

126 1536 241 1597 dellum
262 1537 404 1599 iuratum.

269 1776 506 1901 Responsio
536 1776 719 1874 Martini
748 1775 930 1872 Luthori

126 1936 166 1996 sd
201 1933 363 2003 articulos,
414 1949 490 2010 quos
522 1931 668 2011 Magistri
701 1931 807 1992 llostri
848 1931 1057 1996 lovanienses

126 2019 159 2078 st
181 2016 376 2078 colonienses
404 2033 443 2076 ex
459 2013 714 2076 'Resolutionibus
743 2016 775 2075 et
795 2013 1058 2093 Propositionibus

126 2102 165 2162 ds
186 2099 395 2178 indulgentiis,
420 2102 451 2159 et
475 2096 695 2162 assertionibus
710 2115 814 2158 earum
830 2098 1058 2175 excerpserunt,

267 2199 304 2243 ao
324 2181 412 2243 velut
432 2180 608 2242 haereticos
630 2181 855 2242 damnaverunt
868 2176 917 2262 ¹⁸).

180 2332 464 2394 Ornatissimo
507 2331 592 2390 viro
635 2331 673 2390 D.
718 2329 1008 2412 christophoro
1096 2365 1101 2371 ·

212 2412 441 2497 Blan00·¹),
464 2417 484 2474 l.
508 2413 545 2475 U.
568 2412 814 2492 Liosnciato,
837 2434 904 2475 suo
926 2415 965 2474 in

409 2497 570 2560 Christo
593 2495 775 2558 Salutem.

212 2649 371 2729 Mitto'ffl)
396 2649 437 2710 ad
461 2654 507 2726 te,
541 2650 587 2709 vir
614 2648 823 2727 ornatissime,
858 2647 1055 2709 damnatores

127 2733 317 2796 doctrinales
340 2733 547 2793 Lutherianae
569 2731 737 2809 doctrinae,
760 2751 871 2810 nempe
884 2730 1055 2791 Lovanien-

126 2838 178 2879 ses
227 2816 493 2896 Coloniensesque
547 2813 734 2894 theologos,
777 2833 906 2894 quorum
940 2813 1055 2874 infelici

127 2899 232 2963 studio
265 2901 289 2960 si
324 2899 432 2960 dixero
464 2917 513 2958 me
541 2917 604 2958 non
638 2897 772 2976 moveri,
807 2917 919 2977 magno
953 2916 1054 2957 meam

128 2984 351 3046 conscientiam
374 2983 537 3045 confecero
561 2980 732 3041 mendacio.
776 2981 854 3041 Nam
881 3000 939 3059 ea,
975 2999 1055 3058 quae
1098 3000 1100 3006 ⁴

128 3071 160 3129 in
188 3066 392 3127 Reuohlinum
425 3066 638 3146 cogitaverunt
660 3063 739 3123 duae
762 3063 888 3124 eaedem
910 3082 985 3144 pras
1007 3082 1055 3123 ce·

129 3152 204 3212 teris
232 3149 476 3226 Universitates,
510 3149 594 3208 casui
623 3153 674 3207 aut
704 3148 866 3226 temporali
896 3147 1054 3208 hominum

129 3232 253 3294 cuidam
275 3233 338 3292 fato
362 3231 453 3310 dedi,
486 3229 599 3291 autad
629 3250 780 3290 summum
808 3230 962 3290 humanae
984 3247 1056 3289 con·
1128 3286 1132 3295 ,

130 3317 250 3394 ditioni,
272 3334 333 3395 qua
355 3333 484 3375 necesse
508 3319 564 3392 est,
586 3319 620 3373 ut
630 3313 794 3392 proverbio
820 3313 937 3392 dicitur,
959 3310 1056 3372 semei

186 3494 216 3558 ⁸)
235 3492 311 3545 Haec
333 3493 479 3559 inscriptio
511 3490 589 3543 deest
616 3491 644 3541 iu
671 3488 735 3543 edit.
763 3492 864 3559 origin.
912 3487 961 3556 **)
983 3488 1055 3541 Nota

129 3566 195 3622 edit.
214 3565 288 3619 den:
309 3564 444 3616 Lutherus
464 3561 499 3615 ad
519 3561 705 3630 Spalatinum:
727 3562 803 3614 Mitto
823 3563 1009 3615 Lovsnienses
1029 3564 1057 3612 et

129 3638 314 3693 Colonienses
346 3637 457 3700 asinos,
485 3633 585 3703 quibus
622 3635 677 3684 iem
707 3633 863 3702 respondeo
896 3648 945 3701 per
973 3636 1055 3702 typos

128 3711 200 3765 feria
219 3709 245 3763 2.
264 3713 329 3777 post
347 3708 470 3760 Laetare.
508 3703 603 3758 Anno.
622 3704 682 3758 XX.

204 3781 236 3846 1)
257 3781 287 3834 ln
306 3779 350 3834 ed.
369 3781 445 3833 len:
465 3777 579 3830 Franco.
