2346 4208
194 275 259 346 iiii)
344 292 369 323 ,ε’
393 302 396 307 ’
505 275 768 349 Disputationes.
789 275 815 329 Ι.

236 470 308 532 no.
337 465 441 529 linitis
475 483 538 527 non
566 463 679 526 desunt
704 465 786 529 sires
815 470 849 525 st
869 463 1042 545 sapientia,
1069 464 1115 543 qni

194 557 296 616 nmen
319 548 425 611 afflatu
446 548 501 609 ilio
524 567 580 609 seu
603 547 717 609 fiducia
736 548 838 632 animi.
862 547 988 626 aaroni,
1018 553 1052 608 et
1076 549 1115 607 ni-

193 634 237 695 hil
260 633 386 694 lacinnt.
541 690 546 700 ,
633 664 636 671 ·
956 626 962 637 ’

260 715 311 782 27.
324 715 388 778 sic
408 714 493 775 Deus
516 714 647 776 suscitat
666 714 806 794 spiritum
828 731 938 795 regum
961 712 1116 774 Medorum

196 801 259 875 (ait
280 798 468 880 meta),
482 808 590 858 contra
613 796 817 877 Babylonem.

259 884 309 948 28.
332 881 384 943 Sic
406 880 545 941 Noemon
569 879 664 961 Syrus
684 878 788 941 adhue
818 879 956 942 idolatra
979 881 1047 941 Deo
1071 899 1117 940 sx-

195 967 311 1027 citante
335 969 366 1025 et
388 963 524 1024 donante
546 963 688 1023 salutaris
712 969 761 1024 est
782 962 901 1044 Syriae.

258 1051 306 1111 29.
331 1047 433 1107 Etiam
457 1047 488 1106 in
512 1045 657 1126 gentibus
680 1047 809 1128 ingratis
832 1046 981 1133 dispersit
1003 1064 1119 1128 semper

195 1130 381 1192 excellentia
403 1128 487 1189 dona
508 1137 540 1207 st
562 1129 716 1190 miraculis
739 1129 859 1193 similia.
908 1146 911 1156 ·

258 1216 309 1279 30.
339 1211 461 1288 Quanto
496 1212 594 1292 magis
623 1212 740 1293 populo
772 1232 828 1274 suo
862 1219 925 1273 tam
960 1233 1018 1295 per
1046 1213 1120 1292 pios,

195 1315 286 1375 qnnnr
309 1315 366 1376 per
385 1296 499 1375 impios
522 1314 636 1376 magna
658 1296 761 1356 lseere
784 1302 816 1357 et
837 1295 958 1357 donare
982 1303 1093 1376 potest.

257 1383 306 1444 31.
334 1379 431 1460 igitur
453 1377 623 1439 divisiones
653 1380 841 1459 gratiarnm,
873 1378 1119 1455 ministeriorum,

195 1463 411 1542 operationum
434 1462 569 1542 gratuita
592 1471 623 1521 ot
646 1460 875 1542 publicatione
897 1469 987 1540 sant,
1018 1461 1119 1542 quibus

195 1545 348 1605 eeclesiae
370 1545 494 1606 utilitati
517 1545 655 1607 servitur.

256 1631 307 1693 32.
328 1626 420 1691 Fides
434 1627 546 1688 Christi
568 1627 685 1689 donum
708 1634 756 1688 est
776 1628 1119 1709 unicuique-proprium,

195 1712 226 1771 in
252 1730 313 1791 quo
337 1711 423 1790 vivit,
445 1710 525 1771 Rom
550 1715 578 1774 i.

148 1914 150 1916 ’
197 1931 290 1992 nna
311 1931 547 2013 Disputatio
569 1931 811 2012 theologica
838 1932 877 1993 e.
900 1932 936 1996 P.
960 1931 998 1995 n.
1022 1932 1124 2001 uass..

548 2012 772 2096 Luiheri*).

490 2151 583 2210 Anno
607 2150 648 2213 Μ.
668 2149 707 2214 D.
728 2146 832 2210 xilv.

198 2302 244 2362 lie
265 2301 412 2383 mysterio
435 2301 466 2364 S.
488 2302 661 2444 Trinitlatis,
693 2303 909 2445 itncarnaiione
927 2301 999 2362 Filii
1030 2311 1062 2363 et
1087 2300 1120 2361 de

598 2405 656 2466 ege
678 2404 737 2446 eo.

284 2523 309 2582 i.
332 2520 565 2600 Disputationes
589 2520 627 2581 de
641 2520 777 2582 articulis
792 2518 864 2580 fidei
884 2522 1060 2589 exstinctas
1076 2541 1120 2583 no·

197 2605 253 2746 liniti
277 2604 360 2664 Dens
383 2602 489 2683 Pater,
513 2603 584 2712 ¹dnm
609 2604 682 2664 dicit
705 2604 743 2664 de
765 2602 829 2666 filio
853 2623 925 2665 auo:
962 2604 1057 2668 Hune
1077 2626 1119 2666 au-

219 2706 319 2847 le⁶2„
340 2767 401 2828 Sed
424 2767 507 2828 hunc
530 2768 777 2830 doctoremnon
801 2769 976 2848 aequaliter
1000 2772 1121 2836 andiunt

196 2869 321 2928 omnes,
352 2858 383 2912 et
405 2860 476 2911 sunt
497 2871 620 2933 semper
642 2853 737 2932 aliqui
759 2851 886 2931 infirmi,
911 2871 994 2932 quos
1020 2856 1123 2916 cribret

197 2939 306 3079 samii.
336 3015 421 3096 Opus
453 2994 501 3078 est
528 3019 620 3098 igitur
651 3024 801 3103 perpetuo
824 3018 855 3076 in
878 2985 1023 3082 ecclesia
1046 3022 1124 3088 mini·

194 3098 288 3161 sterio
302 3100 407 3193 serbi,
431 3119 492 3179 qno
516 3107 660 3165 curentur
681 3100 811 3179 infirmi,
834 3108 865 3163 et
885 3103 1059 3169 resistatur
1080 3104 1125 3166 ad·

194 3200 381 3325 vernuilo&
394 3263 531 3325 Christus
545 3267 696 3328 Dominus
717 3268 785 3347 ipse
806 3285 861 3346 pro
885 3266 1025 3335 infirmis
1049 3271 1128 3355 (non

192 3364 289 3425 egene
308 3344 540 3488 ‘imputationei
566 3352 690 3431 saepius
713 3357 822 3411 contm
843 3348 1041 3417 Pharisaeos
1076 3356 1129 3417 dis

193 3435 316 3575 captat?
327 3474 559 3592 indisputabilis
584 3517 698 3578 veritas
721 3521 786 3597 est,
810 3474 906 3577 unum
931 3539 1010 3587 esse
1035 3524 1132 3590 Deum

268 3795 301 3863 *i
325 3790 510 3858 Germanicos
524 3769 677 3848 noenu.
688 3791 718 3853 t
736 3790 817 3859 iffi
834 3797 866 3847 ii
880 3793 950 3858 230·
