2346 4208
359 226 364 234 ¹
427 222 742 333 -a'lluurthexapta
959 264 1049 351 ,91
1122 238 1131 257 ’

72 470 74 495 ÷
132 441 247 519 mona
269 440 356 521 quod
375 442 542 507 aedilium
553 438 778 528 superponam
792 446 955 531 significat,
978 450 1068 514 suh'
1156 434 1160 453 ¹

131 542 189 621 aaa
207 524 362 621 ancleto,
383 528 451 589 sive
470 526 566 605 bono,
586 530 654 591 sive
666 530 760 593 malo.
783 530 864 591 Nam
883 532 967 607 hanc
986 536 1048 617 sig-

129 604 327 705 ammonam
366 609 593 673 aedificationis
626 619 659 674 at
698 619 808 694 petrae
835 614 936 677 fateor
961 618 1046 698 prius

117 694 292 771 'ignum
305 700 325 774 ‚‘
346 695 420 773 quia
439 693 520 755 dixit
539 696 649 756 edam:
684 694 718 757 si
748 696 913 759 cecidisset
938 698 1046 762 Petrus

129 772 298 853 annaliter,
310 776 425 865 adhuc
445 779 611 841 mansisset
621 784 720 861 pena,
740 778 774 840 id
795 787 852 861 oet,
875 782 993 862 primus
1014 790 1048 847 ct

72 1000 74 1017 ,
196 902 409 1023 Quod-dicit,
437 942 512 1004 olim
535 902 716 1025 episcopos¹
732 963 797 1007 non
817 944 914 1007 illisae
934 946 1044 1009 contla

128 1028 226 1105 ustos,
247 1023 311 1085 nisi
328 1026 477 1106 mentitu
488 1026 605 1091 scheda
625 1020 708 1107 lidai,
719 1026 860 1107 admitto,
881 1046 949 1089 sum
971 1048 1045 1091 oon·

72 1096 76 1195 l
128 1109 228 1187 utus,
250 1126 362 1169 varum
382 1107 462 1169 nihil
482 1108 522 1170 ad
542 1112 592 1172 ius
613 1108 761 1189 divinum,
782 1110 859 1172 nihil
881 1112 963 1173 snitu
991 1111 1043 1175 da-

72 1198 75 1257 l
127 1206 192 1269 ¹⁰3⁰
211 1188 368 1269 Pontifici,
392 1190 539 1273 quidquid
560 1193 703 1255 tribuitur
722 1193 762 1255 ei.

72 1284 75 1317 ἰ
146 1284 157 1301 ·
196 1272 275 1335 Post
294 1272 375 1336 haec
402 1274 539 1354 adduxit·
552 1274 717 1338 Nicolaum
739 1276 917 1355 (lucanum,
940 1286 973 1341 et
992 1298 1044 1341 ex·
1096 1250 1106 1285 ³
1160 1276 1167 1291 ‘

127 1357 233 1417 mvii
268 1356 455 1437 Annaletum
484 1358 516 1420 Β.
541 1360 656 1439 sirum,
686 1358 770 1440 qnod
804 1378 868 1422 non
894 1360 985 1423 luerit
1013 1362 1043 1423 ei

128 1440 294 1501 muria
314 1446 403 1502 unta
428 1440 580 1522 scientia,
608 1449 672 1503 tam
700 1449 808 1507 sonato
836 1444 905 1505 viro
932 1445 1042 1507 fateor.
1118 1518 1124 1527 η

127 1518 338 1585 Verumtamen
364 1542 486 1585 summo
518 1524 686 1603 Pontifici,
718 1527 787 1587 sive
815 1534 948 1604 sancto,
975 1529 1043 1589 sive

127 1620 177 1665 ron
198 1612 336 1687 sancto,
359 1615 448 1688 turpe
470 1613 517 1668 est
539 1607 704 1690 evangelia
724 1608 888 1690 ignorare,
909 1608 982 1670 otini
1001 1611 1042 1673 ait
1089 1614 1095 1621 “

127 1694 220 1767 petor
240 1687 348 1751 ovium
370 1696 404 1753 et
423 1690 534 1753 doctor
554 1690 719 1772 evangelii,
760 1690 838 1752 Oum
859 1700 962 1754 autam
985 1694 1042 1757 i'so·
1078 1708 1084 1718 ’

192 1772 433 1854 interpretatur·
462 1793 497 1836 er
515 1773 933 1856 Jchaunemlllvangelistam
955 1780 1040 1841 cai.

139 1852 146 1867 '
178 1862 284 1935 ntem:
315 1856 363 1918 Tu
383 1874 418 1918 aa
440 1792 615 1936 dimum-tu
635 1856 799 1919 vocaberis
820 1856 935 1940 Cepha,
956 1858 1041 1939 quod
1134 1876 1140 1887 ¹

124 1934 332 2020 munientur
352 1940 472 2019 Petrus,
494 1940 620 2038 quando
642 1958 718 2022 ergo
741 1939 823 2001 illius
846 1942 973 2003 tonitrui
995 1944 1041 2004 sio
1135 1976 1139 1983 ·

125 2024 218 2100 hant,
241 2023 296 2103 qui
315 2023 406 2085 novit
427 2042 565 2085 omnium
586 2024 725 2106 linguas,
748 2025 857 2085 merito
882 2024 976 2087 debet
996 2032 1040 2087 ta·

124 2118 182 2164 tere
201 2106 325 2167 unitas
348 2109 461 2169 terreni
481 2107 577 2188 fumi,
609 2108 676 2169 sive
705 2108 747 2167 sit
766 2106 916 2170 Nicolans
944 2107 1038 2170 Ousa·

124 2202 183 2265 uus,
210 2187 388 2251 Chaldaeus
409 2191 460 2251 vel
481 2191 629 2254 Ebrucns.
674 2189 745 2251 Non
768 2191 851 2271 quod
873 2192 1037 2272 reprehen-

123 2266 180 2330 dtm
201 2273 361 2354 egregium
382 2274 420 2334 Ι).
441 2275 495 2352 Ι).,
526 2276 578 2353 qni
600 2273 712 2334 dixerit
733 2274 856 2336 Petrum
878 2275 960 2336 idem
985 2295 1036 2336 va·

125 2349 183 2432 lere,
204 2357 286 2416 sicut
308 2366 400 2437 caput
422 2358 533 2418 domus
549 2355 746 2434 chaldaicae,
769 2365 877 2418 autore
899 2377 957 2419 suo
979 2360 1037 2420 Gu-

123 2448 204 2516 tano,'
218 2438 274 2499 sed
290 2439 374 2519 quod
397 2440 520 2501 laudem
543 2441 780 2520 imperterritum
803 2442 1037 2522 disputatorem,

124 2520 164 2596 dui
184 2522 299 2582 audeat
321 2543 356 2583 se
378 2525 570 2585 committere
592 2525 621 2583 in
652 2542 776 2584 arenam
810 2524 1038 2607 theologorum,

123 2619 169 2662 nec
189 2602 310 2703 tantum
331 2609 415 2687 prius
435 2607 467 2666 in
490 2607 653 2688 evangelio
676 2606 835 2705 studuerit.²
856 2609 1036 2705 nttprimnm

122 2695 201 2832 itt
220 2709 254 2832 l}
275 2689 557 2855 lilinlhlhelil
573 2688 1035 2854 {digeiliff‘qlllflhloll'l}

122 2847 191 2934 legat
212 2862 319 2917 tamen
343 2875 366 2922 c,
393 2860 421 2920 l.
441 2856 480 2917 ad
503 2855 640 2918 Corinth.
658 2860 686 2918 1.
709 2862 741 2917 et
761 2857 908 2920 inveniet.

188 2938 337 3001 Ultimum
360 2939 399 3002 de
430 2940 564 3002 articulis
588 2938 795 3001 Bohemorum
818 2959 882 3002 non
904 2939 971 3001 vult
991 2942 1035 3001 in·

122 3014 220 3100 dicare,
242 3022 316 3084 licet
339 3042 495 3103 nunquam
516 3023 646 3084 desistat
668 3042 717 3083 me
739 3023 896 3105 sugillare,
919 3030 951 3084 ot
972 3042 1032 3105 ego

122 3099 152 3163 ds
168 3107 211 3167 eis
233 3114 379 3185 transe0,
410 3107 486 3168 nihil
508 3105 630 3184 dicens,
664 3107 723 3166 nisi
744 3105 828 3186 quod
850 3104 1049 3187 Gregorium·

122 3182 333 3251 Ariminensem
357 3190 426 3251 dist.
448 3189 583 3251 XXVlll.
617 3187 813 3268 reprobatum
837 3187 875 3250 ab
907 3191 1034 3271 egregio

122 3265 186 3334 Ill).
201 3293 261 3355 ego
275 3274 427 3354 approbo.
450 3273 508 3333 Est
520 3273 602 3334 enim
625 3278 707 3332 totns
730 3271 813 3332 alind
830 3272 916 3354 nihil,
940 3292 1033 3352 quam

122 3348 360 3436 Augustinianus,
385 3363 416 3418 et
432 3355 538 3417 divina
549 3354 714 3434 Scriptura,
736 3357 883 3416 resistens
908 3354 1033 3435 quidem

122 3439 248 3500 omnibus
271 3440 452 3502 doctoribus
476 3436 690 3515 scholasticis,
723 3445 786 3499 tum
810 3439 944 3499 maxime
966 3437 1033 3499 Ari-

122 3521 220 3599 stoteli,
242 3523 299 3585 sed
322 3522 460 3585 nondum
483 3523 521 3583 ab
545 3521 608 3582 ullo
633 3518 808 3583 confutatus
831 3529 887 3584 est.
1122 3590 1126 3605 1

189 3606 359 3669 Consentio
383 3626 452 3667 cum
464 3607 501 3667 D.
514 3605 562 3685 D.‚
586 3604 669 3683 quod
692 3605 893 3666 conciliorum
916 3610 1032 3665 statuta

120 3686 144 3747 iu
160 3689 205 3770 iis,
227 3711 308 3771 quae
330 3695 403 3751 sunt
424 3688 512 3768 fidei,
534 3695 605 3749 sunt
627 3689 712 3749 omni
733 3686 1031 3767 modoamplecteu·
1162 3698 1169 3705 “

121 3768 160 3850 da,
179 3773 239 3837 hoc
259 3774 362 3836 solum
385 3772 460 3834 mihi
482 3791 625 3850 reservo,
647 3770 731 3852 quod
756 3777 788 3832 et
808 3770 1030 3835 reservandum

140 3870 223 3928 aunon
237 3899 287 3936 opp.
303 3889 325 3930 V.
337 3892 364 3931 Δ,
382 3891 413 3928 ad
422 3889 465 3930 tel.
478 3889 529 3928 mna
542 3889 558 3928 t
569 3900 594 3938 μ.
611 3890 658 3933 Vol.
675 3891 717 3933 m.
847 3867 866 3936 7
