2346 4208
396 269 826 355 losantanas...
973 272 1082 349 rus

139 453 196 531 uu
214 408 382 537 nulus·
403 453 602 535 mursa,
632 412 731 531 rud
758 470 822 529 nou
844 454 901 529 uu
921 460 1041 540 spuse-
1132 464 1147 481 ·

138 543 406 617 limam·
427 536 598 613 Comitio
616 537 695 617 lisso
715 538 891 619 iudiuauda,
914 548 949 613 ut
968 541 1040 613 alis.

333 719 402 808 lle
446 718 828 799 Purgatorio.
922 793 923 796 Ἴ

137 880 266 947 tortrs
308 902 450 945 nonem
488 882 792 949 nouolusiunem
834 905 1040 967 argumen-

432 973 539 1029 tatur
564 966 720 1028 Eooius.

153 1190 156 1199 .
184 1131 267 1207 -llou
297 1133 401 1205 solum
429 1132 512 1215 apud
540 1131 762 1213 theologistas,
796 1132 853 1197 sod
886 1135 979 1195 etiam
1007 1136 1039 1196 in

134 1231 204 1279 atra
223 1214 401 1297 seriptum,
423 1217 457 1279 in
477 1216 507 1279 fl.
530 1215 672 1279 Patribus
693 1214 838 1296 habetur,
872 1216 956 1297 quod
977 1219 1042 1279 rita
1085 1220 1091 1227 '

133 1294 196 1361 heo
216 1318 371 1380 praesens.
398 1301 439 1361 sit
480 1304 642 1365 statuuat
667 1300 813 1371 terminus
845 1299 984 1375 morendi
1008 1308 1041 1362 et

133 1377 302 1449 inmundi.
335 1380 439 1458 uuus
459 1384 630 1445 existentes
649 1383 683 1442 in
703 1383 884 1463 purgatorio
901 1380 1040 1465 ampliu·

132 1465 223 1533 wad
237 1484 305 1533 nnn
324 1484 439 1547 possa,
459 1474 491 1527 et
512 1466 643 1529 aionon
664 1465 814 1527 maiorem
831 1466 968 1547 gratiam
989 1484 1041 1528 aa

76 1600 79 1617 .
132 1546 227 1629 ἅμα.
269 1548 312 1611 Et
337 1548 406 1613 hou¹
424 1550 469 1611 lta
494 1566 565 1611 esse
586 1547 686 1629 prolui
713 1566 770 1629 per
789 1546 959 1611 lominum
980 1551 1039 1615 26:

131 1626 259 1701 liddam-
279 1633 326 1696 eis
347 1631 517 1697 seeundum
539 1650 637 1714 opera
657 1649 784 1709 eorum,
818 1638 851 1693 et
869 1631 1039 1701 seeundum

131 1710 195 1777 tun
210 1726 502 1794 ,ιιιειιιιιιιιιιίὸοιιιιιιἱ
523 1715 568 1777 ita
587 1715 681 1777 stium
690 1713 804 1775 Paulus
825 1712 863 1795 t)
886 1716 955 1776 sitz.
968 1714 1040 1777 (lm-

130 1812 257 1867 usuos
285 1796 474 1867 maridastsri
504 1805 630 1879 oportet
657 1804 731 1859 onte
756 1797 889 1859 uiuunal
919 1796 1041 1873 Christ,

129 1880 282 1949 u··rstsmt
298 1882 513 1963 unusquisque
528 1881 659 1962 propria
680 1880 836 1961 eorporis,
860 1887 952 1962 prout
963 1899 1039 1963 ges-

128 1962 167 2041 ru,
184 1964 389 2027 sirsrbouum
401 2008 417 2045 ,.
436 1967 509 2027 sive·
527 1963 651 2027 malum.
692 1963 834 2029 linientes
854 1982 930 2045 ergo
951 1964 1042 2025 timo·

128 2064 180 2107 rem
199 2047 339 2128 Domini,
356 2048 534 2111 hominibus
554 2046 731 2109 suademus.

197 2131 291 2195 Addo
300 2131 534 2212 Hieronymum,
556 2138 590 2192 ut
610 2128 761 2211 gradatim
779 2129 978 2208 descendam,
999 2149 1039 2191 eo

128 2210 185 2275 loeo
206 2215 391 2296 apostolum·
407 2214 653 2294 intelligentem:
688 2213 756 2274 Hoe
777 2213 870 2293 dioit,
904 2214 1039 2305 inquam,

125 2297 261 2375 quamdiu
282 2300 314 2358 in
337 2298 452 2360 mundo
475 2299 568 2378 positi
592 2297 823 2378 peregrinamur
852 2317 872 2356 a
894 2297 1039 2374 Domino,

125 2383 356 2443 unversatione
377 2381 462 2444 bona
480 2381 513 2441 id
535 2400 673 2462 agamus,
696 2387 730 2440 ut
750 2381 779 2440 ei
800 2381 831 2440 iu
852 2379 954 2440 futuro
975 2379 1040 2460 pla-

124 2481 184 2525 eere
205 2467 373 2545 possimus,
395 2484 469 2545 non,
491 2472 530 2525 ut·
546 2463 669 2543 quidam
682 2469 800 2542 putant,
823 2463 906 2542 quod
919 2473 1040 2544 postea-

122 2563 205 2625 quam
228 2549 453 2610 excesserimus
476 2567 494 2609 e
515 2566 646 2628 corpora
669 2546 710 2606 ibi
737 2545 853 2627 aliquid
876 2553 1040 2626 operantes

122 2648 356 2710 promereamur.
398 2631 484 2692 Idem
505 2632 617 2693 fatetur
637 2630 744 2712 glossa
767 2628 936 2690 ordinaria:
971 2629 1041 2689 Fru-

121 2720 177 2774 stra
197 2733 275 2796 ergo
298 2715 394 2775 homo
410 2722 481 2795 post
503 2733 615 2793 eorpus
628 2712 759 2774 sibihoo
773 2713 933 2794 promittit,
957 2711 1041 2792 quod

120 2795 165 2857 hio
183 2817 369 2878 eomparare
390 2799 536 2878 neglexit.
559 2797 607 2859 Ita
627 2797 722 2857 etiam
742 2795 898 2858 intellexit
910 2794 1041 2856 Ambro-

121 2881 186 2960 sius,
207 2881 312 2942 solum
333 2882 415 2943 faeta
436 2882 574 2963 eorporis
599 2879 676 2947 oliui
694 2881 878 2961 praemitur

170 3029 174 3036 ,
195 2964 247 3025 Ex
269 2963 381 3044 quibus
402 2965 513 3044 liquet,
536 2984 605 3025 eum
627 2964 728 3044 gratia
748 2969 898 3045 augeatur
918 2982 958 3024 ex
980 2980 1062 3024 me·

122 3047 242 3109 litorum
263 3048 499 3128 respondentia,
522 3055 553 3110 et
575 3049 698 3109 animae
718 3048 750 3107 iu
774 3046 953 3127 purgatorio
975 3064 1039 3107 non

123 3138 261 3208 poterunt
282 3131 398 3211 aliquid
421 3134 541 3213 operari
565 3131 729 3209 meritorie,
751 3150 791 3192 ex
814 3130 956 3211 allegatis
978 3149 1040 3191 nou

124 3215 231 3290 poterit
251 3215 347 3277 etiam
368 3215 399 3275 iu
421 3215 466 3275 eis
487 3215 593 3296 augeri
614 3214 723 3294 gratia,
767 3212 936 3276 Subsoribit
948 3231 1041 3292 apar-

124 3296 232 3359 tissime
255 3298 290 3359 B.
313 3297 504 3378 Augustinus
524 3300 555 3359 iu
576 3297 673 3359 Enoh.
696 3298 841 3376 eaptus.
864 3304 896 3357 et
919 3299 988 3361 110.
1011 3304 1042 3358 et

126 3382 229 3460 repetit
251 3380 362 3443 eadem
384 3381 480 3443 verba
505 3379 714 3462 prinoipaliter
746 3385 864 3458 quaest.
886 3384 913 3442 2.
951 3380 989 3439 de
1011 3381 1040 3444 8.

127 3459 242 3527 nutritii
265 3470 384 3544 quaest.
402 3472 475 3545 post
497 3466 600 3527 multa.
623 3462 788 3543 Quooiroa,
809 3464 861 3541 ait,
883 3463 934 3524 hio
949 3481 1041 3524 omne

127 3547 256 3609 morimur
281 3553 496 3628 eomparatur,
532 3567 595 3628 quo
622 3548 722 3628 possit
753 3554 824 3628 post
844 3547 926 3617 hano
946 3546 1041 3609 uitam

128 3628 246 3691 relevari
268 3631 420 3711 quispiam
441 3632 492 3692 vel
514 3632 644 3713 gravari.
672 3630 771 3692 Nemo
794 3636 896 3691 autem
918 3649 952 3692 se
974 3649 1042 3711 spe·

128 3746 285 3760 §nn—n·—

157 3817 181 3874 2.
198 3817 262 3876 Cor.
280 3822 319 3878 ὃν
348 3856 352 3861 -
