2346 4208
172 271 235 339 368
420 275 517 338 Rasol,
535 275 563 329 L.
582 291 666 344 super
684 276 879 344 Propositlonc

107 514 116 529 .
173 463 337 524 autoritate
359 463 549 543 Scripturae,
571 463 602 522 id
625 471 687 540 est,
710 462 904 527 mendaciter
919 462 1022 522 facere
1043 479 1094 522 co·

173 565 237 628 gar,
260 555 389 627 parcant
405 546 437 607 S.
459 546 648 626 Hieronymo
672 547 764 606 tantis
786 545 943 606 autoribus
966 546 1094 606 munito.

172 629 348 690 Proclamat
368 629 421 688 ille
442 629 536 708 longe
553 629 774 708 impudentius,
798 631 963 708 episcopos
985 637 1094 710 poten·

172 714 216 773 tia
236 712 409 773 divitiarum
433 720 463 772 et
479 712 651 771 humilitate
664 715 852 791 paupertatis
874 714 1005 772 invicem
1024 731 1094 772 esse

173 797 223 857 vel
245 796 439 856 sublimiores
468 796 518 855 vel
539 796 709 858 inferiores.
753 794 821 874 Ego
845 815 998 856 consensu
1022 795 1094 856 fide·

173 879 246 940 lium
270 887 301 939 et
321 878 452 938 decretis
474 878 631 938 hominum
654 879 685 938 id
708 885 822 942 astruo.
846 878 907 939 Cur
928 898 990 939 non
1013 878 1095 938 hunc

173 964 408 1039 irreverentem,
438 960 666 1040 blasphemum,
689 961 888 1037 seditiosum,
911 961 957 1022 bis
979 963 1094 1042 septies

174 1045 356 1120 comburunt
382 1045 557 1105 haereticae
584 1045 742 1125 pravitatis
766 1047 940 1125 pravissimi
969 1046 1095 1124 inquisi-

173 1129 278 1189 tores?
314 1129 422 1189 Sinant
450 1148 500 1188 me
528 1147 597 1188 cum
619 1129 809 1208 Hieronymo
832 1130 952 1189 interim
975 1147 1094 1208 sapere,

175 1213 277 1273 sinant
305 1231 372 1271 cum
403 1212 517 1287 Paulo,
547 1212 654 1289 Petro,
688 1211 841 1291 Iohanne,
866 1213 1109 1276 Lucasentire.1

174 1296 210 1358 si<
226 1295 289 1356 hoc
311 1315 373 1355 non
398 1301 446 1355 est
467 1298 554 1371 satis,
584 1314 659 1375 age,
683 1294 865 1355 comburant
886 1315 940 1356 sna
962 1296 1095 1356 Decreta

173 1379 315 1461 primum.
359 1379 437 1438 Nam
468 1378 546 1438 haec
575 1379 708 1458 epistola
729 1382 873 1439 recitatur
893 1381 923 1438 in
946 1379 1096 1456 Decretis,

175 1460 243 1524 dist.
268 1465 317 1526 93.
341 1480 366 1522 c.
389 1461 535 1542 legimus,
564 1461 689 1541 legitur,
718 1462 854 1539 auditur,
877 1462 1020 1537 docetur,
1043 1481 1095 1542 ap·

173 1546 322 1626 probatur
354 1546 432 1605 haec
464 1544 501 1605 ab
534 1546 682 1604 universis
720 1547 751 1603 in
780 1544 912 1604 ecclesia
944 1545 1095 1605 Romana.

174 1627 237 1691 (hur
264 1648 322 1709 ego
352 1647 430 1688 unus
461 1628 628 1707 prohibeor
658 1628 759 1687 dicere
789 1635 820 1688 et
848 1630 977 1706 sentire,
1012 1628 1094 1708 quod

172 1712 297 1793 ipsimet
318 1731 426 1772 omnes
449 1711 563 1789 dicunt,
587 1713 729 1788 sentiunt,
751 1711 918 1790 iubeatque
939 1710 1074 1771 sentire?

256 1796 461 1874 Hieronymus
485 1813 546 1853 non
573 1794 664 1854 modo
688 1795 853 1874 episcopos
882 1800 996 1872 aequat
1016 1795 1096 1854 inter

174 1898 218 1957 se,
241 1878 296 1939 sed
319 1885 350 1938 et
373 1877 569 1957 presbyteros
593 1879 747 1957 episcopis
769 1884 942 1957 comparat,
965 1877 1095 1938 alterum

177 1963 302 2037 aetatis,
336 1961 465 2021 alterum
497 1959 589 2020 officii
624 1980 736 2021 nomen
772 1980 841 2021 esse
875 1963 1096 2041 pronuncians.

176 2045 243 2126 Hgo
276 2045 370 2124 longe
399 2046 589 2104 reverentius
617 2045 736 2104 locutus
765 2043 840 2103 nihil
862 2051 952 2124 peto,
984 2045 1042 2104 nisi
1064 2053 1099 2103 ut

176 2136 284 2189 contra
304 2128 385 2187 hanc
407 2129 567 2187 veritatem
589 2146 651 2187 non
675 2145 769 2206 cogar
782 2127 953 2207 Scripturas
976 2135 1008 2187 et
1029 2146 1094 2186 ver·

176 2210 248 2272 bum
270 2211 327 2270 Dei
355 2210 494 2271 illudere.
540 2209 586 2270 Sit
607 2211 765 2270 Romanus
786 2210 926 2289 pontifex
949 2209 1096 2289 quidquid

176 2295 325 2371 voluerit,
361 2294 454 2354 modo
479 2295 642 2353 autoritate
665 2293 839 2373 Scripturas
861 2293 890 2352 id
915 2312 977 2353 non
1001 2302 1096 2353 astru-

176 2384 245 2454 ant,
274 2378 328 2437 sed
359 2385 390 2437 et
411 2378 582 2456 Scripturas
613 2395 718 2436 eornm
742 2378 844 2437 sensui
867 2379 965 2457 aptari
988 2378 1098 2456 patiar,

177 2461 270 2522 modo
308 2480 347 2520 ne
375 2461 456 2520 hunc
485 2478 554 2521 esse
582 2479 761 2539 germanum
791 2467 823 2519 et
849 2460 948 2520 solum
972 2479 1096 2520 sensnm

177 2544 375 2604 contendant.
420 2543 474 2604 Sat
501 2562 575 2623 ergo
606 2552 666 2620 est,
701 2543 783 2621 quod
812 2543 1016 2623 frigidissimis
1038 2544 1097 2603 De·

178 2630 268 2688 cretis
290 2630 439 2708 primatus
461 2629 616 2705 asseritur,
639 2629 690 2706 qui
708 2628 938 2686 ferventissimis
952 2627 1009 2687 Dei
1032 2645 1096 2686 ver-

176 2710 223 2773 bis
245 2718 383 2792 negatur.
406 2710 467 2771 Sed
490 2710 649 2770 audiamus
671 2713 780 2770 iterum
802 2709 944 2787 eundem,
966 2712 996 2770 in
1016 2729 1098 2770 com·

178 2797 327 2855 menterio
350 2813 442 2873 super
463 2794 635 2873 Epistulam
658 2794 696 2854 ad
720 2794 831 2856 Titum.
943 2843 946 2848 .
988 2841 990 2844 .

183 2958 236 3044 [D.
257 2952 463 3042 Hieronymus
492 2962 525 3051 in
552 2962 779 3126 commeptariis
802 2960 962 3040 Epistulae
985 2960 1024 3021 ad
1050 2960 1099 3021 Ti·

592 3051 664 3107 tum.
1056 3067 1060 3076 ·

234 3245 238 3247 >
260 3212 344 3272 ldem
368 3220 417 3272 est
439 3231 514 3291 ergo
536 3211 697 3291 presbyter
719 3213 770 3290 qui
793 3201 973 3291 episcdpns,
996 3218 1028 3270 et
1048 3230 1097 3271 an·

177 3302 300 3373 tequam
325 3295 440 3355 diaboli
462 3296 606 3355 instinctu
630 3295 731 3354 studia
752 3295 783 3352 in
806 3295 957 3375 religione
979 3291 1099 3371 fierent,

178 3387 210 3439 et
230 3378 383 3439 diceretur
405 3381 436 3438 in
450 3379 586 3458 populis:
609 3378 677 3457 Ego
700 3396 766 3436 sum
780 3377 875 3455 Pauli,
899 3395 957 3457 ego
972 3376 1098 3456 Apollo,

179 3480 238 3542 ego
262 3469 363 3522 antem
386 3461 507 3541 Cepha,
541 3463 696 3522 communi
726 3461 974 3541 presbyterorum
997 3460 1098 3520 consi·

178 3544 220 3606 lio
243 3546 395 3606 ecclesiae
417 3545 674 3625 gubernabantur.
717 3545 883 3624 Postquam
913 3562 986 3606 vero
1010 3562 1100 3602 unus-

179 3629 309 3709 quisque
331 3648 401 3703 eos,
437 3647 514 3708 quoa
541 3627 724 3708 baptisarat,
761 3647 833 3688 suos
865 3647 934 3688 esse
961 3625 1100 3707 putabat,

179 3730 242 3774 non
264 3711 385 3792 Christi,
406 3713 438 3772 in
460 3717 526 3772 toto
549 3713 625 3773 orbe
646 3711 802 3772 decretum
827 3716 884 3790 est,
905 3717 939 3772 ut
960 3729 1038 3771 unus
1061 3708 1101 3770 de

174 3795 365 3878 presbyteris
389 3796 506 3857 electus
528 3801 801 3877 superponeretur,
824 3794 977 3874 adquam
1000 3793 1100 3856 omnia
