2346 4208
320 269 391 327 xm.
410 269 446 327 ds
465 275 607 341 potestate
624 271 736 342 Papus.
945 267 1008 336 367

66 457 208 519 nebant.
262 457 428 532 Quomodo
461 459 486 517 si
515 459 668 531 exercitus
696 460 755 519 sibi
787 459 1006 538 imperatorem
1067 512 1077 527 .

82 541 184 619 iaciat,
208 541 331 603 diaconi
348 548 450 601 autem
465 540 583 622 eligant
603 541 642 603 de
664 561 708 619 se,
719 559 810 620 quem
823 541 1006 605 industrium

82 625 240 703 noverint,
265 631 296 685 et
319 623 569 685 archidiaconum
591 631 778 706 nuncupent.
822 623 902 700 Quid
924 628 1007 687 enim·

81 707 156 768 facit
190 715 321 788 excepta
353 708 548 770 ordinatione
570 710 751 789 episcopus,
775 707 858 787 quod
880 708 1006 790 presby·

85 797 132 851 ter
153 809 215 852 non
238 791 331 852 facit?
365 791 433 852 Nec
454 791 552 853 alters
574 792 735 853 Romanae
757 791 840 854 urbis
863 792 1005 872 ecclesia,

82 874 180 935 altera
209 875 302 936 totius
333 873 416 937 orbis
448 874 643 936 aestimanda
671 882 727 936 est.
770 873 810 935 Et
831 874 953 936 Calliae
974 882 1008 937 et

82 957 271 1037 Britanniae,
290 975 362 1019 nam
384 965 416 1019 et
436 956 558 1038 Africa,
580 966 613 1020 et
632 959 749 1038 Persis,
772 965 804 1018 et
825 958 952 1037 Oriens,
974 967 1009 1020 et

81 1039 184 1119 India,
220 1048 251 1101 et
272 1059 381 1102 omnes
402 1039 552 1105 barbarae
572 1043 714 1104 nationes
736 1061 829 1102 unum
852 1041 1009 1103 Christum

82 1123 223 1204 adorant,
246 1143 337 1185 unam
360 1124 527 1186 observant
546 1126 684 1206 regulam
706 1125 852 1186 veritatis.
896 1125 927 1186 Si
950 1144 1004 1186 au·

81 1213 142 1267 tem
173 1209 321 1269 autoritas
343 1210 509 1288 quaeritur,
531 1208 614 1271 orbis
638 1210 735 1269 maior
757 1215 804 1269 est
824 1208 916 1288 urbe,
940 1208 1005 1271 uhi·

82 1309 203 1370 cunque
232 1292 397 1372 episcopus
425 1292 530 1372 fuerit,
560 1293 625 1353 sive
646 1292 780 1372 Romae,
814 1292 880 1352 sive
901 1292 1003 1373 Engu-

81 1372 176 1453 bii1),
199 1375 265 1435 sive
286 1375 567 1457 Constantinopoli,
590 1377 656 1437 sive
678 1375 803 1456 Rhegii,
826 1378 893 1436 sive
912 1375 1004 1436 Alex·

81 1457 224 1537 andriae,
259 1458 325 1519 sive
345 1458 479 1538 Thonis,
511 1458 648 1520 eiusdem
673 1459 773 1519 meriti
795 1465 851 1538 est,
874 1465 906 1520 et
927 1460 1002 1520 eius·

83 1539 153 1602 dem
176 1541 355 1620 sacerdotii,
377 1543 517 1622 potentia
538 1541 710 1604 divitiarum
744 1549 775 1601 et
806 1540 1000 1619 humilitas3)
1063 1563 1066 1567 ’

81 1626 270 1704 paupertatis
313 1626 362 1685 vel
392 1625 600 1688 sublimiorem
637 1626 689 1686 vel
715 1624 891 1686 inferiorem
918 1625 1003 1689 facia

82 1707 225 1769 Ceterum
243 1727 351 1770 omnes
373 1710 584 1790 apostolorum
599 1725 795 1770 successores
816 1715 897 1772 sunt.
917 1708 1008 1773 Haec

78 1791 115 1853 D.
137 1791 354 1871 Hieronymus.

161 1874 244 1936 Nihil
266 1874 306 1937 de
329 1877 499 1937 mutatione
521 1883 694 1956 temporum
717 1875 845 1954 loquor,
866 1874 941 1935 nihil
964 1875 1003 1937 de

77 1958 143 2017 iure
164 1959 310 2037 positivo.
354 1959 423 2020 Hoc
452 1959 625 2020 contendo:
659 1959 692 2021 ei
725 1978 803 2019 unus
834 1959 1000 2039 episcopus

76 2041 143 2101 iure
164 2039 268 2103 divino
291 2044 401 2103 ceteris
422 2043 606 2123 praefertur,
639 2042 802 2103 manifeste
822 2042 873 2103 hic
893 2043 1000 2105 Hiero·

77 2144 188 2204 nymus
218 2125 370 2185 haeresim
400 2125 506 2206 docet,
538 2146 603 2187 non
629 2126 729 2188 solum
760 2127 827 2206 ipse
859 2129 948 2204 (narn
971 2128 1000 2187 ei

78 2227 140 2268 non
165 2208 358 2287 eraderem),
381 2210 436 2269 sed
458 2210 582 2288 Petrus,
602 2209 731 2288 Paulus,
752 2209 923 2290 Iohannes,
945 2210 1001 2270 Lu·

78 2309 150 2370 cas,
191 2310 268 2370 quos
305 2293 422 2353 inducit
457 2293 686 2374 irrefragabiles
724 2301 858 2355 autores.
914 2293 1000 2374 Quis,

78 2393 206 2454 quaese,
227 2375 274 2434 his
296 2378 440 2437 resistet?
463 2377 525 2437 Cur
546 2376 689 2438 adulator
709 2383 804 2457 negat
824 2378 999 2438 Romanum

75 2457 254 2537 pontificem
287 2461 396 2521 ceteris
419 2480 488 2520 esse
511 2461 751 2540 coepiscopum,
790 2480 857 2520 oum
883 2463 1016 2545 primus,

76 2541 184 2602 Petrus
208 2561 243 2602 se
264 2544 538 2624 conpresbyterum
561 2543 720 2624 appellet?
748 2543 778 2604 si
802 2563 997 2607 successores

76 2631 148 2685 sunt
168 2625 267 2704 Petri,
298 2627 370 2705 quid
396 2627 582 2687 erubescunt
602 2626 722 2687 titulum
749 2628 796 2686 sui
818 2628 998 2708 praedeces

76 2708 176 2769 soris?
200 2708 230 2769 Si
254 2728 365 2770 nornen
385 2711 637 2791 superbissimum
661 2711 855 2790 sanctissimi,
878 2714 998 2793 summi,

76 2793 202 2851 maximi
230 2793 384 2871 pontificis
407 2795 600 2855 haereditant
622 2814 661 2854 ex
682 2794 911 2875 recentibus³),
944 2815 998 2857 our

75 2895 138 2935 non
169 2895 282 2936 nomen
306 2880 539 2959 conpresbyteri
569 2885 599 2940 et
626 2879 803 2958 coepiscopi
831 2899 849 2938 a
874 2880 996 2959 primo?

75 2957 231 3037 Obsecro,
260 2979 299 3019 an
321 2961 445 3039 Petrus,
474 2962 602 3042 Paulus,
629 2962 801 3040 lohannes,
828 2962 944 3041 Lucas,
966 2971 997 3024 et

76 3061 184 3103 omnes
207 3044 340 3122 apostoli
368 3047 600 3126 ignoraverunt,
631 3045 703 3123 quid
733 3045 859 3105 verbum
884 3046 996 3108 Christi

74 3125 131 3186 sibi
164 3126 359 3202 voluerim:
390 3129 435 3188 'Iu
466 3149 498 3188 es
521 3129 644 3206 Petrus,
673 3134 716 3189 et:
739 3128 807 3188 Tibi
830 3129 910 3190 dabo
935 3130 995 3191 ola·

73 3227 138 3289 ves,
161 3217 204 3269 et:
239 3211 335 3271 Pasce
358 3231 433 3272 oves
458 3232 559 3292 mens,
596 3212 696 3294 [qnod
719 3231 782 3273 nou
806 3213 918 3274 exinde
941 3214 995 3275 Pe·

74 3299 121 3353 tro
144 3295 306 3373 primatum
331 3295 475 3356 divinitus
498 3295 602 3356 datum
626 3295 857 3380 observarunt].

157 3376 188 3438 si
211 3397 261 3438 me
283 3380 409 3440 omnino
432 3381 619 3440 haereticum
643 3382 792 3460 clamant,
816 3383 868 3461 qui
891 3382 994 3443 omnia

73 3479 152 3539 quae
185 3463 294 3522 volunt
320 3463 420 3525 tribuo
450 3466 591 3526 Romano
615 3463 772 3544 Pontifici,
806 3465 922 3545 solum,
953 3484 994 3527 ne

144 3672 175 3735 l)
196 3670 280 3726 Ibid:
301 3671 430 3740 Eugubii.
460 3671 492 3741 2)
513 3671 597 3728 ibid:
619 3672 791 3741 humilitatis,
810 3674 990 3743 paupertatis.

71 3741 434 3872 {bfllssd'{0lffite,nti⁰ribu⁸'
480 3744 512 3814 4)
535 3746 565 3798 ln
590 3745 633 3800 ed.
653 3747 761 3814 priore:
790 3745 855 3814 quid
876 3746 991 3845 verbum
1014 3842 1016 3847 Ι
