<?xml version="1.0" encoding="UTF-8"?>
<!DOCTYPE html PUBLIC "-//W3C//DTD XHTML 1.0 Transitional//EN"
    "http://www.w3.org/TR/xhtml1/DTD/xhtml1-transitional.dtd">
<html xmlns="http://www.w3.org/1999/xhtml" xml:lang="en" lang="en">
 <head>
  <title>
</title>
<meta http-equiv="Content-Type" content="text/html;charset=utf-8" />
  <meta name='ocr-system' content='tesseract 3.04.00' />
  <meta name='ocr-capabilities' content='ocr_page ocr_carea ocr_par ocr_line ocrx_word'/>
</head>
<body>
  <div class='ocr_page' id='page_1' title='image "./dmartinilutheri04luthgoog_0327.png"; bbox 0 0 2346 4208; ppageno 0'>
   <div class='ocr_carea' id='block_1_1' title="bbox 120 269 791 347">
    <p class='ocr_par' dir='ltr' id='par_1_1' title="bbox 120 269 791 347">
     <span class='ocr_line' id='line_1_1' title="bbox 120 269 791 347; baseline -0.003 -14"><span class='ocrx_word' id='word_1_1' title='bbox 120 269 184 341; x_wconf 85' lang='grc'><strong>316</strong></span> <span class='ocrx_word' id='word_1_2' title='bbox 335 274 429 331; x_wconf 59' lang='lat' dir='ltr'><strong>&amp;sot</strong></span> <span class='ocrx_word' id='word_1_3' title='bbox 447 275 475 329; x_wconf 82' lang='lat' dir='ltr'><strong>h.</strong></span> <span class='ocrx_word' id='word_1_4' title='bbox 495 291 580 347; x_wconf 80' lang='lat' dir='ltr'><strong>snper</strong></span> <span class='ocrx_word' id='word_1_5' title='bbox 597 276 791 346; x_wconf 79' lang='lat' dir='ltr'><strong>Proposittnne</strong></span> 
     </span>
    </p>
   </div>
   <div class='ocr_carea' id='block_1_2' title="bbox 119 459 1035 3450">
    <p class='ocr_par' dir='ltr' id='par_1_2' title="bbox 119 459 1035 791">
     <span class='ocr_line' id='line_1_2' title="bbox 123 459 1035 543; baseline 0 -22"><span class='ocrx_word' id='word_1_6' title='bbox 123 460 204 521; x_wconf 83' lang='lat' dir='ltr'><strong>eliud</strong></span> <span class='ocrx_word' id='word_1_7' title='bbox 225 461 286 522; x_wconf 77' lang='lat' dir='ltr'><strong>iste</strong></span> <span class='ocrx_word' id='word_1_8' title='bbox 307 461 403 523; x_wconf 83' lang='lat' dir='ltr'><strong>verbo</strong></span> <span class='ocrx_word' id='word_1_9' title='bbox 423 459 627 543; x_wconf 70' lang='lat' dir='ltr'><strong>concludunt,</strong></span> <span class='ocrx_word' id='word_1_10' title='bbox 654 462 712 523; x_wconf 89' lang='lat' dir='ltr'><strong>nisi</strong></span> <span class='ocrx_word' id='word_1_11' title='bbox 735 480 820 523; x_wconf 78' lang='lat' dir='ltr'><strong>nova</strong></span> <span class='ocrx_word' id='word_1_12' title='bbox 840 460 1035 543; x_wconf 62' lang='lat' dir='ltr'><strong>grnmnruien</strong></span> 
     </span>
     <span class='ocr_line' id='line_1_3' title="bbox 121 542 1034 625; baseline 0.004 -22"><span class='ocrx_word' id='word_1_13' title='bbox 121 563 192 604; x_wconf 91' lang='lat' dir='ltr'><strong>usus</strong></span> <span class='ocrx_word' id='word_1_14' title='bbox 215 543 316 604; x_wconf 82' lang='lat' dir='ltr'><strong>dions:</strong></span> <span class='ocrx_word' id='word_1_15' title='bbox 347 544 379 605; x_wconf 81' lang='lat' dir='ltr'><strong>si</strong></span> <span class='ocrx_word' id='word_1_16' title='bbox 402 542 503 624; x_wconf 76' lang='lat' dir='ltr'><strong>diligis</strong></span> <span class='ocrx_word' id='word_1_17' title='bbox 526 565 591 622; x_wconf 77' lang='lat' dir='ltr'><strong>me,</strong></span> <span class='ocrx_word' id='word_1_18' title='bbox 614 565 707 625; x_wconf 79' lang='lat' dir='ltr'><strong>posue</strong></span> <span class='ocrx_word' id='word_1_19' title='bbox 729 564 807 607; x_wconf 80' lang='lat' dir='ltr'><strong>oves</strong></span> <span class='ocrx_word' id='word_1_20' title='bbox 829 562 938 624; x_wconf 82' lang='lat' dir='ltr'><strong>mens,</strong></span> <span class='ocrx_word' id='word_1_21' title='bbox 957 542 1034 607; x_wconf 78' lang='lat' dir='ltr'><strong>idem</strong></span> 
     </span>
     <span class='ocr_line' id='line_1_4' title="bbox 122 625 1035 709; baseline 0.002 -22"><span class='ocrx_word' id='word_1_22' title='bbox 122 628 175 705; x_wconf 76' lang='lat' dir='ltr'><strong>sit,</strong></span> <span class='ocrx_word' id='word_1_23' title='bbox 212 625 313 705; x_wconf 84' lang='lat' dir='ltr'><strong>quod,</strong></span> <span class='ocrx_word' id='word_1_24' title='bbox 347 628 372 687; x_wconf 90' lang='lat' dir='ltr'><strong>si</strong></span> <span class='ocrx_word' id='word_1_25' title='bbox 395 626 496 708; x_wconf 83' lang='lat' dir='ltr'><strong>diligis</strong></span> <span class='ocrx_word' id='word_1_26' title='bbox 519 635 565 704; x_wconf 79' lang='lat' dir='ltr'><strong>te,</strong></span> <span class='ocrx_word' id='word_1_27' title='bbox 601 635 669 690; x_wconf 92' lang='lat' dir='ltr'><strong>esto</strong></span> <span class='ocrx_word' id='word_1_28' title='bbox 693 629 807 708; x_wconf 85' lang='lat' dir='ltr'><strong>primus</strong></span> <span class='ocrx_word' id='word_1_29' title='bbox 830 646 926 709; x_wconf 90' lang='lat' dir='ltr'><strong>super</strong></span> <span class='ocrx_word' id='word_1_30' title='bbox 947 630 1035 689; x_wconf 73' lang='lat' dir='ltr'><strong>toton</strong></span> 
     </span>
     <span class='ocr_line' id='line_1_5' title="bbox 119 708 335 791; baseline 0.019 -21"><span class='ocrx_word' id='word_1_31' title='bbox 119 710 282 771; x_wconf 82' lang='lat' dir='ltr'><strong>seelesiem</strong></span> <span class='ocrx_word' id='word_1_32' title='bbox 290 708 335 791; x_wconf 83' lang='lat'><strong>¹).</strong></span> 
     </span>
    </p>

    <p class='ocr_par' dir='ltr' id='par_1_3' title="bbox 120 792 1035 1291">
     <span class='ocr_line' id='line_1_6' title="bbox 193 792 1035 874; baseline 0.001 -20"><span class='ocrx_word' id='word_1_33' title='bbox 193 794 332 855; x_wconf 73' lang='lat' dir='ltr'><strong>&#39;Rectius</strong></span> <span class='ocrx_word' id='word_1_34' title='bbox 355 812 429 874; x_wconf 89' lang='lat' dir='ltr'><strong>ergo</strong></span> <span class='ocrx_word' id='word_1_35' title='bbox 445 793 554 856; x_wconf 79' lang='lat' dir='ltr'><strong>facies:</strong></span> <span class='ocrx_word' id='word_1_36' title='bbox 578 794 610 854; x_wconf 77' lang='lat' dir='ltr'><strong>si</strong></span> <span class='ocrx_word' id='word_1_37' title='bbox 632 794 694 854; x_wconf 86' lang='lat' dir='ltr'><strong>hoe</strong></span> <span class='ocrx_word' id='word_1_38' title='bbox 716 793 842 855; x_wconf 84' lang='lat' dir='ltr'><strong>verbum</strong></span> <span class='ocrx_word' id='word_1_39' title='bbox 858 792 972 855; x_wconf 83' lang='lat' dir='ltr'><strong>Christi</strong></span> <span class='ocrx_word' id='word_1_40' title='bbox 990 810 1035 855; x_wconf 79' lang='lat' dir='ltr'><strong>un·</strong></span> 
     </span>
     <span class='ocr_line' id='line_1_7' title="bbox 122 877 1035 957; baseline 0 -20"><span class='ocrx_word' id='word_1_41' title='bbox 122 877 218 957; x_wconf 82' lang='lat' dir='ltr'><strong>elpiss</strong></span> <span class='ocrx_word' id='word_1_42' title='bbox 240 895 297 956; x_wconf 89' lang='lat' dir='ltr'><strong>pro</strong></span> <span class='ocrx_word' id='word_1_43' title='bbox 320 877 551 957; x_wconf 76' lang='lat' dir='ltr'><strong>exhortatione,</strong></span> <span class='ocrx_word' id='word_1_44' title='bbox 585 879 648 939; x_wconf 88' lang='lat' dir='ltr'><strong>imo</strong></span> <span class='ocrx_word' id='word_1_45' title='bbox 679 882 864 957; x_wconf 86' lang='lat' dir='ltr'><strong>preeeepto,</strong></span> <span class='ocrx_word' id='word_1_46' title='bbox 896 892 1035 957; x_wconf 82' lang='lat' dir='ltr'><strong>nonque</strong></span> 
     </span>
     <span class='ocr_line' id='line_1_8' title="bbox 122 958 1035 1041; baseline 0 -21"><span class='ocrx_word' id='word_1_47' title='bbox 122 979 197 1021; x_wconf 87' lang='lat' dir='ltr'><strong>oves</strong></span> <span class='ocrx_word' id='word_1_48' title='bbox 219 960 258 1019; x_wconf 83' lang='lat' dir='ltr'><strong>ed</strong></span> <span class='ocrx_word' id='word_1_49' title='bbox 281 959 514 1038; x_wconf 81' lang='lat' dir='ltr'><strong>subiectionem,</strong></span> <span class='ocrx_word' id='word_1_50' title='bbox 537 960 593 1021; x_wconf 88' lang='lat' dir='ltr'><strong>sed</strong></span> <span class='ocrx_word' id='word_1_51' title='bbox 615 979 676 1040; x_wconf 90' lang='lat' dir='ltr'><strong>quo</strong></span> <span class='ocrx_word' id='word_1_52' title='bbox 699 965 841 1040; x_wconf 82' lang='lat' dir='ltr'><strong>pastores</strong></span> <span class='ocrx_word' id='word_1_53' title='bbox 863 959 904 1020; x_wconf 79' lang='lat' dir='ltr'><strong>ad</strong></span> <span class='ocrx_word' id='word_1_54' title='bbox 917 958 1035 1041; x_wconf 78' lang='lat' dir='ltr'><strong>diligen</strong></span> 
     </span>
     <span class='ocr_line' id='line_1_9' title="bbox 120 1042 1034 1123; baseline 0.005 -21"><span class='ocrx_word' id='word_1_55' title='bbox 120 1042 192 1102; x_wconf 90' lang='lat' dir='ltr'><strong>dum</strong></span> <span class='ocrx_word' id='word_1_56' title='bbox 216 1042 368 1103; x_wconf 77' lang='lat' dir='ltr'><strong>Christum</strong></span> <span class='ocrx_word' id='word_1_57' title='bbox 390 1047 422 1102; x_wconf 90' lang='lat' dir='ltr'><strong>et</strong></span> <span class='ocrx_word' id='word_1_58' title='bbox 441 1043 632 1122; x_wconf 82' lang='lat' dir='ltr'><strong>pusoeudum</strong></span> <span class='ocrx_word' id='word_1_59' title='bbox 654 1043 801 1123; x_wconf 88' lang='lat' dir='ltr'><strong>populum</strong></span> <span class='ocrx_word' id='word_1_60' title='bbox 825 1043 1034 1123; x_wconf 76' lang='lat' dir='ltr'><strong>astringuntur.</strong></span> 
     </span>
     <span class='ocr_line' id='line_1_10' title="bbox 121 1124 1034 1206; baseline 0.003 -22"><span class='ocrx_word' id='word_1_61' title='bbox 121 1126 216 1187; x_wconf 90' lang='lat' dir='ltr'><strong>Porro</strong></span> <span class='ocrx_word' id='word_1_62' title='bbox 240 1125 365 1186; x_wconf 89' lang='lat' dir='ltr'><strong>dileetio</strong></span> <span class='ocrx_word' id='word_1_63' title='bbox 389 1124 503 1189; x_wconf 80' lang='lat' dir='ltr'><strong>Christi</strong></span> <span class='ocrx_word' id='word_1_64' title='bbox 528 1129 582 1203; x_wconf 89' lang='lat' dir='ltr'><strong>(ut</strong></span> <span class='ocrx_word' id='word_1_65' title='bbox 604 1127 637 1188; x_wconf 92' lang='lat' dir='ltr'><strong>B.</strong></span> <span class='ocrx_word' id='word_1_66' title='bbox 661 1126 852 1206; x_wconf 85' lang='lat' dir='ltr'><strong>Augustinus</strong></span> <span class='ocrx_word' id='word_1_67' title='bbox 873 1125 928 1189; x_wconf 86' lang='lat' dir='ltr'><strong>hio</strong></span> <span class='ocrx_word' id='word_1_68' title='bbox 947 1142 1034 1205; x_wconf 78' lang='lat' dir='ltr'><strong>expo</strong></span> 
     </span>
     <span class='ocr_line' id='line_1_11' title="bbox 121 1207 998 1291; baseline 0 -22"><span class='ocrx_word' id='word_1_69' title='bbox 121 1207 185 1291; x_wconf 85' lang='lat' dir='ltr'><strong>nit)</strong></span> <span class='ocrx_word' id='word_1_70' title='bbox 210 1209 302 1268; x_wconf 88' lang='lat' dir='ltr'><strong>etiam</strong></span> <span class='ocrx_word' id='word_1_71' title='bbox 326 1209 404 1270; x_wconf 87' lang='lat' dir='ltr'><strong>mori</strong></span> <span class='ocrx_word' id='word_1_72' title='bbox 425 1229 481 1290; x_wconf 91' lang='lat' dir='ltr'><strong>pro</strong></span> <span class='ocrx_word' id='word_1_73' title='bbox 504 1209 613 1270; x_wconf 85' lang='lat' dir='ltr'><strong>ovibus</strong></span> <span class='ocrx_word' id='word_1_74' title='bbox 637 1209 747 1269; x_wconf 83' lang='lat' dir='ltr'><strong>Christi</strong></span> <span class='ocrx_word' id='word_1_75' title='bbox 770 1210 908 1288; x_wconf 83' lang='lat' dir='ltr'><strong>requirit.</strong></span> <span class='ocrx_word' id='word_1_76' title='bbox 995 1254 998 1259; x_wconf 84' lang='lat'>-</span> 
     </span>
    </p>

    <p class='ocr_par' dir='ltr' id='par_1_4' title="bbox 119 1291 1034 2699">
     <span class='ocr_line' id='line_1_12' title="bbox 203 1291 1034 1373; baseline 0.002 -22"><span class='ocrx_word' id='word_1_77' title='bbox 203 1291 304 1371; x_wconf 85' lang='lat' dir='ltr'><strong>Atque</strong></span> <span class='ocrx_word' id='word_1_78' title='bbox 320 1293 437 1352; x_wconf 86' lang='lat' dir='ltr'><strong>utinam</strong></span> <span class='ocrx_word' id='word_1_79' title='bbox 457 1293 518 1353; x_wconf 85' lang='lat' dir='ltr'><strong>hoo</strong></span> <span class='ocrx_word' id='word_1_80' title='bbox 539 1294 666 1354; x_wconf 87' lang='lat' dir='ltr'><strong>verbum</strong></span> <span class='ocrx_word' id='word_1_81' title='bbox 687 1291 727 1353; x_wconf 85' lang='lat' dir='ltr'><strong>ad</strong></span> <span class='ocrx_word' id='word_1_82' title='bbox 748 1312 783 1354; x_wconf 88' lang='lat' dir='ltr'><strong>se</strong></span> <span class='ocrx_word' id='word_1_83' title='bbox 803 1292 961 1373; x_wconf 64' lang='lat' dir='ltr'><strong>pertinen</strong></span> <span class='ocrx_word' id='word_1_84' title='bbox 980 1308 1034 1353; x_wconf 74' lang='lat' dir='ltr'><strong>ore»</strong></span> 
     </span>
     <span class='ocr_line' id='line_1_13' title="bbox 122 1372 1033 1454; baseline 0 -19"><span class='ocrx_word' id='word_1_85' title='bbox 122 1374 231 1435; x_wconf 87' lang='lat' dir='ltr'><strong>derent</strong></span> <span class='ocrx_word' id='word_1_86' title='bbox 251 1375 384 1436; x_wconf 81' lang='lat' dir='ltr'><strong>Romani</strong></span> <span class='ocrx_word' id='word_1_87' title='bbox 400 1375 571 1454; x_wconf 82' lang='lat' dir='ltr'><strong>pontifices.</strong></span> <span class='ocrx_word' id='word_1_88' title='bbox 593 1376 680 1437; x_wconf 85' lang='lat' dir='ltr'><strong>Haeo</strong></span> <span class='ocrx_word' id='word_1_89' title='bbox 694 1381 742 1436; x_wconf 90' lang='lat' dir='ltr'><strong>est</strong></span> <span class='ocrx_word' id='word_1_90' title='bbox 755 1377 837 1437; x_wconf 87' lang='lat' dir='ltr'><strong>enim</strong></span> <span class='ocrx_word' id='word_1_91' title='bbox 851 1376 947 1437; x_wconf 86' lang='lat' dir='ltr'><strong>totius</strong></span> <span class='ocrx_word' id='word_1_92' title='bbox 960 1372 1033 1437; x_wconf 78' lang='lat' dir='ltr'><strong>ortis</strong></span> 
     </span>
     <span class='ocr_line' id='line_1_14' title="bbox 121 1454 1033 1538; baseline 0.004 -21"><span class='ocrx_word' id='word_1_93' title='bbox 121 1457 261 1538; x_wconf 82' lang='lat' dir='ltr'><strong>querele,</strong></span> <span class='ocrx_word' id='word_1_94' title='bbox 297 1457 380 1538; x_wconf 91' lang='lat' dir='ltr'><strong>quod</strong></span> <span class='ocrx_word' id='word_1_95' title='bbox 403 1458 600 1521; x_wconf 83' lang='lat' dir='ltr'><strong>dileetiouem</strong></span> <span class='ocrx_word' id='word_1_96' title='bbox 631 1465 663 1521; x_wconf 93' lang='lat' dir='ltr'><strong>et</strong></span> <span class='ocrx_word' id='word_1_97' title='bbox 682 1458 855 1520; x_wconf 79' lang='lat' dir='ltr'><strong>doetrinsm</strong></span> <span class='ocrx_word' id='word_1_98' title='bbox 876 1458 946 1519; x_wconf 81' lang='lat' dir='ltr'><strong>aliis</strong></span> <span class='ocrx_word' id='word_1_99' title='bbox 966 1454 1033 1521; x_wconf 76' lang='lat' dir='ltr'><strong>rste</strong></span> 
     </span>
     <span class='ocr_line' id='line_1_15' title="bbox 120 1540 1033 1623; baseline 0.001 -21"><span class='ocrx_word' id='word_1_100' title='bbox 120 1546 230 1623; x_wconf 84' lang='lat' dir='ltr'><strong>gentes</strong></span> <span class='ocrx_word' id='word_1_101' title='bbox 263 1541 303 1601; x_wconf 83' lang='lat' dir='ltr'><strong>ed</strong></span> <span class='ocrx_word' id='word_1_102' title='bbox 334 1560 368 1601; x_wconf 88' lang='lat' dir='ltr'><strong>se</strong></span> <span class='ocrx_word' id='word_1_103' title='bbox 401 1542 476 1603; x_wconf 92' lang='lat' dir='ltr'><strong>nihil</strong></span> <span class='ocrx_word' id='word_1_104' title='bbox 511 1549 620 1623; x_wconf 86' lang='lat' dir='ltr'><strong>putent</strong></span> <span class='ocrx_word' id='word_1_105' title='bbox 651 1543 814 1622; x_wconf 84' lang='lat' dir='ltr'><strong>pertinere.</strong></span> <span class='ocrx_word' id='word_1_106' title='bbox 863 1540 1033 1623; x_wconf 74' lang='lat' dir='ltr'><strong>Intelligut</strong></span> 
     </span>
     <span class='ocr_line' id='line_1_16' title="bbox 121 1624 1032 1707; baseline 0 -22"><span class='ocrx_word' id='word_1_107' title='bbox 121 1624 216 1697; x_wconf 77' lang='lat' dir='ltr'><strong>enim,</strong></span> <span class='ocrx_word' id='word_1_108' title='bbox 248 1624 326 1685; x_wconf 81' lang='lat' dir='ltr'><strong>haee</strong></span> <span class='ocrx_word' id='word_1_109' title='bbox 357 1625 452 1686; x_wconf 82' lang='lat' dir='ltr'><strong>verbe</strong></span> <span class='ocrx_word' id='word_1_110' title='bbox 478 1625 517 1686; x_wconf 83' lang='lat' dir='ltr'><strong>sd</strong></span> <span class='ocrx_word' id='word_1_111' title='bbox 546 1626 698 1707; x_wconf 89' lang='lat' dir='ltr'><strong>populum</strong></span> <span class='ocrx_word' id='word_1_112' title='bbox 726 1626 897 1705; x_wconf 85' lang='lat' dir='ltr'><strong>pertinere,</strong></span> <span class='ocrx_word' id='word_1_113' title='bbox 935 1627 970 1685; x_wconf 89' lang='lat' dir='ltr'><strong>ut</strong></span> <span class='ocrx_word' id='word_1_114' title='bbox 986 1640 1032 1705; x_wconf 81' lang='lat' dir='ltr'><strong>pu</strong></span> 
     </span>
     <span class='ocr_line' id='line_1_17' title="bbox 121 1707 1031 1788; baseline 0 -21"><span class='ocrx_word' id='word_1_115' title='bbox 121 1727 200 1787; x_wconf 82' lang='lat' dir='ltr'><strong>quse</strong></span> <span class='ocrx_word' id='word_1_116' title='bbox 222 1726 335 1788; x_wconf 85' lang='lat' dir='ltr'><strong>eogere</strong></span> <span class='ocrx_word' id='word_1_117' title='bbox 357 1708 397 1769; x_wconf 83' lang='lat' dir='ltr'><strong>ed</strong></span> <span class='ocrx_word' id='word_1_118' title='bbox 420 1708 640 1771; x_wconf 85' lang='lat' dir='ltr'><strong>eubieetionem</strong></span> <span class='ocrx_word' id='word_1_119' title='bbox 664 1728 773 1770; x_wconf 88' lang='lat' dir='ltr'><strong>omnes</strong></span> <span class='ocrx_word' id='word_1_120' title='bbox 795 1707 919 1769; x_wconf 85' lang='lat' dir='ltr'><strong>volunt:</strong></span> <span class='ocrx_word' id='word_1_121' title='bbox 949 1712 982 1769; x_wconf 86' lang='lat' dir='ltr'><strong>et</strong></span> <span class='ocrx_word' id='word_1_122' title='bbox 997 1710 1031 1767; x_wconf 77' lang='lat' dir='ltr'><strong>tt·</strong></span> 
     </span>
     <span class='ocr_line' id='line_1_18' title="bbox 121 1786 1028 1874; baseline -0.002 -23"><span class='ocrx_word' id='word_1_123' title='bbox 121 1809 189 1851; x_wconf 85' lang='lat' dir='ltr'><strong>men</strong></span> <span class='ocrx_word' id='word_1_124' title='bbox 213 1810 328 1870; x_wconf 80' lang='lat' dir='ltr'><strong>pesona</strong></span> <span class='ocrx_word' id='word_1_125' title='bbox 350 1799 381 1852; x_wconf 91' lang='lat' dir='ltr'><strong>et</strong></span> <span class='ocrx_word' id='word_1_126' title='bbox 402 1791 539 1853; x_wconf 80' lang='lat' dir='ltr'><strong>auditum</strong></span> <span class='ocrx_word' id='word_1_127' title='bbox 562 1793 647 1853; x_wconf 89' lang='lat' dir='ltr'><strong>verbi</strong></span> <span class='ocrx_word' id='word_1_128' title='bbox 671 1790 773 1874; x_wconf 90' lang='lat' dir='ltr'><strong>(quod</strong></span> <span class='ocrx_word' id='word_1_129' title='bbox 794 1790 890 1852; x_wconf 81' lang='lat' dir='ltr'><strong>verba</strong></span> <span class='ocrx_word' id='word_1_130' title='bbox 911 1786 1028 1869; x_wconf 73' lang='lat' dir='ltr'><strong>sonunt)</strong></span> 
     </span>
     <span class='ocr_line' id='line_1_19' title="bbox 119 1872 1030 1955; baseline -0.001 -21"><span class='ocrx_word' id='word_1_131' title='bbox 119 1892 210 1935; x_wconf 89' lang='lat' dir='ltr'><strong>nemo</strong></span> <span class='ocrx_word' id='word_1_132' title='bbox 228 1894 268 1933; x_wconf 84' lang='lat' dir='ltr'><strong>ex</strong></span> <span class='ocrx_word' id='word_1_133' title='bbox 289 1875 326 1934; x_wconf 89' lang='lat' dir='ltr'><strong>iis</strong></span> <span class='ocrx_word' id='word_1_134' title='bbox 340 1874 535 1955; x_wconf 77' lang='lat' dir='ltr'><strong>intelligit2).</strong></span> <span class='ocrx_word' id='word_1_135' title='bbox 579 1875 606 1936; x_wconf 89' lang='grc' dir='ltr'><strong>Ο</strong></span> <span class='ocrx_word' id='word_1_136' title='bbox 627 1875 702 1937; x_wconf 85' lang='lat' dir='ltr'><strong>felix</strong></span> <span class='ocrx_word' id='word_1_137' title='bbox 714 1874 852 1953; x_wconf 82' lang='lat' dir='ltr'><strong>ambitio,</strong></span> <span class='ocrx_word' id='word_1_138' title='bbox 875 1872 1030 1954; x_wconf 51' lang='lat' dir='ltr'><strong>siquinus*</strong></span> 
     </span>
     <span class='ocr_line' id='line_1_20' title="bbox 121 1953 1029 2035; baseline 0.003 -19"><span class='ocrx_word' id='word_1_139' title='bbox 121 1975 212 2035; x_wconf 83' lang='lat' dir='ltr'><strong>quam</strong></span> <span class='ocrx_word' id='word_1_140' title='bbox 235 1957 431 2031; x_wconf 79' lang='lat' dir='ltr'><strong>inveniretur,</strong></span> <span class='ocrx_word' id='word_1_141' title='bbox 455 1959 506 2035; x_wconf 92' lang='lat' dir='ltr'><strong>qui</strong></span> <span class='ocrx_word' id='word_1_142' title='bbox 529 1959 665 2019; x_wconf 89' lang='lat' dir='ltr'><strong>omnium</strong></span> <span class='ocrx_word' id='word_1_143' title='bbox 679 1958 790 2019; x_wconf 83' lang='lat' dir='ltr'><strong>Pastor</strong></span> <span class='ocrx_word' id='word_1_144' title='bbox 812 1975 883 2017; x_wconf 85' lang='lat' dir='ltr'><strong>esso</strong></span> <span class='ocrx_word' id='word_1_145' title='bbox 904 1953 1029 2019; x_wconf 72' lang='lat' dir='ltr'><strong>ambus</strong></span> 
     </span>
     <span class='ocr_line' id='line_1_21' title="bbox 120 2038 1029 2116; baseline 0.001 -18"><span class='ocrx_word' id='word_1_146' title='bbox 120 2039 195 2116; x_wconf 77' lang='lat' dir='ltr'><strong>Quis</strong></span> <span class='ocrx_word' id='word_1_147' title='bbox 218 2040 298 2099; x_wconf 89' lang='lat' dir='ltr'><strong>huno</strong></span> <span class='ocrx_word' id='word_1_148' title='bbox 320 2060 383 2100; x_wconf 92' lang='lat' dir='ltr'><strong>non</strong></span> <span class='ocrx_word' id='word_1_149' title='bbox 398 2039 599 2101; x_wconf 86' lang='lat' dir='ltr'><strong>libentissime</strong></span> <span class='ocrx_word' id='word_1_150' title='bbox 620 2039 818 2102; x_wconf 79' lang='lat' dir='ltr'><strong>admitteret?</strong></span> <span class='ocrx_word' id='word_1_151' title='bbox 840 2038 1029 2101; x_wconf 76' lang='lat' dir='ltr'><strong>Nunonuten</strong></span> 
     </span>
     <span class='ocr_line' id='line_1_22' title="bbox 122 2116 1029 2204; baseline -0.001 -22"><span class='ocrx_word' id='word_1_152' title='bbox 122 2122 254 2183; x_wconf 84' lang='lat' dir='ltr'><strong>libenter</strong></span> <span class='ocrx_word' id='word_1_153' title='bbox 277 2125 456 2203; x_wconf 86' lang='lat' dir='ltr'><strong>permittunt</strong></span> <span class='ocrx_word' id='word_1_154' title='bbox 478 2125 651 2204; x_wconf 86' lang='lat' dir='ltr'><strong>ouiouuque</strong></span> <span class='ocrx_word' id='word_1_155' title='bbox 673 2122 821 2204; x_wconf 89' lang='lat' dir='ltr'><strong>diligendi</strong></span> <span class='ocrx_word' id='word_1_156' title='bbox 843 2127 875 2183; x_wconf 87' lang='lat' dir='ltr'><strong>et</strong></span> <span class='ocrx_word' id='word_1_157' title='bbox 895 2116 1029 2202; x_wconf 66' lang='lat' dir='ltr'><strong>puniti</strong></span> 
     </span>
     <span class='ocr_line' id='line_1_23' title="bbox 120 2202 1029 2289; baseline -0.003 -23"><span class='ocrx_word' id='word_1_158' title='bbox 120 2203 264 2281; x_wconf 80' lang='lat' dir='ltr'><strong>officium,</strong></span> <span class='ocrx_word' id='word_1_159' title='bbox 287 2206 346 2267; x_wconf 91' lang='lat' dir='ltr'><strong>sibi</strong></span> <span class='ocrx_word' id='word_1_160' title='bbox 368 2226 441 2267; x_wconf 88' lang='lat' dir='ltr'><strong>vero</strong></span> <span class='ocrx_word' id='word_1_161' title='bbox 465 2207 585 2267; x_wconf 87' lang='lat' dir='ltr'><strong>titulum</strong></span> <span class='ocrx_word' id='word_1_162' title='bbox 609 2206 757 2289; x_wconf 90' lang='lat' dir='ltr'><strong>diligendi</strong></span> <span class='ocrx_word' id='word_1_163' title='bbox 780 2213 811 2266; x_wconf 90' lang='lat' dir='ltr'><strong>et</strong></span> <span class='ocrx_word' id='word_1_164' title='bbox 831 2202 1029 2286; x_wconf 77' lang='lat' dir='ltr'><strong>paseendi,tl</strong></span> 
     </span>
     <span class='ocr_line' id='line_1_24' title="bbox 120 2287 1028 2369; baseline 0.003 -23"><span class='ocrx_word' id='word_1_165' title='bbox 120 2306 200 2367; x_wconf 80' lang='lat' dir='ltr'><strong>quae</strong></span> <span class='ocrx_word' id='word_1_166' title='bbox 221 2287 340 2348; x_wconf 89' lang='lat' dir='ltr'><strong>titulum</strong></span> <span class='ocrx_word' id='word_1_167' title='bbox 364 2295 548 2369; x_wconf 83' lang='lat' dir='ltr'><strong>sequuntur,</strong></span> <span class='ocrx_word' id='word_1_168' title='bbox 584 2291 670 2351; x_wconf 86' lang='lat' dir='ltr'><strong>luere</strong></span> <span class='ocrx_word' id='word_1_169' title='bbox 691 2290 809 2351; x_wconf 84' lang='lat' dir='ltr'><strong>scilieet</strong></span> <span class='ocrx_word' id='word_1_170' title='bbox 836 2292 868 2350; x_wconf 86' lang='lat' dir='ltr'><strong>et</strong></span> <span class='ocrx_word' id='word_1_171' title='bbox 895 2287 1028 2361; x_wconf 79' lang='lat' dir='ltr'><strong>honoret,</strong></span> 
     </span>
     <span class='ocr_line' id='line_1_25' title="bbox 120 2371 1027 2452; baseline 0.001 -22"><span class='ocrx_word' id='word_1_172' title='bbox 120 2378 289 2432; x_wconf 81' lang='lat' dir='ltr'><strong>reservant.</strong></span> <span class='ocrx_word' id='word_1_173' title='bbox 333 2371 448 2433; x_wconf 88' lang='lat' dir='ltr'><strong>Desine</strong></span> <span class='ocrx_word' id='word_1_174' title='bbox 470 2374 575 2452; x_wconf 83' lang='lat' dir='ltr'><strong>itaque</strong></span> <span class='ocrx_word' id='word_1_175' title='bbox 597 2394 617 2433; x_wconf 82' lang='lat' dir='ltr'>a</span> <span class='ocrx_word' id='word_1_176' title='bbox 639 2373 740 2434; x_wconf 85' lang='lat' dir='ltr'><strong>verbis</strong></span> <span class='ocrx_word' id='word_1_177' title='bbox 763 2372 876 2433; x_wconf 87' lang='lat' dir='ltr'><strong>Christi</strong></span> <span class='ocrx_word' id='word_1_178' title='bbox 899 2376 1027 2452; x_wconf 79' lang='lat' dir='ltr'><strong>torquen-</strong></span> 
     </span>
     <span class='ocr_line' id='line_1_26' title="bbox 119 2452 1028 2537; baseline 0 -24"><span class='ocrx_word' id='word_1_179' title='bbox 119 2453 184 2529; x_wconf 85' lang='lat' dir='ltr'><strong>dis,</strong></span> <span class='ocrx_word' id='word_1_180' title='bbox 207 2456 278 2533; x_wconf 83' lang='lat' dir='ltr'><strong>quie</strong></span> <span class='ocrx_word' id='word_1_181' title='bbox 299 2474 358 2531; x_wconf 84' lang='lat' dir='ltr'><strong>ea‚·</strong></span> <span class='ocrx_word' id='word_1_182' title='bbox 375 2474 455 2535; x_wconf 82' lang='lat' dir='ltr'><strong>quae</strong></span> <span class='ocrx_word' id='word_1_183' title='bbox 476 2475 532 2535; x_wconf 84' lang='lat' dir='ltr'><strong>per</strong></span> <span class='ocrx_word' id='word_1_184' title='bbox 547 2457 608 2518; x_wconf 84' lang='lat' dir='ltr'><strong>hoe</strong></span> <span class='ocrx_word' id='word_1_185' title='bbox 622 2455 762 2537; x_wconf 67' lang='lat' dir='ltr'><strong>pontifis</strong></span> <span class='ocrx_word' id='word_1_186' title='bbox 779 2454 898 2532; x_wconf 81' lang='lat' dir='ltr'><strong>tribuis,</strong></span> <span class='ocrx_word' id='word_1_187' title='bbox 921 2452 1028 2536; x_wconf 78' lang='lat' dir='ltr'><strong>penibu</strong></span> 
     </span>
     <span class='ocr_line' id='line_1_27' title="bbox 120 2534 1028 2620; baseline 0.002 -23"><span class='ocrx_word' id='word_1_188' title='bbox 120 2536 276 2612; x_wconf 76' lang='lat' dir='ltr'><strong>auferunt,</strong></span> <span class='ocrx_word' id='word_1_189' title='bbox 300 2545 331 2598; x_wconf 88' lang='lat' dir='ltr'><strong>et</strong></span> <span class='ocrx_word' id='word_1_190' title='bbox 352 2539 457 2598; x_wconf 82' lang='lat' dir='ltr'><strong>omnis</strong></span> <span class='ocrx_word' id='word_1_191' title='bbox 480 2558 518 2599; x_wconf 81' lang='lat' dir='ltr'><strong>eo</strong></span> <span class='ocrx_word' id='word_1_192' title='bbox 538 2540 710 2620; x_wconf 80' lang='lat' dir='ltr'><strong>imponunt,</strong></span> <span class='ocrx_word' id='word_1_193' title='bbox 735 2556 814 2618; x_wconf 83' lang='lat' dir='ltr'><strong>quse</strong></span> <span class='ocrx_word' id='word_1_194' title='bbox 839 2555 905 2598; x_wconf 90' lang='lat' dir='ltr'><strong>non</strong></span> <span class='ocrx_word' id='word_1_195' title='bbox 927 2534 1028 2609; x_wconf 63' lang='lat' dir='ltr'><strong>rubuit</strong></span> 
     </span>
     <span class='ocr_line' id='line_1_28' title="bbox 120 2618 672 2699; baseline 0.005 -20"><span class='ocrx_word' id='word_1_196' title='bbox 120 2626 152 2679; x_wconf 84' lang='lat' dir='ltr'><strong>et</strong></span> <span class='ocrx_word' id='word_1_197' title='bbox 171 2618 223 2679; x_wconf 88' lang='lat' dir='ltr'><strong>ille</strong></span> <span class='ocrx_word' id='word_1_198' title='bbox 246 2638 338 2699; x_wconf 82' lang='lat' dir='ltr'><strong>quem</strong></span> <span class='ocrx_word' id='word_1_199' title='bbox 361 2623 495 2681; x_wconf 76' lang='lat' dir='ltr'><strong>maxime</strong></span> <span class='ocrx_word' id='word_1_200' title='bbox 518 2624 672 2684; x_wconf 88' lang='lat' dir='ltr'><strong>exhorret.</strong></span> 
     </span>
    </p>

    <p class='ocr_par' dir='ltr' id='par_1_5' title="bbox 119 2700 1028 3450">
     <span class='ocr_line' id='line_1_29' title="bbox 204 2700 1026 2785; baseline -0.001 -23"><span class='ocrx_word' id='word_1_201' title='bbox 204 2702 245 2763; x_wconf 85' lang='lat' dir='ltr'><strong>At</strong></span> <span class='ocrx_word' id='word_1_202' title='bbox 266 2702 358 2764; x_wconf 88' lang='lat' dir='ltr'><strong>diois:</strong></span> <span class='ocrx_word' id='word_1_203' title='bbox 380 2704 513 2765; x_wconf 76' lang='lat' dir='ltr'><strong>Poscere</strong></span> <span class='ocrx_word' id='word_1_204' title='bbox 535 2711 726 2785; x_wconf 87' lang='lat' dir='ltr'><strong>nonpotest,</strong></span> <span class='ocrx_word' id='word_1_205' title='bbox 752 2702 811 2762; x_wconf 89' lang='lat' dir='ltr'><strong>nisi</strong></span> <span class='ocrx_word' id='word_1_206' title='bbox 833 2702 873 2762; x_wconf 81' lang='lat' dir='ltr'><strong>sit</strong></span> <span class='ocrx_word' id='word_1_207' title='bbox 894 2700 1026 2782; x_wconf 79' lang='lat' dir='ltr'><strong>superior</strong></span> 
     </span>
     <span class='ocr_line' id='line_1_30' title="bbox 121 2785 1028 2927; baseline 0 -82"><span class='ocrx_word' id='word_1_208' title='bbox 121 2786 220 2866; x_wconf 75' lang='lat' dir='ltr'><strong>Ergo,</strong></span> <span class='ocrx_word' id='word_1_209' title='bbox 263 2786 337 2846; x_wconf 85' lang='lat' dir='ltr'><strong>lieet</strong></span> <span class='ocrx_word' id='word_1_210' title='bbox 358 2805 421 2847; x_wconf 89' lang='lat' dir='ltr'><strong>non</strong></span> <span class='ocrx_word' id='word_1_211' title='bbox 442 2787 536 2849; x_wconf 80' lang='lat' dir='ltr'><strong>laniet</strong></span> <span class='ocrx_word' id='word_1_212' title='bbox 556 2787 692 2849; x_wconf 85' lang='lat' dir='ltr'><strong>oliieium</strong></span> <span class='ocrx_word' id='word_1_213' title='bbox 715 2785 866 2866; x_wconf 80' lang='lat' dir='ltr'><strong>pastoris,</strong></span> <span class='ocrx_word' id='word_1_214' title='bbox 902 2798 1028 2927; x_wconf 52' lang='lat' dir='ltr'><strong>nour</strong></span> 
     </span>
     <span class='ocr_line' id='line_1_31' title="bbox 120 2864 1028 2950; baseline -0.002 -21"><span class='ocrx_word' id='word_1_215' title='bbox 120 2869 182 2929; x_wconf 91' lang='lat' dir='ltr'><strong>hoo</strong></span> <span class='ocrx_word' id='word_1_216' title='bbox 194 2870 359 2949; x_wconf 88' lang='lat' dir='ltr'><strong>superioris</strong></span> <span class='ocrx_word' id='word_1_217' title='bbox 377 2871 489 2931; x_wconf 83' lang='lat' dir='ltr'><strong>emittit</strong></span> <span class='ocrx_word' id='word_1_218' title='bbox 499 2871 613 2934; x_wconf 82' lang='lat' dir='ltr'><strong>locum.</strong></span> <span class='ocrx_word' id='word_1_219' title='bbox 657 2867 863 2950; x_wconf 86' lang='lat' dir='ltr'><strong>Respondes:</strong></span> <span class='ocrx_word' id='word_1_220' title='bbox 887 2864 968 2943; x_wconf 79' lang='lat' dir='ltr'><strong>Quid</strong></span> <span class='ocrx_word' id='word_1_221' title='bbox 999 2880 1028 2927; x_wconf 80' lang='lat' dir='ltr'><strong>ot</strong></span> 
     </span>
     <span class='ocr_line' id='line_1_32' title="bbox 120 2949 1026 3032; baseline -0.001 -20"><span class='ocrx_word' id='word_1_222' title='bbox 120 2951 158 3012; x_wconf 81' lang='lat' dir='ltr'><strong>od</strong></span> <span class='ocrx_word' id='word_1_223' title='bbox 181 2952 254 3012; x_wconf 87' lang='lat' dir='ltr'><strong>me?</strong></span> <span class='ocrx_word' id='word_1_224' title='bbox 277 2952 399 3027; x_wconf 76' lang='lat' dir='ltr'><strong>Quaere</strong></span> <span class='ocrx_word' id='word_1_225' title='bbox 421 2973 495 3029; x_wconf 84' lang='lat' dir='ltr'><strong>ergo</strong></span> <span class='ocrx_word' id='word_1_226' title='bbox 518 2954 580 3015; x_wconf 82' lang='lat' dir='ltr'><strong>ulia</strong></span> <span class='ocrx_word' id='word_1_227' title='bbox 601 2952 705 3032; x_wconf 83' lang='lat' dir='ltr'><strong>verbs,</strong></span> <span class='ocrx_word' id='word_1_228' title='bbox 728 2950 838 3032; x_wconf 90' lang='lat' dir='ltr'><strong>quibus</strong></span> <span class='ocrx_word' id='word_1_229' title='bbox 859 2949 964 3011; x_wconf 86' lang='lat' dir='ltr'><strong>loouru</strong></span> <span class='ocrx_word' id='word_1_230' title='bbox 984 2964 1026 3031; x_wconf 75' lang='lat' dir='ltr'><strong>po</strong></span> 
     </span>
     <span class='ocr_line' id='line_1_33' title="bbox 122 3036 1026 3115; baseline -0.001 -21"><span class='ocrx_word' id='word_1_231' title='bbox 122 3036 243 3095; x_wconf 79' lang='lat' dir='ltr'><strong>testatis</strong></span> <span class='ocrx_word' id='word_1_232' title='bbox 275 3054 405 3097; x_wconf 76' lang='lat' dir='ltr'><strong>asseres.</strong></span> <span class='ocrx_word' id='word_1_233' title='bbox 449 3036 535 3096; x_wconf 80' lang='lat' dir='ltr'><strong>Haeo</strong></span> <span class='ocrx_word' id='word_1_234' title='bbox 555 3037 650 3098; x_wconf 83' lang='lat' dir='ltr'><strong>verbe</strong></span> <span class='ocrx_word' id='word_1_235' title='bbox 677 3044 730 3098; x_wconf 82' lang='lat' dir='ltr'><strong>eut</strong></span> <span class='ocrx_word' id='word_1_236' title='bbox 751 3038 908 3094; x_wconf 80' lang='lat' dir='ltr'><strong>amentem</strong></span> <span class='ocrx_word' id='word_1_237' title='bbox 937 3039 969 3094; x_wconf 88' lang='lat' dir='ltr'><strong>et</strong></span> <span class='ocrx_word' id='word_1_238' title='bbox 986 3048 1026 3115; x_wconf 74' lang='lat' dir='ltr'><strong>ptr</strong></span> 
     </span>
     <span class='ocr_line' id='line_1_34' title="bbox 123 3110 1026 3200; baseline -0.004 -23"><span class='ocrx_word' id='word_1_239' title='bbox 123 3124 259 3179; x_wconf 81' lang='lat' dir='ltr'><strong>suentem</strong></span> <span class='ocrx_word' id='word_1_240' title='bbox 275 3120 441 3197; x_wconf 76' lang='lat' dir='ltr'><strong>requirunt,</strong></span> <span class='ocrx_word' id='word_1_241' title='bbox 464 3125 518 3180; x_wconf 82' lang='lat' dir='ltr'><strong>eut</strong></span> <span class='ocrx_word' id='word_1_242' title='bbox 529 3140 655 3200; x_wconf 86' lang='lat' dir='ltr'><strong>prorsus</strong></span> <span class='ocrx_word' id='word_1_243' title='bbox 669 3119 746 3179; x_wconf 90' lang='lat' dir='ltr'><strong>nulli</strong></span> <span class='ocrx_word' id='word_1_244' title='bbox 761 3116 960 3193; x_wconf 64' lang='lat' dir='ltr'><strong>conveniunt,</strong></span> <span class='ocrx_word' id='word_1_245' title='bbox 980 3110 1026 3175; x_wconf 79' lang='lat' dir='ltr'><strong>nisi</strong></span> 
     </span>
     <span class='ocr_line' id='line_1_35' title="bbox 121 3198 1026 3284; baseline -0.001 -24"><span class='ocrx_word' id='word_1_246' title='bbox 121 3202 229 3261; x_wconf 89' lang='lat' dir='ltr'><strong>iterum</strong></span> <span class='ocrx_word' id='word_1_247' title='bbox 253 3221 336 3261; x_wconf 82' lang='lat' dir='ltr'><strong>nova</strong></span> <span class='ocrx_word' id='word_1_248' title='bbox 358 3202 527 3281; x_wconf 80' lang='lat' dir='ltr'><strong>latinitate,</strong></span> <span class='ocrx_word' id='word_1_249' title='bbox 564 3203 691 3284; x_wconf 90' lang='lat' dir='ltr'><strong>diligere</strong></span> <span class='ocrx_word' id='word_1_250' title='bbox 717 3201 785 3281; x_wconf 91' lang='lat' dir='ltr'><strong>plus</strong></span> <span class='ocrx_word' id='word_1_251' title='bbox 808 3199 874 3277; x_wconf 87' lang='lat' dir='ltr'><strong>his,</strong></span> <span class='ocrx_word' id='word_1_252' title='bbox 907 3198 1026 3279; x_wconf 70' lang='lat' dir='ltr'><strong>stupis·</strong></span> 
     </span>
     <span class='ocr_line' id='line_1_36' title="bbox 119 3282 971 3365; baseline -0.001 -21"><span class='ocrx_word' id='word_1_253' title='bbox 119 3303 175 3363; x_wconf 87' lang='lat' dir='ltr'><strong>pro</strong></span> <span class='ocrx_word' id='word_1_254' title='bbox 199 3303 248 3362; x_wconf 83' lang='lat' dir='ltr'><strong>eo,</strong></span> <span class='ocrx_word' id='word_1_255' title='bbox 271 3284 354 3363; x_wconf 89' lang='lat' dir='ltr'><strong>quod</strong></span> <span class='ocrx_word' id='word_1_256' title='bbox 379 3292 436 3363; x_wconf 89' lang='lat' dir='ltr'><strong>est,</strong></span> <span class='ocrx_word' id='word_1_257' title='bbox 458 3306 602 3365; x_wconf 82' lang='lat' dir='ltr'><strong>praeesse</strong></span> <span class='ocrx_word' id='word_1_258' title='bbox 629 3286 738 3347; x_wconf 82' lang='lat' dir='ltr'><strong>ueteris</strong></span> <span class='ocrx_word' id='word_1_259' title='bbox 758 3282 918 3360; x_wconf 84' lang='lat' dir='ltr'><strong>omnibue&#39;,</strong></span> <span class='ocrx_word' id='word_1_260' title='bbox 939 3288 971 3343; x_wconf 88' lang='lat' dir='ltr'><strong>et</strong></span> 
     </span>
     <span class='ocr_line' id='line_1_37' title="bbox 120 3364 955 3450; baseline 0.001 -24"><span class='ocrx_word' id='word_1_261' title='bbox 120 3385 215 3444; x_wconf 80' lang='lat' dir='ltr'><strong>soene,</strong></span> <span class='ocrx_word' id='word_1_262' title='bbox 238 3369 373 3427; x_wconf 90' lang='lat' dir='ltr'><strong>omnium</strong></span> <span class='ocrx_word' id='word_1_263' title='bbox 393 3369 460 3429; x_wconf 84' lang='lat' dir='ltr'><strong>iure</strong></span> <span class='ocrx_word' id='word_1_264' title='bbox 474 3374 506 3430; x_wconf 89' lang='lat' dir='ltr'><strong>et</strong></span> <span class='ocrx_word' id='word_1_265' title='bbox 519 3389 594 3450; x_wconf 87' lang='lat' dir='ltr'><strong>opes</strong></span> <span class='ocrx_word' id='word_1_266' title='bbox 607 3368 777 3450; x_wconf 87' lang='lat' dir='ltr'><strong>possidere.</strong></span> <span class='ocrx_word' id='word_1_267' title='bbox 821 3364 955 3427; x_wconf 80' lang='lat' dir='ltr'><strong>Proinde</strong></span> 
     </span>
    </p>
   </div>
   <div class='ocr_carea' id='block_1_3' title="bbox 121 3440 1024 3712">
    <p class='ocr_par' dir='ltr' id='par_1_6' title="bbox 121 3440 1024 3712">
     <span class='ocr_line' id='line_1_38' title="bbox 121 3440 1024 3531; baseline -0.006 -22"><span class='ocrx_word' id='word_1_268' title='bbox 121 3450 241 3528; x_wconf 81' lang='lat' dir='ltr'><strong>mirum,</strong></span> <span class='ocrx_word' id='word_1_269' title='bbox 264 3452 288 3510; x_wconf 93' lang='lat' dir='ltr'><strong>si</strong></span> <span class='ocrx_word' id='word_1_270' title='bbox 311 3451 474 3531; x_wconf 86' lang='lat' dir='ltr'><strong>primatum</strong></span> <span class='ocrx_word' id='word_1_271' title='bbox 497 3458 584 3515; x_wconf 81' lang='lat' dir='ltr'><strong>tanto</strong></span> <span class='ocrx_word' id='word_1_272' title='bbox 606 3457 695 3513; x_wconf 80' lang='lat' dir='ltr'><strong>aestu</strong></span> <span class='ocrx_word' id='word_1_273' title='bbox 717 3455 879 3531; x_wconf 79' lang='lat' dir='ltr'><strong>quaerunt,</strong></span> <span class='ocrx_word' id='word_1_274' title='bbox 922 3440 1024 3509; x_wconf 79' lang='lat' dir='ltr'><strong>uemsl</strong></span> 
     </span>
     <span class='ocr_line' id='line_1_39' title="bbox 121 3522 1024 3621; baseline -0.001 -28"><span class='ocrx_word' id='word_1_275' title='bbox 121 3533 221 3593; x_wconf 85' lang='lat' dir='ltr'><strong>verbis</strong></span> <span class='ocrx_word' id='word_1_276' title='bbox 244 3533 275 3592; x_wconf 88' lang='lat' dir='ltr'><strong>in</strong></span> <span class='ocrx_word' id='word_1_277' title='bbox 304 3553 360 3594; x_wconf 89' lang='lat' dir='ltr'><strong>suo</strong></span> <span class='ocrx_word' id='word_1_278' title='bbox 389 3533 562 3616; x_wconf 78' lang='lat' dir='ltr'><strong>significatu</strong></span> <span class='ocrx_word' id='word_1_279' title='bbox 582 3536 719 3615; x_wconf 82' lang='lat' dir='ltr'><strong>eeeeptis</strong></span> <span class='ocrx_word' id='word_1_280' title='bbox 742 3551 852 3614; x_wconf 84' lang='lat' dir='ltr'><strong>gerere</strong></span> <span class='ocrx_word' id='word_1_281' title='bbox 874 3529 914 3592; x_wconf 90' lang='lat' dir='ltr'><strong>de</strong></span> <span class='ocrx_word' id='word_1_282' title='bbox 935 3522 1024 3621; x_wconf 53' lang='lat' dir='ltr'><strong>enfil,</strong></span> 
     </span>
     <span class='ocr_line' id='line_1_40' title="bbox 125 3617 1023 3712; baseline -0.002 -36"><span class='ocrx_word' id='word_1_283' title='bbox 125 3635 182 3677; x_wconf 88' lang='lat' dir='ltr'><strong>nee</strong></span> <span class='ocrx_word' id='word_1_284' title='bbox 203 3617 302 3677; x_wconf 90' lang='lat' dir='ltr'><strong>Deum</strong></span> <span class='ocrx_word' id='word_1_285' title='bbox 324 3617 424 3711; x_wconf 66' lang='lat' dir='ltr'><strong>ipsum</strong></span> <span class='ocrx_word' id='word_1_286' title='bbox 446 3637 502 3712; x_wconf 75' lang='lat' dir='ltr'><strong>pro</strong></span> <span class='ocrx_word' id='word_1_287' title='bbox 524 3620 662 3698; x_wconf 84' lang='lat' dir='ltr'><strong>praemio</strong></span> <span class='ocrx_word' id='word_1_288' title='bbox 691 3622 796 3678; x_wconf 90' lang='lat' dir='ltr'><strong>essent</strong></span> <span class='ocrx_word' id='word_1_289' title='bbox 823 3618 1023 3695; x_wconf 80' lang='lat' dir='ltr'><strong>exspectatun·</strong></span> 
     </span>
    </p>
   </div>
   <div class='ocr_carea' id='block_1_4' title="bbox 120 3704 1025 3856">
    <p class='ocr_par' dir='ltr' id='par_1_7' title="bbox 120 3704 1025 3856">
     <span class='ocr_line' id='line_1_41' title="bbox 158 3704 1025 3787; baseline -0.008 -14"><span class='ocrx_word' id='word_1_290' title='bbox 158 3720 189 3784; x_wconf 81' lang='lat'><strong>1)</strong></span> <span class='ocrx_word' id='word_1_291' title='bbox 209 3718 239 3770; x_wconf 89' lang='lat' dir='ltr'><strong>ln</strong></span> <span class='ocrx_word' id='word_1_292' title='bbox 259 3704 599 3787; x_wconf 50' lang='lat' dir='ltr'><strong>edffirhsresf‘scel-e-sinm</strong></span> <span class='ocrx_word' id='word_1_293' title='bbox 619 3723 716 3773; x_wconf 79' lang='lat' dir='ltr'><strong>totum.</strong></span> <span class='ocrx_word' id='word_1_294' title='bbox 735 3717 767 3783; x_wconf 79' lang='lat'><strong>2)</strong></span> <span class='ocrx_word' id='word_1_295' title='bbox 788 3712 870 3769; x_wconf 81' lang='lat' dir='ltr'><strong>ibid:</strong></span> <span class='ocrx_word' id='word_1_296' title='bbox 890 3729 973 3769; x_wconf 81' lang='lat' dir='ltr'><strong>nemo</strong></span> <span class='ocrx_word' id='word_1_297' title='bbox 991 3722 1025 3761; x_wconf 72' lang='lat' dir='ltr'><strong>vt</strong></span> 
     </span>
     <span class='ocr_line' id='line_1_42' title="bbox 120 3789 749 3856; baseline 0.002 -14"><span class='ocrx_word' id='word_1_298' title='bbox 120 3799 172 3844; x_wconf 80' lang='lat' dir='ltr'><strong>ont.</strong></span> <span class='ocrx_word' id='word_1_299' title='bbox 211 3789 244 3856; x_wconf 78' lang='lat'><strong>3)</strong></span> <span class='ocrx_word' id='word_1_300' title='bbox 264 3789 336 3845; x_wconf 86' lang='lat' dir='ltr'><strong>ibid.</strong></span> <span class='ocrx_word' id='word_1_301' title='bbox 357 3796 384 3845; x_wconf 87' lang='lat' dir='ltr'><strong>et</strong></span> <span class='ocrx_word' id='word_1_302' title='bbox 401 3792 431 3843; x_wconf 90' lang='lat' dir='ltr'><strong>iu</strong></span> <span class='ocrx_word' id='word_1_303' title='bbox 451 3790 588 3847; x_wconf 74' lang='lat' dir='ltr'><strong>edient</strong></span> <span class='ocrx_word' id='word_1_304' title='bbox 609 3790 749 3846; x_wconf 72' lang='lat' dir='ltr'><strong>deberent,</strong></span> 
     </span>
    </p>
   </div>
   <div class='ocr_carea' id='block_1_5' title="bbox 0 0 1178 4208">
    <p class='ocr_par' dir='ltr' id='par_1_8' title="bbox 0 0 1178 4208">
     <span class='ocr_line' id='line_1_43' title="bbox 0 0 1178 4208; baseline 0 1"><span class='ocrx_word' id='word_1_305' title='bbox 0 0 1178 4208; x_wconf 95' lang='lat' dir='ltr'><strong> </strong></span> 
     </span>
    </p>
   </div>
  </div>
 </body>
</html>
