2346 4208
128 253 192 322 218
318 257 444 329 Epistola
463 257 497 313 D.
515 257 550 311 ll.
570 258 646 314 luth.
665 258 700 311 ad
721 260 804 315 Leon.
824 260 861 316 X.

128 442 220 503 dioit:
243 443 361 524 Popula
384 465 487 525 mens,
510 447 559 527 qni
582 453 612 508 te
633 444 756 507 beatum
777 444 971 526 praedicant,-
990 443 1045 524 ipsi

128 533 157 587 te
180 526 346 608 desipiunt.
390 529 516 609 Errant,
550 533 601 610 qui
634 537 663 590 te
692 546 785 609 supra
823 528 990 590 eonsilium
1016 535 1047 588 st

126 611 329 670 universalem
353 613 515 673 eeclesiam
527 615 658 674 elevant.
701 613 822 688 Errant,
848 614 901 692 qni
926 611 1046 673 tibisoli

126 693 300 773 Soriptnrae
321 696 570 776 interpretandae
605 699 652 756 ius
685 697 835 774 tribuunt,
871 712 944 755 suas
968 695 1046 754 enim

126 776 157 836 hi
180 795 287 837 omnes
309 779 481 858 impietates
514 781 569 842 sub
606 789 657 841 tuo
696 781 822 840 nomine
850 785 988 840 statuere
1017 778 1047 836 in

126 859 258 921 eeclesia
280 869 444 941 quaerunt,
468 870 499 924 et
520 863 596 944 proh
620 864 726 942 dolor,
760 862 889 923 multum
919 881 976 942 per
997 879 1049 921 eos

126 950 214 1004 satan
237 945 369 1024 profecit
390 949 420 1006 in
442 949 502 1008 tuis
524 944 823 1029 praedecessoribus.

209 1027 343 1107 Summa,
366 1030 457 1090 nullis
480 1030 581 1106 erede,
605 1033 698 1110 quite
712 1030 859 1104 exaltant,
882 1028 943 1088 sed=
962 1027 1045 1108 quil)

126 1116 155 1171 te
177 1111 347 1173 humiliant.
391 1113 458 1174 Hoo
476 1115 556 1174 enim
580 1121 626 1174 est
640 1113 782 1173 indicium
801 1112 874 1172 Dei:
899 1111 1048 1195 Deposuit

125 1199 268 1274 potentes
287 1195 326 1255 de
341 1196 424 1274 sede,
449 1203 479 1257 et
497 1198 643 1257 exaltavit
661 1197 800 1258 humiles.
844 1195 936 1273 Vide,
959 1212 1047 1274 quam

127 1276 231 1357 dispar
266 1280 305 1338 sit
327 1279 464 1341 Christus
493 1281 554 1340 suis
578 1280 821 1355 snoeessoribus,
854 1296 925 1337 oum
948 1284 1046 1338 tamen

126 1379 233 1422 omnes
256 1362 352 1422 velint
373 1365 437 1423 eius
460 1384 528 1424 esse
550 1365 664 1424 vinarii.
686 1364 726 1423 Et
743 1369 857 1438 metuo,
873 1381 923 1421 ns
943 1376 1048 1422 revera

124 1443 245 1523 plurimi
269 1464 374 1506 eorum
391 1448 466 1524 sint,
500 1454 531 1508 et
568 1449 694 1507 nimium
727 1447 808 1506 serio
838 1446 944 1505 vinarii
977 1446 1047 1519 eius,

123 1528 255 1587 vinarius
280 1530 361 1589 enirn
383 1531 519 1592 absentis
545 1532 690 1611 principis
711 1535 767 1590 est.
811 1526 906 1603 Quod
928 1529 955 1587 si
977 1545 1046 1607 pon

124 1611 198 1670 tifex
227 1611 355 1673 absente
371 1614 492 1675 Christo
523 1623 553 1674 et
575 1633 636 1674 non
675 1612 865 1673 inhabitante
900 1613 933 1670 in
958 1609 1048 1672 eorde

127 1695 191 1754 eius
214 1698 345 1774 praesit,
379 1697 450 1775 quid
473 1697 557 1757 aliud
586 1712 676 1776 quam
700 1696 831 1756 vinarius
854 1693 970 1755 Christi
986 1692 1047 1754 esti

128 1777 170 1837 At
186 1778 257 1856 quid
274 1787 338 1840 tum
360 1780 414 1840 illn
436 1781 568 1841 eeclesia
589 1782 648 1839 nisi
659 1777 820 1839 multitudo
843 1779 912 1838 sine
927 1777 1046 1838 Christo

124 1860 195 1921 est?
226 1860 306 1935 Quid
341 1882 415 1924 vero
448 1865 517 1924 talis
551 1865 681 1924 vinarius
704 1863 762 1922 nisi
793 1861 994 1922 antichristus
1022 1865 1049 1920 et

123 1943 240 2004 idolum
263 1945 333 2005 est?
366 1946 488 2022 Quanto
505 1948 622 2007 reetins·
637 1944 788 2026 apostoli,
809 1945 861 2023 qni
885 1962 921 2004 ss
944 1961 1047 2005 servos

125 2025 235 2087 Ohristi
258 2029 416 2109 appellant
439 2032 628 2110 praesentis,
662 2048 724 2090 non
748 2028 880 2087 vioarios
903 2026 1046 2088 absentis.

208 2110 372 2191 lmpudens
405 2114 483 2174 forte
511 2133 593 2188 sum,
634 2119 751 2172 tantum
785 2112 934 2170 verticem
968 2111 1048 2170 visua

127 2192 259 2270 dooere,
282 2215 299 2254 a
322 2215 382 2274 quo
407 2196 511 2256 doceri
534 2216 641 2258 omnes
665 2201 803 2274 oportet,
838 2199 869 2252 et
892 2194 974 2253 siout
993 2193 1047 2253 iao·

125 2282 193 2336 tant
224 2279 418 2356 pestilentiae
452 2286 540 2356 tuae,
574 2298 675 2358 aquo
715 2277 916 2336 iudicantium
949 2275 1045 2337 throni

124 2360 279 2438 aeoipiunt
301 2364 495 2438 sententiam,
519 2363 573 2422 sed
595 2361 732 2422 aemulor
755 2360 784 2420 S.
803 2358 1044 2419 Bernardumin

123 2439 229 2502 libello
253 2443 290 2503 de
314 2445 439 2507 Consid.
462 2446 500 2506 ad
518 2446 700 2526 Eugenium,
724 2443 806 2504 omni
824 2441 969 2521 pontifici
992 2458 1047 2502 ine

124 2527 251 2585 moriter
274 2529 451 2608 noscendo,
472 2548 573 2608 neque
596 2530 676 2588 enim
701 2523 831 2586 docendi
854 2524 977 2604 studio,
999 2521 1046 2584 sed

124 2627 219 2687 purae
241 2609 403 2689 fidelisque
426 2612 640 2673 sollicitudinis
653 2609 827 2671 olfioiohoo
848 2608 951 2688 faoio,
975 2624 1046 2688 quae

126 2693 210 2772 cogit
231 2712 289 2752 nos
312 2696 403 2754 etiam
428 2697 532 2754 omnia
553 2702 618 2755 tuta
635 2695 732 2754 vereri
755 2691 904 2771 proximis
928 2691 1045 2764 nostris,

124 2791 183 2833 neo
204 2777 317 2854 patitur
327 2779 477 2839 rationem
491 2778 646 2859 dignitatis
664 2784 715 2836 aut
728 2773 920 2853 indignitatis
937 2773 1046 2847 haberi,

126 2856 203 2916 solis
226 2860 368 2937 perieulis
379 2869 410 2921 et
425 2861 596 2921 commodis
610 2860 717 2920 alienis
730 2860 855 2918 intenta.
880 2856 960 2918 Cum
974 2858 1046 2918 enin

126 2941 218 2999 soiam
226 2942 261 3002 T.
271 2943 304 3003 B.
321 2946 435 3005 versari
451 2944 625 3005 ettluetuari
640 2943 768 3017 Romae,
781 2939 811 2998 id
825 2947 881 3018 est,
894 2938 1045 3013 summo²t

127 3025 201 3083 mari
231 3024 356 3086 infinitis
386 3029 528 3107 perieulis
548 3026 682 3104 undique
715 3030 857 3104 urgente,
895 3030 926 3083 et
966 3028 1046 3084 eata

125 3107 267 3168 miseriae
289 3110 467 3172 conditione
496 3111 701 3185 laborantem,
733 3114 767 3167 ut
788 3105 881 3166 etiam
905 3108 1046 3186 cuiusque

126 3191 244 3249 minimi
280 3193 380 3252 fratris
413 3196 538 3254 minima
570 3212 629 3274 ope
657 3191 812 3270 indigeas,
847 3208 912 3250 non
949 3189 1046 3250 videor

31 3293 34 3298 ·
126 3272 199 3332 mihi
221 3274 381 3354 absurdus,
404 3279 428 3336 si
451 3279 569 3337 interim
593 3276 760 3336 maiestatis
783 3279 853 3330 tuae
868 3272 1045 3346 oblivisoar,

128 3353 199 3414 dum
224 3357 358 3418 offioium
388 3362 522 3420 caritatis
544 3359 731 3438 implevero,
763 3355 837 3415 nolo
873 3356 995 3416 adulari
1020 3356 1043 3413 io

125 3457 158 3498 re
179 3445 240 3499 tam
264 3444 343 3502 seria
376 3450 406 3504 et
427 3442 617 3522 periculosa,
651 3443 682 3501 in
713 3459 773 3519 qua
794 3439 819 3496 si
843 3440 963 3500 amious
986 3452 1044 3499 assa

126 3530 161 3580 et
179 3523 247 3601 plus
271 3543 361 3602 quam
387 3526 627 3586 subiectissimus
651 3524 706 3586 tibi
728 3541 789 3582 non
801 3521 975 3603 intelligar,
1006 3525 1044 3582 est

126 3605 175 3683 qui
194 3607 349 3688 intelligat
370 3617 401 3668 et
422 3609 544 3670 iudicet.

126 3720 538 3741 v—b--u-——e-—m

201 3786 228 3852 1)
248 3785 279 3840 ln
299 3786 342 3840 ed.
364 3786 451 3843 1521:
467 3787 516 3840 sed
536 3789 570 3840 iis
590 3785 645 3855 qui.
683 3779 721 3849 2}
738 3776 983 3841 Ibidemt··msdior
