2346 4208
440 239 596 293 eNatariis
616 245 741 311 excepta.
990 240 1051 307 131

135 427 294 507 sententia,
327 426 428 487 solum
449 429 636 488 remunerari
660 447 776 509 opera,
799 448 878 509 quae
901 429 995 491 homo
1018 432 1049 490 in

137 527 254 593 corpore
275 511 397 593 gessit.u
415 507 518 587 Quare
539 509 622 571 dicta
643 511 674 570 in
696 512 885 574 resolutione
908 532 964 573 sua
985 532 1052 594 per-

138 591 227 673 pendi,
249 592 303 654 sed
325 600 472 675 tanquam
494 591 712 656 insufficientia
732 601 897 676 acceptare
912 614 975 656 non
997 614 1051 677 po-

138 677 181 757 tni,
200 683 232 737 nt
251 676 321 739 illas
345 676 578 739 contrarietates
596 678 690 759 ¹prius
712 679 840 759 aperiat.

433 864 472 925 Μ.
510 864 744 928 liutherus,

205 1014 354 1095 Primum,
387 1016 470 1097 quod
492 1017 634 1098 egregius
656 1017 694 1077 D.
717 1018 755 1079 D.
779 1015 868 1094 dicit,
890 1036 953 1076 non
976 1014 1048 1077 ideo

137 1096 236 1176 aliquid
263 1099 440 1180 negandum
469 1119 538 1161 esse
560 1099 598 1160 de
621 1099 795 1180 Scriptura,
824 1100 897 1178 quia
918 1101 1048 1178 pertina-

136 1198 177 1240 ces
196 1182 338 1242 convinci
360 1201 423 1244 non
445 1184 582 1262 possint,
605 1184 721 1262 optime
743 1184 944 1243 etverissime
966 1182 1049 1257 dicit,

136 1262 180 1322 aad
200 1262 312 1344 loquor
333 1284 393 1346 ego
416 1266 456 1326 de
477 1267 524 1325 his
547 1266 766 1346 pertinacibus,
789 1267 839 1344 qui
862 1285 919 1325 nos
943 1272 1050 1326 nostra

134 1349 285 1409 autoritate
308 1361 338 1408 et
358 1350 484 1429 proprio
507 1347 609 1410 iaculo
633 1349 802 1410 confodere
816 1355 956 1429 possunt.
979 1347 1049 1408 Evi-

134 1428 197 1490 dens
218 1433 301 1491 enim
324 1441 371 1492 est
383 1431 493 1492 librum
508 1432 766 1493 Machabaeorum
779 1433 933 1512 pertinere
946 1431 985 1491 ad
1000 1451 1050 1491 ve·

133 1519 171 1574 tus
189 1513 433 1579 Testamentum.
463 1514 595 1589 Quando
623 1535 699 1596 ergo
720 1515 750 1577 S.
772 1515 978 1595 Hieronymus
1002 1534 1049 1574 ca-

133 1615 234 1657 nonem
256 1595 412 1658 Ebraeum
445 1599 676 1679 conscripserit,
709 1605 740 1658 et
762 1598 922 1659 eos'solos
954 1597 1049 1659 libros

134 1679 223 1742 ruere
245 1680 277 1740 in
290 1681 508 1761 contentione,
535 1682 586 1762 qui
607 1681 653 1742 de·
668 1699 789 1742 canone
810 1687 890 1758 sunt,
913 1680 1049 1758 definiat,

131 1762 219 1843 dique
241 1763 273 1822 in
295 1763 355 1823 hac
375 1783 431 1824 sua
452 1766 605 1825 sententia
627 1771 787 1846 receptus,
817 1764 907 1824 facile
940 1769 1048 1824 nostro

131 1844 182 1909 telo
203 1845 446 1927 verberabimur,
469 1849 526 1908 nisi
549 1847 691 1909 fidelibus
714 1846 964 1928 persuadeamus.

200 1929 347 1991 Secundo
368 1931 490 2010 probat,
513 1931 623 1992 librum
640 1931 899 1992 Machabaeorum
922 1949 1048 1991 essere-

128 2019 243 2093 eeptnm
265 2014 298 2072 in
323 2032 488 2094 canonem,
509 2015 668 2076 contendit
691 2014 730 2075 ad
752 2015 1048 2094 aequivocationem,

128 2102 154 2157 et
173 2097 265 2157 facile
288 2097 554 2158 concorda-bimur.
575 2098 657 2177 Scio,
680 2097 764 2177 quod
786 2098 918 2158 ecclesia
941 2098 1050 2177 recipit

126 2177 198 2240 hunc
224 2180 354 2259 librum,
384 2186 415 2240 et
436 2182 497 2240 hoc
519 2180 598 2259 dixi,
628 2181 681 2242 sed
705 2201 768 2240 non
790 2188 894 2261 potest
916 2181 1049 2241 ecclesia

125 2263 187 2342 plus
209 2263 346 2324 tribuere
377 2266 549 2325 autoritatis
582 2271 635 2325 aut
656 2264 806 2325 firmitatis
829 2265 923 2343 libro,
956 2283 1046 2343 quam
1136 2296 1139 2303 .

124 2348 353 2425 perseipsum
381 2346 510 2426 habeat,
554 2351 632 2408 sicut
665 2356 695 2408 et
726 2353 896 2408 ceterorum
925 2348 1046 2408 Petrum

124 2430 270 2510 opuscula
291 2431 444 2510 approbat
466 2440 496 2490 et
517 2433 640 2511 recipit,
674 2431 729 2497 sed
757 2451 821 2491 non
845 2431 916 2491 ideo
940 2429 1049 2491 confir-

123 2520 181 2573 mat
201 2518 258 2573 aut
280 2515 410 2573 meliora
431 2514 543 2576 reddit.
565 2517 703 2575 Transeo
727 2534 800 2596 ergo
824 2515 892 2590 ista,
915 2533 994 2594 quae
1016 2515 1048 2573 in

123 2597 219 2657 multis
244 2596 403 2675 dicuntur,
426 2617 527 2657 canon
551 2607 582 2658 et
603 2618 714 2659 canon.

197 2680 305 2741 Tertio
324 2680 409 2757 dicit,
433 2684 614 2742 autoritates
637 2682 778 2741 inductas
801 2679 917 2739 directe
945 2680 1047 2739 facere

121 2765 308 2824 mentionem
330 2763 370 2823 de
392 2771 472 2823 statu
495 2766 641 2843 merendi,
665 2773 695 2825 et
715 2762 846 2824 eundem
871 2771 968 2824 morte
991 2770 1047 2823 ter·-

120 2848 235 2910 minari.
271 2847 459 2926 Respondeo
489 2850 567 2908 sicut
589 2851 689 2928 prius:
714 2847 794 2922 Quia
815 2846 890 2905 nihil
918 2846 957 2906 de
979 2866 1047 2926 pur·-

121 2932 239 3010 gatorio
263 2931 682 3010 meminerunt,'sedtantum
707 2931 746 2990 de
768 2931 857 2990 coelo
876 2930 1046 3008 etinferno,

120 3015 184 3076 ideo
209 3016 347 3075 moriens
375 3015 414 3074 ad
437 3015 558 3075 coelum
580 3035 643 3076 non
666 3021 818 3092 meretur,
851 3015 985 3073 moriens
1007 3013 1046 3073 ad

121 3098 269 3159 infernum
291 3116 356 3157 non
379 3107 526 3176 meretur,
562 3105 592 3158 et
624 3101 668 3159 sic
689 3099 869 3158 terminatur
891 3098 1045 3175 utriusque

122 3189 213 3243 status
238 3181 392 3259 merendi,
416 3183 552 3260 alioquin
576 3184 674 3261 possit
695 3182 811 3242 eisdem
834 3181 1046 3241 autoritatibus

123 3265 349 3326 evidentissime
371 3266 495 3344 probari
518 3267 738 3346 purgatorium.

199 3348 319 3423 Quarto
342 3348 429 3428 dicit,
454 3369 502 3409 me
524 3350 610 3408 nullo
635 3356 743 3408 autore
766 3349 864 3426 inniti,
888 3356 918 3407 et
941 3366 1046 3428 proro-

124 3452 192 3513 gare
215 3435 378 3494 terminum
400 3432 545 3510 merendi,
573 3434 656 3510 item,
680 3432 788 3491 merita
808 3433 975 3511 purgatorii
1000 3451 1045 3491 re-

126 3525 280 3577 munerata
300 3537 449 3577 asserere.
488 3517 608 3596 Fateor,
630 3516 691 3575 hoc
710 3516 789 3573 enim
812 3515 879 3590 ieci,
902 3515 1045 3593 utdispu-

126 3608 214 3660 tarem
239 3608 270 3660 et
292 3601 428 3661 audirem
453 3600 590 3677 meliora,
613 3619 704 3678 quam
726 3617 784 3677 ego
808 3600 954 3658 noverim.
976 3597 1044 3678 Ego

126 3686 199 3743 enim
222 3684 296 3743 nihil
319 3683 358 3743 de
375 3684 553 3766 purgatorio
577 3684 665 3762 novi,
692 3682 749 3739 nisi
779 3683 896 3741 animas
918 3682 960 3741 ibi
981 3682 1045 3760 pati

125 3767 263 3830 iuvandas
286 3769 432 3851 operibus
454 3775 486 3827 et
507 3767 695 3828 orationibus
710 3767 832 3843 nostris,
853 3771 976 3847 paratus
989 3765 1044 3823 hu·

768 3850 829 3914 91
