<?xml version="1.0" encoding="UTF-8"?>
<!DOCTYPE html PUBLIC "-//W3C//DTD XHTML 1.0 Transitional//EN"
    "http://www.w3.org/TR/xhtml1/DTD/xhtml1-transitional.dtd">
<html xmlns="http://www.w3.org/1999/xhtml" xml:lang="en" lang="en">
 <head>
  <title>
</title>
<meta http-equiv="Content-Type" content="text/html;charset=utf-8" />
  <meta name='ocr-system' content='tesseract 3.04.00' />
  <meta name='ocr-capabilities' content='ocr_page ocr_carea ocr_par ocr_line ocrx_word'/>
</head>
<body>
  <div class='ocr_page' id='page_1' title='image "./dmartinilutheri04luthgoog_0224.png"; bbox 0 0 2346 4208; ppageno 0'>
   <div class='ocr_carea' id='block_1_1' title="bbox 394 183 1053 335">
    <p class='ocr_par' dir='ltr' id='par_1_1' title="bbox 269 183 1053 335">
     <span class='ocr_line' id='line_1_1' title="bbox 394 183 1053 335; baseline 0.006 -20.203"><span class='ocrx_word' id='word_1_1' title='bbox 394 183 753 334; x_wconf 44' lang='lat' dir='ltr'><strong>&#39;aromatum</strong></span> <span class='ocrx_word' id='word_1_2' title='bbox 874 204 881 217; x_wconf 42' lang='lat'><strong><em>¹</em></strong></span> <span class='ocrx_word' id='word_1_3' title='bbox 988 254 1053 335; x_wconf 59' lang='grc' dir='ltr'><strong>ωε</strong></span> 
     </span>
    </p>
   </div>
   <div class='ocr_carea' id='block_1_2' title="bbox 88 448 1138 3025">
    <p class='ocr_par' dir='ltr' id='par_1_2' title="bbox 88 448 1112 1625">
     <span class='ocr_line' id='line_1_2' title="bbox 122 448 1051 519; baseline 0.004 -4"><span class='ocrx_word' id='word_1_4' title='bbox 122 452 234 515; x_wconf 67' lang='grc' dir='ltr'><strong>ποία.</strong></span> <span class='ocrx_word' id='word_1_5' title='bbox 277 448 320 511; x_wconf 76' lang='lat' dir='ltr'><strong>nt</strong></span> <span class='ocrx_word' id='word_1_6' title='bbox 339 450 372 511; x_wconf 80' lang='lat' dir='ltr'><strong>ib</strong></span> <span class='ocrx_word' id='word_1_7' title='bbox 387 448 539 513; x_wconf 64' lang='lat' dir='ltr'><strong>&amp;mione</strong></span> <span class='ocrx_word' id='word_1_8' title='bbox 558 450 656 514; x_wconf 86' lang='lat' dir='ltr'><strong>latino</strong></span> <span class='ocrx_word' id='word_1_9' title='bbox 671 450 829 515; x_wconf 82' lang='lat' dir='ltr'><strong>cubandat</strong></span> <span class='ocrx_word' id='word_1_10' title='bbox 847 453 962 517; x_wconf 88' lang='lat' dir='ltr'><strong>dictum</strong></span> <span class='ocrx_word' id='word_1_11' title='bbox 984 456 1051 519; x_wconf 82' lang='lat' dir='ltr'><strong>r&#39;ul·</strong></span> 
     </span>
     <span class='ocr_line' id='line_1_3' title="bbox 126 533 1052 619; baseline 0.009 -23"><span class='ocrx_word' id='word_1_12' title='bbox 126 537 243 619; x_wconf 75' lang='lat' dir='ltr'><strong>parium</strong></span> <span class='ocrx_word' id='word_1_13' title='bbox 264 533 347 595; x_wconf 89' lang='lat' dir='ltr'><strong>ultra</strong></span> <span class='ocrx_word' id='word_1_14' title='bbox 360 552 489 615; x_wconf 27' lang='lat' dir='ltr'><strong>,omnem</strong></span> <span class='ocrx_word' id='word_1_15' title='bbox 513 534 686 597; x_wconf 88' lang='lat' dir='ltr'><strong>doctrinam</strong></span> <span class='ocrx_word' id='word_1_16' title='bbox 696 535 866 599; x_wconf 85' lang='lat' dir='ltr'><strong>Doctorum</strong></span> <span class='ocrx_word' id='word_1_17' title='bbox 889 539 1052 603; x_wconf 84' lang='lat' dir='ltr'><strong>scholasti·</strong></span> 
     </span>
     <span class='ocr_line' id='line_1_4' title="bbox 126 616 1052 701; baseline 0.013 -24"><span class='ocrx_word' id='word_1_18' title='bbox 126 626 241 699; x_wconf 81' lang='lat' dir='ltr'><strong>mrum,</strong></span> <span class='ocrx_word' id='word_1_19' title='bbox 261 616 641 699; x_wconf 82' lang='lat' dir='ltr'><strong>deposuitentiadctnm:</strong></span> <span class='ocrx_word' id='word_1_20' title='bbox 663 618 873 700; x_wconf 66' lang='lat' dir='ltr'><strong>mamertum</strong></span> <span class='ocrx_word' id='word_1_21' title='bbox 894 618 937 687; x_wconf 82' lang='lat' dir='ltr'><strong>tir</strong></span> <span class='ocrx_word' id='word_1_22' title='bbox 951 623 1052 701; x_wconf 65' lang='lat' dir='ltr'><strong>titulis</strong></span> 
     </span>
     <span class='ocr_line' id='line_1_5' title="bbox 129 699 1052 783; baseline 0.004 -18"><span class='ocrx_word' id='word_1_23' title='bbox 129 700 218 779; x_wconf 66' lang='lat' dir='ltr'><strong>bute.</strong></span> <span class='ocrx_word' id='word_1_24' title='bbox 264 699 394 783; x_wconf 85' lang='lat' dir='ltr'><strong>Optima</strong></span> <span class='ocrx_word' id='word_1_25' title='bbox 447 702 618 763; x_wconf 78' lang='lat' dir='ltr'><strong>adnitentis</strong></span> <span class='ocrx_word' id='word_1_26' title='bbox 651 720 735 764; x_wconf 88' lang='lat' dir='ltr'><strong>nova</strong></span> <span class='ocrx_word' id='word_1_27' title='bbox 768 705 849 783; x_wconf 88' lang='lat' dir='ltr'><strong>rita,</strong></span> <span class='ocrx_word' id='word_1_28' title='bbox 882 706 1052 769; x_wconf 88' lang='lat' dir='ltr'><strong>secundnm</strong></span> 
     </span>
     <span class='ocr_line' id='line_1_6' title="bbox 134 775 1061 887; baseline 0.005 -41"><span class='ocrx_word' id='word_1_29' title='bbox 134 784 264 867; x_wconf 63' lang='lat' dir='ltr'><strong>possm</strong></span> <span class='ocrx_word' id='word_1_30' title='bbox 287 784 366 849; x_wconf 87' lang='lat' dir='ltr'><strong>eius.</strong></span> <span class='ocrx_word' id='word_1_31' title='bbox 440 775 606 847; x_wconf 89' lang='lat' dir='ltr'><strong>ddiderunt</strong></span> <span class='ocrx_word' id='word_1_32' title='bbox 621 784 715 847; x_wconf 68' lang='lat' dir='ltr'><strong>ulem</strong></span> <span class='ocrx_word' id='word_1_33' title='bbox 729 789 961 868; x_wconf 78' lang='lat' dir='ltr'>persuasionem</span> <span class='ocrx_word' id='word_1_34' title='bbox 982 780 1061 887; x_wconf 82' lang='lat' dir='ltr'><strong>ipse&#39;</strong></span> 
     </span>
     <span class='ocr_line' id='line_1_7' title="bbox 133 870 1052 951; baseline 0.003 -20"><span class='ocrx_word' id='word_1_35' title='bbox 133 872 396 951; x_wconf 81' lang='lat' dir='ltr'><strong>etpropugnator,</strong></span> <span class='ocrx_word' id='word_1_36' title='bbox 418 870 491 949; x_wconf 85' lang='lat' dir='ltr'><strong>quio</strong></span> <span class='ocrx_word' id='word_1_37' title='bbox 510 870 537 929; x_wconf 90' lang='lat' dir='ltr'><strong>si</strong></span> <span class='ocrx_word' id='word_1_38' title='bbox 549 870 693 930; x_wconf 86' lang='lat' dir='ltr'><strong>averterit</strong></span> <span class='ocrx_word' id='word_1_39' title='bbox 708 878 749 930; x_wconf 83' lang='lat' dir='ltr'><strong>‘se</strong></span> <span class='ocrx_word' id='word_1_40' title='bbox 769 871 881 951; x_wconf 87' lang='lat' dir='ltr'><strong>impius</strong></span> <span class='ocrx_word' id='word_1_41' title='bbox 903 873 1052 935; x_wconf 80' lang='lat' dir='ltr'><strong>cinctutis</strong></span> 
     </span>
     <span class='ocr_line' id='line_1_8' title="bbox 130 948 1051 1035; baseline 0.005 -22"><span class='ocrx_word' id='word_1_42' title='bbox 130 948 181 1013; x_wconf 79' lang='lat' dir='ltr'><strong>&#39;rua</strong></span> <span class='ocrx_word' id='word_1_43' title='bbox 202 957 266 1021; x_wconf 78' lang='lat' dir='ltr'><strong>otc.</strong></span> <span class='ocrx_word' id='word_1_44' title='bbox 309 949 343 1013; x_wconf 81' lang='lat' dir='ltr'><strong>si</strong></span> <span class='ocrx_word' id='word_1_45' title='bbox 364 949 406 1012; x_wconf 85' lang='lat' dir='ltr'><strong>sd</strong></span> <span class='ocrx_word' id='word_1_46' title='bbox 427 970 542 1013; x_wconf 87' lang='lat' dir='ltr'><strong>novam</strong></span> <span class='ocrx_word' id='word_1_47' title='bbox 563 970 698 1033; x_wconf 88' lang='lat' dir='ltr'><strong>poenam</strong></span> <span class='ocrx_word' id='word_1_48' title='bbox 723 953 870 1034; x_wconf 78' lang='lat' dir='ltr'><strong>imputat,</strong></span> <span class='ocrx_word' id='word_1_49' title='bbox 892 955 1051 1035; x_wconf 89' lang='lat' dir='ltr'><strong>quomodo</strong></span> 
     </span>
     <span class='ocr_line' id='line_1_9' title="bbox 134 1033 1049 1123; baseline 0.003 -26"><span class='ocrx_word' id='word_1_50' title='bbox 134 1034 240 1097; x_wconf 87' lang='lat' dir='ltr'><strong>dicitur</strong></span> <span class='ocrx_word' id='word_1_51' title='bbox 261 1052 328 1095; x_wconf 93' lang='lat' dir='ltr'><strong>ncn</strong></span> <span class='ocrx_word' id='word_1_52' title='bbox 347 1033 516 1123; x_wconf 85' lang='lat' dir='ltr'><strong>recordari,</strong></span> <span class='ocrx_word' id='word_1_53' title='bbox 539 1042 571 1096; x_wconf 90' lang='lat' dir='ltr'><strong>et</strong></span> <span class='ocrx_word' id='word_1_54' title='bbox 590 1035 853 1116; x_wconf 79' lang='lat' dir='ltr'><strong>pstetccnclusio</strong></span> <span class='ocrx_word' id='word_1_55' title='bbox 876 1056 933 1098; x_wconf 88' lang='lat' dir='ltr'><strong>sua</strong></span> <span class='ocrx_word' id='word_1_56' title='bbox 953 1039 1049 1100; x_wconf 84' lang='lat' dir='ltr'><strong>meni·</strong></span> 
     </span>
     <span class='ocr_line' id='line_1_10' title="bbox 133 1116 1061 1199; baseline 0.004 -20"><span class='ocrx_word' id='word_1_57' title='bbox 133 1118 204 1179; x_wconf 76' lang='lat' dir='ltr'><strong>bete</strong></span> <span class='ocrx_word' id='word_1_58' title='bbox 225 1116 348 1198; x_wconf 84' lang='lat' dir='ltr'><strong>dicens,</strong></span> <span class='ocrx_word' id='word_1_59' title='bbox 369 1136 503 1199; x_wconf 88' lang='lat' dir='ltr'><strong>peccare</strong></span> <span class='ocrx_word' id='word_1_60' title='bbox 523 1117 729 1197; x_wconf 75' lang='lat' dir='ltr'>sacerdotem,</span> <span class='ocrx_word' id='word_1_61' title='bbox 750 1120 802 1199; x_wconf 89' lang='lat' dir='ltr'><strong>qui</strong></span> <span class='ocrx_word' id='word_1_62' title='bbox 823 1138 887 1182; x_wconf 94' lang='lat' dir='ltr'><strong>non</strong></span> <span class='ocrx_word' id='word_1_63' title='bbox 909 1118 1061 1183; x_wconf 81' lang='lat' dir='ltr'><strong>absolvat</strong></span> 
     </span>
     <span class='ocr_line' id='line_1_11' title="bbox 88 1194 1051 1284; baseline 0.003 -21"><span class='ocrx_word' id='word_1_64' title='bbox 88 1194 100 1263; x_wconf 81' lang='lat' dir='ltr'><strong>&#39;t</strong></span> <span class='ocrx_word' id='word_1_65' title='bbox 133 1200 260 1284; x_wconf 83' lang='lat' dir='ltr'><strong>sculpo</strong></span> <span class='ocrx_word' id='word_1_66' title='bbox 282 1208 316 1261; x_wconf 85' lang='lat' dir='ltr'><strong>at</strong></span> <span class='ocrx_word' id='word_1_67' title='bbox 336 1218 450 1280; x_wconf 78' lang='lat' dir='ltr'><strong>poena</strong></span> <span class='ocrx_word' id='word_1_68' title='bbox 472 1200 552 1262; x_wconf 90' lang='lat' dir='ltr'><strong>Huic</strong></span> <span class='ocrx_word' id='word_1_69' title='bbox 573 1203 669 1263; x_wconf 89' lang='lat' dir='ltr'><strong>errori</strong></span> <span class='ocrx_word' id='word_1_70' title='bbox 684 1220 744 1283; x_wconf 82' lang='lat' dir='ltr'><strong>ogo</strong></span> <span class='ocrx_word' id='word_1_71' title='bbox 759 1202 933 1264; x_wconf 73' lang='lat' dir='ltr'><strong>contradixi</strong></span> <span class='ocrx_word' id='word_1_72' title='bbox 953 1202 1051 1267; x_wconf 62' lang='lat' dir='ltr'><strong>&amp;Pa-</strong></span> 
     </span>
     <span class='ocr_line' id='line_1_12' title="bbox 135 1282 1052 1371; baseline 0.004 -26"><span class='ocrx_word' id='word_1_73' title='bbox 135 1290 205 1345; x_wconf 87' lang='lat' dir='ltr'><strong>trum</strong></span> <span class='ocrx_word' id='word_1_74' title='bbox 226 1282 464 1359; x_wconf 71' lang='lat' dir='ltr'><strong>autoritatibus,</strong></span> <span class='ocrx_word' id='word_1_75' title='bbox 498 1282 607 1363; x_wconf 90' lang='lat' dir='ltr'><strong>quibus</strong></span> <span class='ocrx_word' id='word_1_76' title='bbox 636 1286 705 1367; x_wconf 89' lang='lat' dir='ltr'><strong>ipsa</strong></span> <span class='ocrx_word' id='word_1_77' title='bbox 725 1284 824 1346; x_wconf 87' lang='lat' dir='ltr'><strong>voluit</strong></span> <span class='ocrx_word' id='word_1_78' title='bbox 844 1285 988 1371; x_wconf 86' lang='lat' dir='ltr'><strong>illudere,</strong></span> <span class='ocrx_word' id='word_1_79' title='bbox 1019 1293 1052 1353; x_wconf 89' lang='lat' dir='ltr'><strong>st</strong></span> 
     </span>
     <span class='ocr_line' id='line_1_13' title="bbox 135 1366 1051 1447; baseline 0.005 -20"><span class='ocrx_word' id='word_1_80' title='bbox 135 1366 288 1430; x_wconf 75' lang='lat' dir='ltr'><strong>auditores</strong></span> <span class='ocrx_word' id='word_1_81' title='bbox 311 1366 480 1445; x_wconf 82' lang='lat' dir='ltr'><strong>fascinare,</strong></span> <span class='ocrx_word' id='word_1_82' title='bbox 511 1369 598 1447; x_wconf 92' lang='lat' dir='ltr'><strong>quasi</strong></span> <span class='ocrx_word' id='word_1_83' title='bbox 626 1367 709 1447; x_wconf 88' lang='lat' dir='ltr'><strong>apud</strong></span> <span class='ocrx_word' id='word_1_84' title='bbox 738 1386 807 1429; x_wconf 91' lang='lat' dir='ltr'><strong>eum</strong></span> <span class='ocrx_word' id='word_1_85' title='bbox 836 1367 937 1430; x_wconf 90' lang='lat' dir='ltr'><strong>solum</strong></span> <span class='ocrx_word' id='word_1_86' title='bbox 967 1377 1051 1432; x_wconf 89' lang='lat' dir='ltr'><strong>esset</strong></span> 
     </span>
     <span class='ocr_line' id='line_1_14' title="bbox 135 1449 1112 1539; baseline 0 -27"><span class='ocrx_word' id='word_1_87' title='bbox 135 1456 265 1531; x_wconf 87' lang='lat' dir='ltr'><strong>potestas</strong></span> <span class='ocrx_word' id='word_1_88' title='bbox 286 1450 512 1531; x_wconf 86' lang='lat' dir='ltr'><strong>interpretandi</strong></span> <span class='ocrx_word' id='word_1_89' title='bbox 534 1451 653 1511; x_wconf 84' lang='lat' dir='ltr'><strong>sacram</strong></span> <span class='ocrx_word' id='word_1_90' title='bbox 677 1449 874 1532; x_wconf 72' lang='lat' dir='ltr'><strong>scripturam.</strong></span> <span class='ocrx_word' id='word_1_91' title='bbox 988 1500 996 1514; x_wconf 83' lang='lat'><strong>.</strong></span> <span class='ocrx_word' id='word_1_92' title='bbox 1109 1528 1112 1539; x_wconf 31' lang='grc' dir='ltr'>Ι</span> 
     </span>
     <span class='ocr_line' id='line_1_15' title="bbox 203 1532 1050 1625; baseline 0.001 -29"><span class='ocrx_word' id='word_1_93' title='bbox 203 1532 299 1596; x_wconf 85' lang='lat' dir='ltr'><strong>Unde</strong></span> <span class='ocrx_word' id='word_1_94' title='bbox 328 1532 409 1615; x_wconf 73' lang='lat' dir='ltr'><strong>bene</strong></span> <span class='ocrx_word' id='word_1_95' title='bbox 444 1534 560 1595; x_wconf 88' lang='lat' dir='ltr'><strong>adduxi</strong></span> <span class='ocrx_word' id='word_1_96' title='bbox 590 1540 698 1595; x_wconf 89' lang='lat' dir='ltr'><strong>contra</strong></span> <span class='ocrx_word' id='word_1_97' title='bbox 729 1554 798 1594; x_wconf 90' lang='lat' dir='ltr'><strong>euru</strong></span> <span class='ocrx_word' id='word_1_98' title='bbox 829 1533 1050 1625; x_wconf 73' lang='lat' dir='ltr'><strong>Augustinum:</strong></span> 
     </span>
    </p>

    <p class='ocr_par' dir='ltr' id='par_1_3' title="bbox 88 1614 1138 2699">
     <span class='ocr_line' id='line_1_16' title="bbox 136 1614 1048 1680; baseline 0.003 -5"><span class='ocrx_word' id='word_1_99' title='bbox 136 1614 193 1677; x_wconf 87' lang='lat' dir='ltr'><strong>llon</strong></span> <span class='ocrx_word' id='word_1_100' title='bbox 215 1615 334 1679; x_wconf 82' lang='lat' dir='ltr'><strong>sufficit</strong></span> <span class='ocrx_word' id='word_1_101' title='bbox 354 1635 457 1677; x_wconf 90' lang='lat' dir='ltr'><strong>mores</strong></span> <span class='ocrx_word' id='word_1_102' title='bbox 477 1618 510 1679; x_wconf 89' lang='lat' dir='ltr'><strong>in</strong></span> <span class='ocrx_word' id='word_1_103' title='bbox 531 1616 641 1678; x_wconf 90' lang='lat' dir='ltr'><strong>melius</strong></span> <span class='ocrx_word' id='word_1_104' title='bbox 653 1623 843 1678; x_wconf 89' lang='lat' dir='ltr'><strong>commutare</strong></span> <span class='ocrx_word' id='word_1_105' title='bbox 864 1624 897 1679; x_wconf 89' lang='lat' dir='ltr'><strong>et</strong></span> <span class='ocrx_word' id='word_1_106' title='bbox 916 1635 936 1679; x_wconf 87' lang='lat' dir='ltr'><strong>a</strong></span> <span class='ocrx_word' id='word_1_107' title='bbox 958 1618 1048 1680; x_wconf 87' lang='lat' dir='ltr'><strong>malis</strong></span> 
     </span>
     <span class='ocr_line' id='line_1_17' title="bbox 135 1698 1050 1780; baseline 0.001 -19"><span class='ocrx_word' id='word_1_108' title='bbox 135 1698 211 1779; x_wconf 62' lang='lat' dir='ltr'><strong>lactis</strong></span> <span class='ocrx_word' id='word_1_109' title='bbox 231 1698 383 1761; x_wconf 85' lang='lat' dir='ltr'><strong>recedere</strong></span> <span class='ocrx_word' id='word_1_110' title='bbox 408 1706 467 1767; x_wconf 85' lang='lat' dir='ltr'><strong>etc.</strong></span> <span class='ocrx_word' id='word_1_111' title='bbox 510 1699 570 1762; x_wconf 90' lang='lat' dir='ltr'><strong>Ubi</strong></span> <span class='ocrx_word' id='word_1_112' title='bbox 593 1707 641 1762; x_wconf 88' lang='lat' dir='ltr'><strong>est</strong></span> <span class='ocrx_word' id='word_1_113' title='bbox 662 1699 913 1780; x_wconf 88' lang='lat' dir='ltr'><strong>liquidissimum,</strong></span> <span class='ocrx_word' id='word_1_114' title='bbox 937 1700 1050 1762; x_wconf 89' lang='lat' dir='ltr'><strong>doctri·</strong></span> 
     </span>
     <span class='ocr_line' id='line_1_18' title="bbox 136 1781 1050 1865; baseline 0.003 -22"><span class='ocrx_word' id='word_1_115' title='bbox 136 1800 195 1859; x_wconf 75' lang='lat' dir='ltr'><strong>uam</strong></span> <span class='ocrx_word' id='word_1_116' title='bbox 215 1800 257 1845; x_wconf 85' lang='lat' dir='ltr'><strong>ex</strong></span> <span class='ocrx_word' id='word_1_117' title='bbox 279 1781 431 1845; x_wconf 79' lang='lat' dir='ltr'><strong>Sermone</strong></span> <span class='ocrx_word' id='word_1_118' title='bbox 451 1782 618 1865; x_wconf 85' lang='lat' dir='ltr'><strong>allegatam</strong></span> <span class='ocrx_word' id='word_1_119' title='bbox 641 1802 711 1845; x_wconf 87' lang='lat' dir='ltr'><strong>esse</strong></span> <span class='ocrx_word' id='word_1_120' title='bbox 731 1783 851 1862; x_wconf 83' lang='lat' dir='ltr'><strong>salsam,</strong></span> <span class='ocrx_word' id='word_1_121' title='bbox 874 1785 946 1864; x_wconf 88' lang='lat' dir='ltr'><strong>quis</strong></span> <span class='ocrx_word' id='word_1_122' title='bbox 966 1802 1050 1846; x_wconf 81' lang='lat' dir='ltr'><strong>nova</strong></span> 
     </span>
     <span class='ocr_line' id='line_1_19' title="bbox 136 1864 1050 1947; baseline 0.002 -20"><span class='ocrx_word' id='word_1_123' title='bbox 136 1864 188 1927; x_wconf 78' lang='lat' dir='ltr'><strong>ria</strong></span> <span class='ocrx_word' id='word_1_124' title='bbox 206 1885 271 1928; x_wconf 90' lang='lat' dir='ltr'><strong>non</strong></span> <span class='ocrx_word' id='word_1_125' title='bbox 294 1872 343 1927; x_wconf 92' lang='lat' dir='ltr'><strong>est</strong></span> <span class='ocrx_word' id='word_1_126' title='bbox 364 1866 481 1946; x_wconf 88' lang='lat' dir='ltr'><strong>optima</strong></span> <span class='ocrx_word' id='word_1_127' title='bbox 503 1867 710 1947; x_wconf 89' lang='lat' dir='ltr'><strong>poenitentia,</strong></span> <span class='ocrx_word' id='word_1_128' title='bbox 739 1885 808 1927; x_wconf 89' lang='lat' dir='ltr'><strong>cum</strong></span> <span class='ocrx_word' id='word_1_129' title='bbox 832 1886 896 1928; x_wconf 93' lang='lat' dir='ltr'><strong>non</strong></span> <span class='ocrx_word' id='word_1_130' title='bbox 918 1864 1050 1929; x_wconf 82' lang='lat' dir='ltr'><strong>sufficiat</strong></span> 
     </span>
     <span class='ocr_line' id='line_1_20' title="bbox 88 1942 1050 2030; baseline 0.001 -21"><span class='ocrx_word' id='word_1_131' title='bbox 88 1992 94 2019; x_wconf 76' lang='grc'><strong>.,</strong></span> <span class='ocrx_word' id='word_1_132' title='bbox 116 1990 119 1995; x_wconf 93' lang='grc'>-</span> <span class='ocrx_word' id='word_1_133' title='bbox 139 1949 292 2009; x_wconf 86' lang='lat' dir='ltr'><strong>secundnm</strong></span> <span class='ocrx_word' id='word_1_134' title='bbox 307 1946 522 2030; x_wconf 81' lang='lat' dir='ltr'><strong>Augustiuum.</strong></span> <span class='ocrx_word' id='word_1_135' title='bbox 564 1949 606 2009; x_wconf 77' lang='lat' dir='ltr'><strong>nt</strong></span> <span class='ocrx_word' id='word_1_136' title='bbox 626 1942 706 2011; x_wconf 90' lang='lat' dir='ltr'><strong>ben&#39;e</strong></span> <span class='ocrx_word' id='word_1_137' title='bbox 728 1951 821 2010; x_wconf 91' lang='lat' dir='ltr'><strong>etiam</strong></span> <span class='ocrx_word' id='word_1_138' title='bbox 845 1948 1050 2011; x_wconf 88' lang='lat' dir='ltr'><strong>doctrinailla</strong></span> 
     </span>
     <span class='ocr_line' id='line_1_21' title="bbox 88 2028 1049 2114; baseline 0.005 -23"><span class='ocrx_word' id='word_1_139' title='bbox 88 2028 90 2045; x_wconf 75' lang='lat'><em>²</em></span> <span class='ocrx_word' id='word_1_140' title='bbox 139 2029 313 2112; x_wconf 71' lang='lat' dir='ltr'><strong>mprobatut</strong></span> <span class='ocrx_word' id='word_1_141' title='bbox 334 2050 390 2112; x_wconf 89' lang='lat' dir='ltr'><strong>per</strong></span> <span class='ocrx_word' id='word_1_142' title='bbox 410 2032 445 2093; x_wconf 88' lang='grc' dir='ltr'><strong>Β.</strong></span> <span class='ocrx_word' id='word_1_143' title='bbox 470 2031 681 2111; x_wconf 81' lang='lat' dir='ltr'><strong>Ambrosium,</strong></span> <span class='ocrx_word' id='word_1_144' title='bbox 704 2031 754 2093; x_wconf 91' lang='lat' dir='ltr'><strong>lib.</strong></span> <span class='ocrx_word' id='word_1_145' title='bbox 778 2036 808 2096; x_wconf 83' lang='grc'><strong>2.</strong></span> <span class='ocrx_word' id='word_1_146' title='bbox 831 2033 870 2094; x_wconf 93' lang='lat' dir='ltr'><strong>de</strong></span> <span class='ocrx_word' id='word_1_147' title='bbox 891 2033 1049 2114; x_wconf 90' lang='lat' dir='ltr'><strong>poeniten.</strong></span> 
     </span>
     <span class='ocr_line' id='line_1_22' title="bbox 141 2114 1049 2197; baseline -0.002 -18"><span class='ocrx_word' id='word_1_148' title='bbox 141 2130 192 2193; x_wconf 60' lang='lat' dir='ltr'><strong>up.</strong></span> <span class='ocrx_word' id='word_1_149' title='bbox 213 2120 248 2180; x_wconf 80' lang='lat'><strong>5:</strong></span> <span class='ocrx_word' id='word_1_150' title='bbox 272 2115 419 2195; x_wconf 80' lang='lat' dir='ltr'><strong>Apostoli</strong></span> <span class='ocrx_word' id='word_1_151' title='bbox 439 2114 607 2176; x_wconf 89' lang='lat' dir='ltr'><strong>secundum</strong></span> <span class='ocrx_word' id='word_1_152' title='bbox 631 2114 743 2175; x_wconf 80' lang='lat' dir='ltr'><strong>Christi</strong></span> <span class='ocrx_word' id='word_1_153' title='bbox 765 2117 974 2197; x_wconf 85' lang='lat' dir='ltr'><strong>magisterium</strong></span> <span class='ocrx_word' id='word_1_154' title='bbox 996 2115 1049 2177; x_wconf 93' lang='lat' dir='ltr'><strong>do·</strong></span> 
     </span>
     <span class='ocr_line' id='line_1_23' title="bbox 143 2198 1049 2280; baseline 0.004 -25"><span class='ocrx_word' id='word_1_155' title='bbox 143 2205 251 2258; x_wconf 81' lang='lat' dir='ltr'><strong>uerunt</strong></span> <span class='ocrx_word' id='word_1_156' title='bbox 285 2199 525 2277; x_wconf 87' lang='lat' dir='ltr'><strong>poenitentiam..</strong></span> <span class='ocrx_word' id='word_1_157' title='bbox 569 2198 610 2259; x_wconf 84' lang='lat' dir='ltr'><strong>Et</strong></span> <span class='ocrx_word' id='word_1_158' title='bbox 643 2199 736 2258; x_wconf 86' lang='lat' dir='ltr'><strong>infra:</strong></span> <span class='ocrx_word' id='word_1_159' title='bbox 771 2198 829 2273; x_wconf 77' lang='lat' dir='ltr'><strong>Qui</strong></span> <span class='ocrx_word' id='word_1_160' title='bbox 867 2201 947 2259; x_wconf 90' lang='lat' dir='ltr'><strong>enim</strong></span> <span class='ocrx_word' id='word_1_161' title='bbox 984 2200 1049 2280; x_wconf 87' lang='lat' dir='ltr'><strong>agit</strong></span> 
     </span>
     <span class='ocr_line' id='line_1_24' title="bbox 88 2280 1049 2362; baseline 0.004 -24"><span class='ocrx_word' id='word_1_162' title='bbox 88 2286 90 2309; x_wconf 82' lang='lat'><strong>²</strong></span> <span class='ocrx_word' id='word_1_163' title='bbox 144 2281 364 2358; x_wconf 87' lang='lat' dir='ltr'><strong>poenitentiam,</strong></span> <span class='ocrx_word' id='word_1_164' title='bbox 388 2300 449 2342; x_wconf 92' lang='lat' dir='ltr'><strong>non</strong></span> <span class='ocrx_word' id='word_1_165' title='bbox 472 2282 573 2342; x_wconf 91' lang='lat' dir='ltr'><strong>solum</strong></span> <span class='ocrx_word' id='word_1_166' title='bbox 590 2280 706 2342; x_wconf 90' lang='lat' dir='ltr'><strong>diluere</strong></span> <span class='ocrx_word' id='word_1_167' title='bbox 718 2280 810 2342; x_wconf 91' lang='lat' dir='ltr'><strong>debet</strong></span> <span class='ocrx_word' id='word_1_168' title='bbox 824 2282 956 2342; x_wconf 89' lang='lat' dir='ltr'><strong>lacrimis</strong></span> <span class='ocrx_word' id='word_1_169' title='bbox 979 2300 1049 2362; x_wconf 88' lang='lat' dir='ltr'><strong>pec-</strong></span> 
     </span>
     <span class='ocr_line' id='line_1_25' title="bbox 147 2364 1049 2445; baseline 0.006 -24"><span class='ocrx_word' id='word_1_170' title='bbox 147 2368 225 2423; x_wconf 82' lang='lat' dir='ltr'><strong>atum</strong></span> <span class='ocrx_word' id='word_1_171' title='bbox 241 2383 340 2441; x_wconf 88' lang='lat' dir='ltr'><strong>suum,</strong></span> <span class='ocrx_word' id='word_1_172' title='bbox 363 2364 523 2425; x_wconf 80' lang='lat' dir='ltr'><strong>sedetiam</strong></span> <span class='ocrx_word' id='word_1_173' title='bbox 540 2365 799 2425; x_wconf 85' lang='lat' dir='ltr'><strong>emendatioribus</strong></span> <span class='ocrx_word' id='word_1_174' title='bbox 816 2365 904 2425; x_wconf 88' lang='lat' dir='ltr'><strong>factis</strong></span> <span class='ocrx_word' id='word_1_175' title='bbox 927 2366 1049 2445; x_wconf 85' lang='lat' dir='ltr'><strong>operire</strong></span> 
     </span>
     <span class='ocr_line' id='line_1_26' title="bbox 148 2447 1050 2528; baseline 0.01 -28"><span class='ocrx_word' id='word_1_176' title='bbox 148 2452 168 2502; x_wconf 91' lang='lat' dir='ltr'><strong>et</strong></span> <span class='ocrx_word' id='word_1_177' title='bbox 189 2452 287 2527; x_wconf 87' lang='lat' dir='ltr'><strong>tegere</strong></span> <span class='ocrx_word' id='word_1_178' title='bbox 308 2456 439 2527; x_wconf 87' lang='lat' dir='ltr'><strong>peccata</strong></span> <span class='ocrx_word' id='word_1_179' title='bbox 461 2467 526 2511; x_wconf 85' lang='lat' dir='ltr'><strong>sua.</strong></span> <span class='ocrx_word' id='word_1_180' title='bbox 573 2448 749 2508; x_wconf 79' lang='lat' dir='ltr'><strong>Clarissima</strong></span> <span class='ocrx_word' id='word_1_181' title='bbox 772 2447 802 2508; x_wconf 83' lang='lat' dir='ltr'><strong>S.</strong></span> <span class='ocrx_word' id='word_1_182' title='bbox 824 2447 922 2508; x_wconf 89' lang='lat' dir='ltr'><strong>Patris</strong></span> <span class='ocrx_word' id='word_1_183' title='bbox 944 2448 1050 2528; x_wconf 88' lang='lat' dir='ltr'><strong>verba,</strong></span> 
     </span>
     <span class='ocr_line' id='line_1_27' title="bbox 88 2527 1049 2612; baseline 0.005 -25"><span class='ocrx_word' id='word_1_184' title='bbox 88 2580 91 2587; x_wconf 91' lang='lat'>.</span> <span class='ocrx_word' id='word_1_185' title='bbox 149 2527 210 2601; x_wconf 79' lang='lat' dir='ltr'><strong>uuod</strong></span> <span class='ocrx_word' id='word_1_186' title='bbox 219 2529 477 2591; x_wconf 88' lang='lat' dir='ltr'><strong>emendatioribus</strong></span> <span class='ocrx_word' id='word_1_187' title='bbox 485 2531 573 2591; x_wconf 86' lang='lat' dir='ltr'><strong>lactis</strong></span> <span class='ocrx_word' id='word_1_188' title='bbox 583 2530 704 2611; x_wconf 83' lang='lat' dir='ltr'><strong>agendo</strong></span> <span class='ocrx_word' id='word_1_189' title='bbox 713 2532 933 2611; x_wconf 89' lang='lat' dir='ltr'><strong>poenitentiam</strong></span> <span class='ocrx_word' id='word_1_190' title='bbox 944 2538 1049 2612; x_wconf 84' lang='lat' dir='ltr'><strong>tegere</strong></span> 
     </span>
     <span class='ocr_line' id='line_1_28' title="bbox 151 2605 1138 2699; baseline 0.008 -31"><span class='ocrx_word' id='word_1_191' title='bbox 151 2605 270 2672; x_wconf 83' lang='lat' dir='ltr'><strong>debemus</strong></span> <span class='ocrx_word' id='word_1_192' title='bbox 291 2621 431 2694; x_wconf 79' lang='lat' dir='ltr'><strong>peccata.</strong></span> <span class='ocrx_word' id='word_1_193' title='bbox 481 2683 483 2686; x_wconf 11' lang='lat' dir='ltr'>y</span> <span class='ocrx_word' id='word_1_194' title='bbox 543 2652 545 2657; x_wconf 84' lang='lat'><em>·</em></span> <span class='ocrx_word' id='word_1_195' title='bbox 1133 2692 1138 2699; x_wconf 22' lang='grc'>1</span> 
     </span>
    </p>

    <p class='ocr_par' dir='ltr' id='par_1_4' title="bbox 88 2695 1051 3025">
     <span class='ocr_line' id='line_1_29' title="bbox 91 2695 1047 2775; baseline -0.001 -19"><span class='ocrx_word' id='word_1_196' title='bbox 91 2757 95 2765; x_wconf 74' lang='grc'><strong><em>,</em></strong></span> <span class='ocrx_word' id='word_1_197' title='bbox 210 2697 250 2756; x_wconf 87' lang='lat' dir='ltr'><strong>At</strong></span> <span class='ocrx_word' id='word_1_198' title='bbox 270 2715 339 2756; x_wconf 89' lang='lat' dir='ltr'><strong>oum</strong></span> <span class='ocrx_word' id='word_1_199' title='bbox 364 2697 543 2756; x_wconf 84' lang='lat' dir='ltr'><strong>autoritates</strong></span> <span class='ocrx_word' id='word_1_200' title='bbox 555 2695 657 2775; x_wconf 79' lang='lat' dir='ltr'><strong>forent</strong></span> <span class='ocrx_word' id='word_1_201' title='bbox 668 2696 932 2775; x_wconf 81' lang='lat' dir='ltr'><strong>expressissimae,</strong></span> <span class='ocrx_word' id='word_1_202' title='bbox 947 2696 1047 2756; x_wconf 87' lang='lat' dir='ltr'><strong>Deum</strong></span> 
     </span>
     <span class='ocr_line' id='line_1_30' title="bbox 88 2768 1049 2859; baseline 0.008 -28"><span class='ocrx_word' id='word_1_203' title='bbox 88 2768 90 2787; x_wconf 85' lang='lat'>&#39;</span> <span class='ocrx_word' id='word_1_204' title='bbox 152 2790 193 2834; x_wconf 85' lang='lat' dir='ltr'><strong>nou</strong></span> <span class='ocrx_word' id='word_1_205' title='bbox 211 2781 363 2839; x_wconf 88' lang='lat' dir='ltr'><strong>remittere</strong></span> <span class='ocrx_word' id='word_1_206' title='bbox 384 2784 544 2859; x_wconf 85' lang='lat' dir='ltr'><strong>peccatum</strong></span> <span class='ocrx_word' id='word_1_207' title='bbox 567 2780 759 2858; x_wconf 89' lang='lat' dir='ltr'><strong>impunitum,</strong></span> <span class='ocrx_word' id='word_1_208' title='bbox 782 2779 923 2859; x_wconf 84' lang='lat' dir='ltr'><strong>confugit</strong></span> <span class='ocrx_word' id='word_1_209' title='bbox 944 2779 982 2838; x_wconf 92' lang='lat' dir='ltr'><strong>ad</strong></span> <span class='ocrx_word' id='word_1_210' title='bbox 997 2779 1049 2839; x_wconf 90' lang='lat' dir='ltr'><strong>mi-</strong></span> 
     </span>
     <span class='ocr_line' id='line_1_31' title="bbox 151 2857 1049 2942; baseline 0.008 -28"><span class='ocrx_word' id='word_1_211' title='bbox 151 2857 250 2921; x_wconf 85' lang='lat' dir='ltr'><strong>rabilem</strong></span> <span class='ocrx_word' id='word_1_212' title='bbox 272 2882 442 2942; x_wconf 86' lang='lat' dir='ltr'><strong>poenarum</strong></span> <span class='ocrx_word' id='word_1_213' title='bbox 466 2861 714 2933; x_wconf 78' lang='lat' dir='ltr'><strong>distinctionem,</strong></span> <span class='ocrx_word' id='word_1_214' title='bbox 743 2862 794 2940; x_wconf 88' lang='lat' dir='ltr'><strong>qui</strong></span> <span class='ocrx_word' id='word_1_215' title='bbox 814 2867 916 2922; x_wconf 90' lang='lat' dir='ltr'><strong>tamen</strong></span> <span class='ocrx_word' id='word_1_216' title='bbox 940 2861 1049 2921; x_wconf 89' lang='lat' dir='ltr'><strong>solitus</strong></span> 
     </span>
     <span class='ocr_line' id='line_1_32' title="bbox 100 2943 1051 3025; baseline 0.003 -25"><span class='ocrx_word' id='word_1_217' title='bbox 100 2978 103 2997; x_wconf 82' lang='grc'>.</span> <span class='ocrx_word' id='word_1_218' title='bbox 152 2947 189 3016; x_wconf 81' lang='lat' dir='ltr'><strong>est,</strong></span> <span class='ocrx_word' id='word_1_219' title='bbox 207 2943 425 3006; x_wconf 81' lang='lat' dir='ltr'><strong>Scholasticos-</strong></span> <span class='ocrx_word' id='word_1_220' title='bbox 441 2945 481 3006; x_wconf 94' lang='lat' dir='ltr'><strong>0b</strong></span> <span class='ocrx_word' id='word_1_221' title='bbox 499 2945 731 3005; x_wconf 80' lang='lat' dir='ltr'><strong>distinctionum</strong></span> <span class='ocrx_word' id='word_1_222' title='bbox 755 2964 841 3004; x_wconf 89' lang='lat' dir='ltr'><strong>usum</strong></span> <span class='ocrx_word' id='word_1_223' title='bbox 864 2944 1051 3025; x_wconf 86' lang='lat' dir='ltr'><strong>improbare,</strong></span> 
     </span>
    </p>
   </div>
   <div class='ocr_carea' id='block_1_3' title="bbox 100 3024 1156 3108">
    <p class='ocr_par' dir='ltr' id='par_1_5' title="bbox 100 3024 1156 3108">
     <span class='ocr_line' id='line_1_33' title="bbox 100 3024 1156 3108; baseline 0.016 -30"><span class='ocrx_word' id='word_1_224' title='bbox 100 3066 103 3075; x_wconf 95' lang='lat'><em>.</em></span> <span class='ocrx_word' id='word_1_225' title='bbox 152 3030 171 3079; x_wconf 83' lang='lat' dir='ltr'><strong>et</strong></span> <span class='ocrx_word' id='word_1_226' title='bbox 186 3024 269 3104; x_wconf 85' lang='lat' dir='ltr'><strong>dixit,</strong></span> <span class='ocrx_word' id='word_1_227' title='bbox 292 3048 442 3108; x_wconf 87' lang='lat' dir='ltr'><strong>poenam,</strong></span> <span class='ocrx_word' id='word_1_228' title='bbox 474 3046 534 3106; x_wconf 86' lang='lat' dir='ltr'><strong>qua</strong></span> <span class='ocrx_word' id='word_1_229' title='bbox 556 3028 638 3088; x_wconf 90' lang='lat' dir='ltr'><strong>Deus</strong></span> <span class='ocrx_word' id='word_1_230' title='bbox 661 3027 907 3107; x_wconf 87' lang='lat' dir='ltr'><strong>vultpeooatum</strong></span> <span class='ocrx_word' id='word_1_231' title='bbox 931 3028 1050 3107; x_wconf 90' lang='lat' dir='ltr'><strong>punire,</strong></span> <span class='ocrx_word' id='word_1_232' title='bbox 1144 3077 1156 3095; x_wconf 62' lang='grc'>,</span> 
     </span>
    </p>
   </div>
   <div class='ocr_carea' id='block_1_4' title="bbox 88 3110 1051 3858">
    <p class='ocr_par' dir='ltr' id='par_1_6' title="bbox 88 3110 1051 3858">
     <span class='ocr_line' id='line_1_34' title="bbox 99 3110 1051 3190; baseline 0.003 -23"><span class='ocrx_word' id='word_1_233' title='bbox 99 3146 103 3157; x_wconf 87' lang='lat'>·</span> <span class='ocrx_word' id='word_1_234' title='bbox 152 3122 194 3166; x_wconf 75' lang='lat' dir='ltr'><strong>tou</strong></span> <span class='ocrx_word' id='word_1_235' title='bbox 224 3130 317 3190; x_wconf 89' lang='lat' dir='ltr'><strong>posse</strong></span> <span class='ocrx_word' id='word_1_236' title='bbox 350 3111 462 3171; x_wconf 82' lang='lat' dir='ltr'><strong>auferri</strong></span> <span class='ocrx_word' id='word_1_237' title='bbox 485 3131 541 3190; x_wconf 91' lang='lat' dir='ltr'><strong>per</strong></span> <span class='ocrx_word' id='word_1_238' title='bbox 575 3110 730 3171; x_wconf 88' lang='lat' dir='ltr'><strong>hominem</strong></span> <span class='ocrx_word' id='word_1_239' title='bbox 767 3111 816 3170; x_wconf 90' lang='lat' dir='ltr'><strong>vel</strong></span> <span class='ocrx_word' id='word_1_240' title='bbox 850 3130 906 3190; x_wconf 91' lang='lat' dir='ltr'><strong>per</strong></span> <span class='ocrx_word' id='word_1_241' title='bbox 928 3130 1051 3190; x_wconf 82' lang='lat' dir='ltr'><strong>papam,</strong></span> 
     </span>
     <span class='ocr_line' id='line_1_35' title="bbox 99 3191 1050 3272; baseline 0.005 -25"><span class='ocrx_word' id='word_1_242' title='bbox 99 3210 104 3267; x_wconf 59' lang='grc' dir='ltr'>ς</span> <span class='ocrx_word' id='word_1_243' title='bbox 152 3191 211 3262; x_wconf 85' lang='lat' dir='ltr'><strong>quod</strong></span> <span class='ocrx_word' id='word_1_244' title='bbox 234 3201 280 3253; x_wconf 84' lang='lat' dir='ltr'><strong>est</strong></span> <span class='ocrx_word' id='word_1_245' title='bbox 304 3194 661 3269; x_wconf 87' lang='lat' dir='ltr'><strong>omniumialsissimum,</strong></span> <span class='ocrx_word' id='word_1_246' title='bbox 681 3199 715 3267; x_wconf 83' lang='lat' dir='ltr'><strong>¹et</strong></span> <span class='ocrx_word' id='word_1_247' title='bbox 732 3195 895 3272; x_wconf 88' lang='lat' dir='ltr'><strong>potestatis</strong></span> <span class='ocrx_word' id='word_1_248' title='bbox 919 3192 1050 3253; x_wconf 89' lang='lat' dir='ltr'><strong>clavium</strong></span> 
     </span>
     <span class='ocr_line' id='line_1_36' title="bbox 88 3275 1050 3356; baseline 0.008 -28"><span class='ocrx_word' id='word_1_249' title='bbox 88 3280 105 3353; x_wconf 58' lang='lat' dir='ltr'><strong>ft</strong></span> <span class='ocrx_word' id='word_1_250' title='bbox 151 3275 358 3338; x_wconf 77' lang='lat' dir='ltr'><strong>annullativum.</strong></span> <span class='ocrx_word' id='word_1_251' title='bbox 400 3277 479 3336; x_wconf 89' lang='lat' dir='ltr'><strong>Nam</strong></span> <span class='ocrx_word' id='word_1_252' title='bbox 508 3277 755 3356; x_wconf 89' lang='lat' dir='ltr'><strong>inpoenitentia</strong></span> <span class='ocrx_word' id='word_1_253' title='bbox 782 3276 1050 3337; x_wconf 87' lang='lat' dir='ltr'><strong>faotacommuta-</strong></span> 
     </span>
     <span class='ocr_line' id='line_1_37' title="bbox 88 3351 1051 3440; baseline 0.008 -27"><span class='ocrx_word' id='word_1_254' title='bbox 88 3356 105 3433; x_wconf 67' lang='lat' dir='ltr'><strong>,i</strong></span> <span class='ocrx_word' id='word_1_255' title='bbox 152 3351 212 3417; x_wconf 81' lang='lat' dir='ltr'><strong>ioue</strong></span> <span class='ocrx_word' id='word_1_256' title='bbox 232 3379 354 3439; x_wconf 88' lang='lat' dir='ltr'><strong>poenae</strong></span> <span class='ocrx_word' id='word_1_257' title='bbox 377 3366 459 3419; x_wconf 89' lang='lat' dir='ltr'><strong>certe</strong></span> <span class='ocrx_word' id='word_1_258' title='bbox 481 3359 576 3420; x_wconf 89' lang='lat' dir='ltr'><strong>homo</strong></span> <span class='ocrx_word' id='word_1_259' title='bbox 598 3367 702 3439; x_wconf 90' lang='lat' dir='ltr'><strong>potest</strong></span> <span class='ocrx_word' id='word_1_260' title='bbox 724 3359 845 3419; x_wconf 91' lang='lat' dir='ltr'><strong>solvere</strong></span> <span class='ocrx_word' id='word_1_261' title='bbox 867 3360 951 3419; x_wconf 89' lang='lat' dir='ltr'><strong>illam</strong></span> <span class='ocrx_word' id='word_1_262' title='bbox 975 3378 1051 3440; x_wconf 86' lang='lat' dir='ltr'><strong>poe·</strong></span> 
     </span>
     <span class='ocr_line' id='line_1_38' title="bbox 88 3436 1050 3524; baseline 0.005 -26"><span class='ocrx_word' id='word_1_263' title='bbox 88 3436 105 3511; x_wconf 57' lang='lat'><strong>2²</strong></span> <span class='ocrx_word' id='word_1_264' title='bbox 153 3451 210 3524; x_wconf 66' lang='lat' dir='ltr'><strong>pam,</strong></span> <span class='ocrx_word' id='word_1_265' title='bbox 226 3463 280 3521; x_wconf 92' lang='lat' dir='ltr'><strong>per</strong></span> <span class='ocrx_word' id='word_1_266' title='bbox 301 3445 400 3524; x_wconf 80' lang='lat' dir='ltr'><strong>iptum</strong></span> <span class='ocrx_word' id='word_1_267' title='bbox 417 3443 614 3521; x_wconf 86' lang='lat' dir='ltr'><strong>Apostolum,</strong></span> <span class='ocrx_word' id='word_1_268' title='bbox 637 3463 692 3523; x_wconf 88' lang='lat' dir='ltr'><strong>per</strong></span> <span class='ocrx_word' id='word_1_269' title='bbox 714 3442 914 3503; x_wconf 87' lang='lat' dir='ltr'><strong>reverendum</strong></span> <span class='ocrx_word' id='word_1_270' title='bbox 928 3441 1050 3503; x_wconf 87' lang='lat' dir='ltr'><strong>Patrem</strong></span> 
     </span>
     <span class='ocr_line' id='line_1_39' title="bbox 88 3519 1050 3605; baseline 0.011 -30"><span class='ocrx_word' id='word_1_271' title='bbox 88 3557 99 3598; x_wconf 77' lang='lat'><strong>,</strong></span> <span class='ocrx_word' id='word_1_272' title='bbox 153 3519 291 3602; x_wconf 80' lang='lat' dir='ltr'><strong>inductum,</strong></span> <span class='ocrx_word' id='word_1_273' title='bbox 316 3530 343 3588; x_wconf 82' lang='lat' dir='ltr'><strong>i.</strong></span> <span class='ocrx_word' id='word_1_274' title='bbox 361 3527 429 3590; x_wconf 84' lang='lat' dir='ltr'><strong>Gor.</strong></span> <span class='ocrx_word' id='word_1_275' title='bbox 444 3529 498 3587; x_wconf 85' lang='lat' dir='ltr'><strong>lt:</strong></span> <span class='ocrx_word' id='word_1_276' title='bbox 521 3525 552 3585; x_wconf 87' lang='lat' dir='ltr'><strong>Si</strong></span> <span class='ocrx_word' id='word_1_277' title='bbox 575 3526 729 3605; x_wconf 90' lang='lat' dir='ltr'><strong>nosipsos</strong></span> <span class='ocrx_word' id='word_1_278' title='bbox 752 3525 964 3595; x_wconf 83' lang='lat' dir='ltr'><strong>indicaremus,</strong></span> <span class='ocrx_word' id='word_1_279' title='bbox 988 3545 1050 3586; x_wconf 91' lang='lat' dir='ltr'><strong>non</strong></span> 
     </span>
     <span class='ocr_line' id='line_1_40' title="bbox 88 3602 1050 3688; baseline 0.016 -33"><span class='ocrx_word' id='word_1_280' title='bbox 88 3612 104 3678; x_wconf 72' lang='lat'><strong>,²</strong></span> <span class='ocrx_word' id='word_1_281' title='bbox 155 3602 233 3682; x_wconf 84' lang='lat' dir='ltr'><strong>utique</strong></span> <span class='ocrx_word' id='word_1_282' title='bbox 263 3609 469 3669; x_wconf 86' lang='lat' dir='ltr'><strong>iudicaremur</strong></span> <span class='ocrx_word' id='word_1_283' title='bbox 501 3628 520 3666; x_wconf 85' lang='lat' dir='ltr'><strong>a</strong></span> <span class='ocrx_word' id='word_1_284' title='bbox 541 3608 688 3671; x_wconf 89' lang='lat' dir='ltr'><strong>Domino.</strong></span> <span class='ocrx_word' id='word_1_285' title='bbox 733 3607 835 3682; x_wconf 78' lang='lat' dir='ltr'><strong>Quare</strong></span> <span class='ocrx_word' id='word_1_286' title='bbox 866 3609 891 3668; x_wconf 91' lang='lat' dir='ltr'><strong>si</strong></span> <span class='ocrx_word' id='word_1_287' title='bbox 913 3628 970 3668; x_wconf 90' lang='lat' dir='ltr'><strong>nos</strong></span> <span class='ocrx_word' id='word_1_288' title='bbox 993 3628 1050 3688; x_wconf 89' lang='lat' dir='ltr'><strong>pro</strong></span> 
     </span>
     <span class='ocr_line' id='line_1_41' title="bbox 88 3677 1051 3771; baseline 0.013 -33"><span class='ocrx_word' id='word_1_289' title='bbox 88 3722 101 3763; x_wconf 72' lang='lat'><strong>,</strong></span> <span class='ocrx_word' id='word_1_290' title='bbox 149 3677 194 3771; x_wconf 22' lang='lat' dir='ltr'><strong>‘huc</strong></span> <span class='ocrx_word' id='word_1_291' title='bbox 211 3709 307 3767; x_wconf 88' lang='lat' dir='ltr'><strong>poena</strong></span> <span class='ocrx_word' id='word_1_292' title='bbox 329 3692 552 3765; x_wconf 83' lang='lat' dir='ltr'><strong>satisfacimus,</strong></span> <span class='ocrx_word' id='word_1_293' title='bbox 586 3692 668 3752; x_wconf 89' lang='lat' dir='ltr'><strong>Deus</strong></span> <span class='ocrx_word' id='word_1_294' title='bbox 691 3711 746 3771; x_wconf 90' lang='lat' dir='ltr'><strong>pro</strong></span> <span class='ocrx_word' id='word_1_295' title='bbox 769 3698 897 3770; x_wconf 89' lang='lat' dir='ltr'><strong>peccato</strong></span> <span class='ocrx_word' id='word_1_296' title='bbox 920 3711 940 3751; x_wconf 87' lang='lat' dir='ltr'><strong>a</strong></span> <span class='ocrx_word' id='word_1_297' title='bbox 960 3692 1051 3753; x_wconf 90' lang='lat' dir='ltr'><strong>nobis</strong></span> 
     </span>
     <span class='ocr_line' id='line_1_42' title="bbox 89 3763 1049 3858; baseline 0.002 -26"><span class='ocrx_word' id='word_1_298' title='bbox 89 3806 106 3849; x_wconf 79' lang='lat' dir='ltr'><strong>t.</strong></span> <span class='ocrx_word' id='word_1_299' title='bbox 156 3763 222 3832; x_wconf 67' lang='lat' dir='ltr'><strong>iliam</strong></span> <span class='ocrx_word' id='word_1_300' title='bbox 243 3794 304 3836; x_wconf 91' lang='lat' dir='ltr'><strong>nou</strong></span> <span class='ocrx_word' id='word_1_301' title='bbox 328 3776 441 3858; x_wconf 82' lang='lat' dir='ltr'><strong>exigit,</strong></span> <span class='ocrx_word' id='word_1_302' title='bbox 470 3775 586 3855; x_wconf 86' lang='lat' dir='ltr'><strong>alioqui</strong></span> <span class='ocrx_word' id='word_1_303' title='bbox 608 3780 717 3838; x_wconf 84' lang='lat' dir='ltr'><strong>contra</strong></span> <span class='ocrx_word' id='word_1_304' title='bbox 737 3774 938 3855; x_wconf 86' lang='lat' dir='ltr'><strong>prophetam,</strong></span> <span class='ocrx_word' id='word_1_305' title='bbox 972 3774 1049 3835; x_wconf 91' lang='lat' dir='ltr'><strong>illud</strong></span> 
     </span>
    </p>
   </div>
   <div class='ocr_carea' id='block_1_5' title="bbox 0 0 1180 4208">
    <p class='ocr_par' dir='ltr' id='par_1_7' title="bbox 0 0 1180 4208">
     <span class='ocr_line' id='line_1_43' title="bbox 0 0 1180 4208; baseline 0 0"><span class='ocrx_word' id='word_1_306' title='bbox 0 0 1180 4208; x_wconf 95' lang='lat' dir='ltr'><strong> </strong></span> 
     </span>
    </p>
   </div>
  </div>
 </body>
</html>
