2346 4208
325 273 431 331 additio
449 274 485 331 D.
503 273 582 329 Μ
604 274 724 329 lutheri.
938 269 980 337 29
1091 276 1106 287 ’“

144 461 216 524 Non
233 481 307 544 ergo
321 463 453 523 vestium
473 480 599 544 pompa,
622 463 843 543 autpotentiae
864 462 979 544 magni·

58 545 155 626 ardo,
186 546 466 607 novi·Testamenti
488 546 603 625 honor,
635 545 691 606 scd
720 545 818 627 figura
843 547 915 626 tuit,
949 552 980 606 et

58 648 144 691 nunc
163 630 332 710 ignominia
356 636 417 708 est,
440 630 569 709 Spiritus
589 648 672 689 nunc
693 638 817 710 regnat,
841 631 893 708 qui
914 629 980 689 tali-

58 713 116 776 bus
138 711 252 774 umbris
275 731 338 773 non
355 721 441 793 eget,
474 732 532 773 nec
554 719 687 775 ornatur.
740 713 829 773 Hanc
849 713 979 793 gloriam
1012 747 1017 755 ·

59 796 171 857 Emser
192 803 298 858 noster
318 795 478 856 fastidiens
511 795 661 857 honorem
685 799 784 856 carnis
806 806 837 857 et
857 795 980 857 umbras

59 894 166 940 rursus
185 899 204 940 e
224 881 322 940 veteri
332 879 532 940 Testamenta
551 881 687 955 suscitat,
709 898 750 940 nc
770 882 837 941 sine
852 880 981 958 honore,

58 963 92 1024 id
115 970 173 1043 est,
195 963 310 1024 umbris
337 965 377 1022 sit
397 963 546 1040 ccclesia,
560 992 564 1001 ·
578 981 647 1023 cum
679 962 719 1024 de
741 963 853 1024 Christi
878 980 980 1023 sacer·

58 1047 185 1108 dotibus
206 1046 247 1106 ad
267 1046 389 1107 illorum
412 1045 613 1107 differentiam
627 1047 755 1126 Spiritus
776 1045 980 1127 praedixerit:

60 1128 246 1192 Sacerdotes
268 1131 333 1190 eius
360 1129 524 1189 induantur
562 1130 692 1208 iustitia,
729 1137 761 1190 et
789 1132 887 1190 sancti
915 1131 980 1189 eina

43 1212 226 1274 'multant
268 1213 310 1272 Et
329 1215 456 1272 iterum:
484 1211 669 1274 Sacerdotes
698 1215 764 1273 eius
784 1211 910 1274 induam
935 1231 981 1272 sa-

60 1296 152 1358 lutari
165 1293 203 1372 ⁴)
227 1302 285 1356 etc.
334 1295 392 1356 Per
413 1295 491 1356 haec
511 1297 634 1376 spiritus
656 1298 801 1376 exposuit
821 1296 980 1378 figuralem

60 1385 203 1441 ornatum
225 1387 257 1439 et
277 1379 427 1440 honorem
451 1385 588 1440 veterum
611 1379 824 1459 sacerdotum,
846 1388 878 1440 et
897 1379 981 1440 Onn-

59 1472 125 1523 stus
139 1461 214 1537 *ηε
259 1461 317 1537 Qui
350 1463 414 1522 vult
442 1481 512 1523 esse
533 1464 613 1523 inter
635 1480 691 1523 vos
712 1464 821 1540 maior,
844 1465 884 1522 sit
904 1465 984 1523 siout

59 1564 171 1608 minor.

143 1627 315 1706 AtElmaer,
338 1628 465 1689 meliore
486 1628 595 1708 spiritu
616 1628 736 1708 plenus,
759 1647 815 1709 per
835 1629 981 1688 iustitiam

60 1721 93 1773 et
113 1712 244 1774 salutem
265 1711 438 1792 intelligere
456 1712 551 1773 docet
563 1730 681 1791 aurum,
702 1728 878 1793 purpuram,
899 1729 983 1792 gern-

60 1814 139 1873 msa,
155 1794 316 1872 honorem,
338 1801 535 1875 potestatem,
559 1794 745 1869 dominium,
768 1797 984 1876 principatum,

60 1897 140 1958 quae
161 1880 192 1938 in
216 1878 311 1939 veteri
331 1880 534 1939 instrumento
565 1885 597 1938 et
624 1879 709 1939 mols
739 1879 883 1939 inferiore
906 1877 984 1937 dixit

59 1963 163 2023 otiosa
185 1971 217 2022 ct
238 1962 346 2022 relicta
373 1980 458 2038 esse,
493 1961 610 2039 idest,
637 1962 668 2021 in
697 1981 780 2022 novo
815 1968 982 2040 assumpta.

60 2045 122 2106 Our
143 2063 219 2126 crgo
241 2052 311 2104 tuus
335 2045 501 2106 monarcha
529 2046 560 2105 in
588 2047 626 2104 iis
648 2053 696 2106 est
717 2053 779 2106 tam
801 2047 982 2131 negotiosus

59 2138 92 2190 et
114 2137 321 2210 sumptuosus,
344 2127 370 2189 si
393 2129 496 2191 otiosa
513 2136 545 2188 st
564 2128 673 2189 relicta
694 2136 780 2207 eunt,
810 2130 897 2190 iuxta
919 2147 983 2188 ver-

60 2214 135 2274 bum
157 2213 263 2273 tuum?
286 2211 347 2272 Sed
370 2230 423 2271 cur
445 2231 507 2272 non
533 2220 616 2273 esset
625 2215 807 2293 negotiosus
830 2221 861 2272 et
882 2231 983 2291 sump-

60 2304 185 2373 tuosus,
223 2297 275 2374 qui
295 2295 425 2355 Emaero
456 2297 602 2376 magistro
632 2295 761 2357 docetur
782 2295 984 2375 relinquenda

59 2396 125 2441 non
147 2380 332 2458 relinquere,
354 2388 386 2438 et
399 2381 499 2439 otiosa
512 2380 678 2459 negotiosa
691 2381 816 2459 habere,
841 2391 873 2439 ut
894 2379 983 2440 simul

60 2465 102 2522 sit
124 2472 210 2522 vetus
233 2463 326 2541 mola,
348 2462 454 2522 relicta
477 2471 508 2523 et
529 2481 592 2522 non
610 2464 727 2542 relicta,
752 2467 851 2526 otiosa
869 2470 899 2523 et
920 2480 982 2522 non

60 2545 187 2607 otiosa?
230 2544 325 2605 Vides
352 2565 442 2626 ergo,
477 2565 568 2625 quam
591 2545 702 2606 Emser
734 2555 766 2607 et
786 2548 897 2606 Paulus
926 2545 983 2606 sibi

60 2628 213 2709 quadrent
235 2629 381 2707 pulchre?
404 2629 472 2689 Tibi
494 2630 629 2690 deterior
650 2637 697 2689 est
719 2648 813 2690 causa
832 2632 907 2690 novi
928 2629 984 2688 'Pe-

60 2715 221 2790 stamenti,
259 2713 318 2772 nisi
346 2714 386 2772 sit
413 2732 468 2792 par
497 2715 594 2773 veteri
621 2714 652 2772 in
685 2731 800 2794 pompa
823 2720 854 2774 et
875 2719 983 2772 sancto

59 2796 202 2874 seculari,
224 2796 321 2856 Paulo
344 2815 418 2856 vero
440 2798 649 2877 ignominiosa
669 2806 731 2875 est,
761 2799 786 2857 si
809 2796 984 2876 perfuerit.

144 2880 239 2939 Porro
257 2898 325 2940 cum
348 2880 412 2939 illic
434 2881 595 2960 apostolus
616 2899 731 2940 novum
753 2880 984 2941 Testamentum

60 2983 102 3024 ex
123 2963 263 3043 professo
288 2971 408 3040 tractet,
430 2963 669 3044 pontificemque
691 2964 771 3024 illius
785 2963 983 3024 monarcham

60 3044 225 3125 describat,
247 3046 357 3106 fefellit
378 3066 435 3107 nos
458 3056 550 3126 certe,
574 3057 826 3127 necargumento
839 3048 983 3126 suscepto

61 3130 224 3208 satisfecit,
258 3131 340 3208 quod
370 3150 432 3192 non
465 3134 556 3192 etiam
580 3132 702 3191 Petrum
731 3141 784 3193 aut
810 3135 983 3193 Romanum

60 3212 238 3294 pontificem
262 3215 351 3274 nobis
375 3216 572 3275 monarcham
594 3215 807 3276 secundarium
831 3233 984 3277 commen·

61 3297 162 3374 davit,
198 3299 377 3376 praesertim
398 3317 466 3358 oum
495 3301 520 3358 is
543 3300 688 3358 articulus
721 3302 796 3360 tanti
830 3319 899 3360 esse
921 3317 985 3358 mo·

62 3382 157 3440 menti
180 3387 312 3460 putetur,
335 3388 369 3441 ut
389 3381 466 3442 fides
489 3391 521 3443 et
537 3402 651 3443 novum
663 3383 894 3444 Testamentum
917 3385 984 3443 siue

60 3465 117 3525 illo
141 3465 308 3524 subsistere
328 3485 392 3525 non
414 3469 544 3546 possint,
566 3474 673 3527 ruente
694 3470 845 3546 nimirum,
869 3470 894 3527 si
906 3485 985 3527 unus

61 3547 207 3609 articulus
230 3547 301 3608 fidei
323 3561 400 3628 ruat,
424 3558 490 3611 tota
511 3550 580 3613 fide.

146 3632 207 3693 Sed
230 3635 310 3713 siue,
334 3635 417 3694 caeci
441 3641 565 3695 suntet
588 3632 682 3693 duces
712 3651 891 3712 caecorum,
921 3642 984 3694 tan-

72 3756 102 3763 --
187 3756 452 3764 .--..----.------
458 3757 489 3762 ...,

136 3805 167 3870 *J
191 3807 258 3859 rasi.
279 3806 339 3862 132.
381 3791 427 3873 *a*
443 3804 544 3858 natu.
568 3806 592 3860 5.
