2346 4208
251 286 295 342 vl.
315 285 419 342 tonaio
437 285 579 375 quomado
599 289 635 342 sit
653 305 677 358 p.
698 305 722 343 a.
742 288 777 343 ad
797 307 833 347 m.
938 286 1006 354 463.

77 473 155 535 bunt
168 480 342 556 perpetuo,
364 475 415 536 hie
437 475 508 536 dom
531 479 659 557 vixeris,
684 485 715 539 et
736 478 808 540 alibi
829 487 901 560 post
922 498 999 541 mor·

77 563 139 618 tein
162 558 194 617 in
216 559 280 618 vita
303 565 438 620 aeterna.

76 722 130 783 VI.
153 721 302 784 Oonoio
325 725 528 868 Quomcho
559 727 612 787 sit
634 726 830 808 parendus
853 729 1007 798 animus,

421 829 440 869 a
490 817 659 870 mortem.

159 971 262 1033 Primo
284 992 367 1034 mors
391 980 437 1035 est
458 974 547 1035 huius
571 976 652 1036 vitae
675 977 872 1056 omniumque
895 977 998 1036 huma·

76 1074 186 1116 norum
212 1075 339 1135 operum
361 1056 440 1118 finis.
484 1058 621 1119 Necesse
642 1059 733 1139 igitur
754 1065 818 1135 est,
852 1066 886 1119 ut
907 1078 1001 1139 quan·

77 1146 141 1198 turn
164 1138 202 1199 ad
225 1139 363 1200 fortunas
385 1141 510 1219 attinet,
545 1162 601 1201 sua
627 1141 711 1202 bona
732 1143 941 1222 unusquisque
963 1144 999 1202 iis

77 1221 218 1302 deleget,
248 1241 326 1301 quos
348 1229 379 1283 et
402 1223 488 1304 leges
510 1231 540 1284 et
562 1244 618 1285 sua
639 1225 783 1286 voluntas
804 1225 911 1286 iubent
932 1245 997 1286 sue

77 1290 205 1384 aedera,
235 1325 275 1365 ne
307 1305 411 1385 aliqua
432 1307 570 1387 litigandi
594 1314 625 1368 et
646 1307 854 1368 contendendi
876 1310 1000 1369 oeoasio

77 1387 268 1466 relinquatur
301 1391 548 1469 suecessoribus,
582 1391 620 1450 ad
663 1410 741 1470 quos
774 1391 874 1451 redire
908 1391 1001 1452 debet

75 1470 261 1533 haereditas.
304 1471 361 1533 Est
388 1479 490 1533 autern
520 1473 599 1533 haee
627 1480 756 1534 externa
779 1476 810 1533 et
830 1475 1000 1554 corporalis

76 1553 230 1632 quaedam
252 1557 341 1631 ratio,
365 1574 425 1634 qua
446 1557 592 1616 mundum
614 1557 793 1634 deserimus,
818 1566 849 1616 et
871 1557 999 1617 dicimus

76 1636 147 1697 vale
168 1637 362 1697 facultatibus
385 1645 416 1698 et
436 1639 566 1700 fortunis
589 1641 711 1700 nostris.

163 1752 325 1832 Secundo,
360 1763 407 1816 est
429 1764 530 1817 autem
553 1757 614 1817 alia
636 1755 789 1836 quaedam
812 1758 905 1835 ratio,
940 1762 1002 1837 qua·

77 1836 225 1897 mundum
247 1837 431 1916 deserimus,
460 1859 550 1918 quam
573 1839 761 1919 spiritualem
785 1840 944 1920 appellare
967 1840 1000 1899 li·

76 1927 142 1998 eet,
165 1927 198 1980 ut
218 1928 344 2000 propter
364 1922 465 1983 Deum
487 1923 698 1984 condonemus
720 1923 804 2002 aliis,
828 1924 853 1982 si
875 1922 947 2002 quid
969 1924 1000 1982 in

77 2022 136 2064 nos
159 2005 376 2067 commiserint.
418 2006 493 2066 Item
517 2014 550 2067 ut
571 2007 706 2067 vicissim
728 2026 786 2066 nos
810 2024 931 2084 quoque
953 2024 1000 2066 ro·

20 2100 24 2106 '
75 2106 185 2167 gemus
211 2089 333 2148 veniam
345 2089 383 2149 ab
397 2090 443 2166 iis,
467 2108 544 2168 quos
567 2090 624 2169 ipsi
651 2088 844 2168 offendimus,
867 2089 916 2149 vel
939 2109 999 2148 ma-

76 2169 115 2228 lis
138 2169 299 2250 exemplis,
323 2172 373 2231 vel
396 2172 591 2249 quodminus
606 2171 789 2249 ofiioiorum,
814 2191 904 2251 quarn
928 2191 999 2232 eon·

77 2251 238 2328 veniebat,
271 2255 302 2313 in
334 2255 418 2333 ipsos
453 2256 683 2315 contulerimus.
727 2255 882 2315 Habemus
918 2257 999 2315 enim

76 2335 135 2394 Dei
159 2336 353 2414 mandatum,
382 2345 415 2397 ut
435 2338 487 2397 alii
509 2338 576 2397 aliis
599 2339 709 2398 mutuis
732 2340 866 2399 caritatis
891 2338 999 2399 officiis

76 2418 222 2496 adsimus,
244 2419 315 2480 ideo
338 2428 439 2480 autent
462 2421 523 2480 hoe
540 2440 662 2499 quoque
678 2423 848 2500 requiritur,
872 2421 999 2501 nequid

76 2501 276 2580 relinquatur,
299 2503 381 2582 quod
405 2505 626 2563 conscientiam
648 2524 777 2584 gravare
799 2506 906 2584 possit.

160 2618 281 2698 Tertio,
303 2627 467 2700 postquam
491 2623 533 2681 ita
557 2620 696 2680 omnibus
720 2620 894 2681 horninibus
917 2622 996 2681 vole·

75 2701 207 2779 dixeris,
243 2710 306 2762 tum
336 2704 365 2762 in
390 2705 488 2763 solum
511 2704 609 2764 Deum
633 2703 788 2784 defigendi
812 2710 882 2762 sunt
907 2705 999 2764 oeuli.

74 2784 153 2844 Nam
191 2784 229 2844 ad
259 2805 329 2846 eum
362 2805 484 2865 quoque
517 2807 574 2847 nos
608 2806 663 2866 per
692 2793 821 2846 mortem
853 2786 999 2846 ducimur.

75 2867 132 2927 Est
153 2874 254 2927 autem
274 2869 353 2928 haee
374 2877 506 2950 angusta
527 2871 580 2930 illa
602 2877 711 2949 porta,
733 2878 763 2929 et
783 2877 869 2929 areta
891 2871 1000 2930 semita

77 2949 117 3008 ad
140 2952 243 3028 vitam,
263 2971 331 3011 earn
354 2951 545 3014 confidenter
566 2952 774 3034 ingrediamur
792 2972 920 3012 neeesse
943 2960 998 3016 est.

75 3032 223 3107 Quamvis
247 3037 326 3093 enim
352 3042 436 3095 areta
457 3038 497 3097 sit
517 3036 570 3097 illa
584 3038 701 3115 semita,
725 3043 896 3096 esttamen
918 3054 999 3095 eom-

74 3115 236 3195 pendiaria
257 3126 288 3177 et
310 3117 420 3178 brevis.

159 3221 199 3281 Et
222 3223 481 3300 quemadmodum
514 3226 587 3284 satis
618 3244 731 3304 magno
758 3243 829 3283 oum
860 3223 997 3304 periculo

76 3324 153 3384 puer
175 3325 213 3364 ex
243 3306 296 3365 ilia
328 3316 458 3386 angusta
481 3309 609 3367 materni
640 3308 716 3367 uteri
743 3307 854 3367 cellula
881 3309 913 3376 in
937 3327 998 3366 am·

75 3390 159 3468 pium
182 3388 242 3448 hoe
264 3397 294 3448 et
306 3391 469 3449 ineundum
494 3391 574 3451 coeli
596 3391 697 3450 iumen
714 3390 821 3466 editur,
845 3393 889 3449 sie
903 3390 997 3450 homo

75 3471 237 3550 perillam
263 3474 367 3531 mortis
384 3480 503 3552 portam
527 3494 565 3533 ex
587 3474 646 3533 hae
660 3475 771 3533 misera
793 3474 906 3532 vitain
930 3492 997 3553 per·

74 3560 199 3634 petuam
227 3557 319 3614 vitam
350 3557 510 3636 immigrat.
555 3556 595 3615 Et
628 3575 799 3635 quanquam
829 3556 889 3616 hoe
918 3556 998 3615 coeli

76 3639 220 3717 spatium,
242 3640 272 3697 in
295 3658 355 3718 quo
378 3639 438 3698 iarn
461 3640 601 3717 vivimus,
624 3641 696 3698 item
720 3639 773 3698 illa
795 3645 893 3698 terrae
917 3659 997 3720 mag-

75 3720 184 3781 nitudo
209 3723 281 3780 satis
305 3722 408 3800 ampla
430 3722 599 3801 videantur,
621 3729 707 3784 tanto
729 3729 830 3782 tamen
853 3731 924 3781 sunt
945 3722 997 3781 rni-

74 3824 154 3866 nora
176 3808 207 3864 et
228 3806 419 3886 angustiora,
451 3806 476 3866 si
498 3805 536 3866 ad
559 3806 676 3867 futuros
698 3805 1006 3888 coelosaomqares,

1060 1289 1069 1314 l
