2346 4208
391 269 489 319 oootm
503 263 568 357 ioh.
586 201 708 319 limium.
781 250 784 271 ¹
946 258 1009 329 503

120 312 179 409 ss..

14 526 17 531 ,
85 454 233 518 mriomm
260 454 489 519 oommeumriis
517 452 671 536 desoripte
708 450 886 515 deolorobit.
927 450 1007 515 Num

11 528 47 587 e„
85 547 119 601 et
138 537 234 616 bueo,
266 540 293 600 si
314 538 464 616 licuisset,
503 536 597 599 silens
629 536 795 598 malueram
849 536 1005 616 meteriis,

83 622 271 685 immodeste
291 642 311 682 e
332 641 382 683 me
404 623 435 682 iu
457 620 543 683 illum
562 640 604 682 ue
618 620 743 683 verbum
766 556 887 702 quiXem
911 619 1007 681 ulium

84 704 202 767 dietum
224 711 281 767 esu
309 704 444 767 Proinde
463 705 594 766 vioisoim
615 704 765 784 obtestor,
787 722 879 765 osum
892 709 1009 785 pugnet
1111 750 1115 757 .

84 807 151 851 non
184 789 389 851 oontumeliie.
441 787 605 848 Debemus·
631 788 712 848 enim
746 787 881 866 ueritati,
914 804 1006 867 quem
1117 800 1124 811 '

26 923 30 929 .
85 872 196 953 oupio,
230 873 272 932 ito
303 872 453 932 meDeus
481 877 580 948 emet,
615 889 654 930 ex
687 872 789 931 enimo
826 869 1005 941 inviolatum

83 954 298 1035 illaesumque.
328 953 423 1028 Quod
447 973 520 1014 vero
543 954 709 1014 crassiores
723 973 781 1014 uos
803 960 899 1035 putot,
915 971 1005 1032 quum

85 1044 122 1098 ut
142 1036 182 1098 de
202 1036 383 1099 sublimibus
405 1036 620 1116 theologorum
644 1035 875 1116 quaestionibus
891 1034 1007 1116 aliquid

85 1121 186 1182 obtin·
210 1139 286 1200 mus,
308 1138 371 1181 uon
398 1119 546 1200 displicet.
591 1119 684 1181 Modo
707 1121 862 1200 permit-iot
890 1125 921 1179 eb
942 1118 1007 1185 ‚vul-

85 1222 145 1285 gus
192 1203 372 1265 hristionum
394 1202 434 1263 de
454 1203 513 1285 piis
535 1221 755 1283 nonuunquam
777 1201 1007 1282 quaestionibus

86 1285 240 1365 (solioum,
268 1293 360 1366 etque
381 1286 462 1346 odeo
483 1304 558 1365 uos,
585 1286 637 1366 qui
659 1305 678 1346 o
698 1284 877 1366 theologiae
898 1286 1006 1346 studiis
1100 1300 1131 1339 .·

84 1387 152 1431 nou
174 1371 300 1441 omuino
323 1369 539 1448 abhorremus,
574 1370 604 1430 id
638 1386 736 1450 genus
767 1368 861 1429 sooris
889 1367 1006 1429 delioiis

41 1440 47 1459 ⁸
84 1453 223 1514 animum
245 1470 465 1531 nonuunquam
488 1471 627 1532 posuere.
670 1451 793 1526 Quanto
823 1452 919 1512 sotius
941 1458 1008 1513 erut

83 1530 248 1618 purvulos,
280 1538 312 1596 iu
334 1536 444 1615 quibus
465 1532 523 1596 mis
545 1553 669 1615 quoque
690 1553 810 1612 sumus,
839 1531 947 1596 favore
968 1552 1007 1597 oo

50 1686 58 1695 ,
85 1617 191 1681 studio
225 1618 361 1679 animare
395 1618 434 1679 od
457 1619 523 1698 pius
545 1619 664 1694 litores,
686 1619 765 1695 imo,
792 1617 912 1678 etiamsi
933 1616 1007 1698 quid

85 1701 302 1782 deiiuquerent
327 1715 384 1782 per
410 1701 662 1782 imprudentiam,
694 1701 876 1780 connivere,
913 1720 1005 1781 quem
1099 1766 1102 1771 ,

85 1784 263 1846 huiusmodi
286 1787 409 1865 tragicis
433 1784 561 1846 vocibus
584 1784 749 1845 deterrere.

170 1868 264 1944 Vale,
286 1869 327 1929 mi
349 1869 463 1946 leobor,
493 1875 524 1929 et
544 1867 757 1947 deieusiouom
773 1873 910 1929 nostrum
932 1865 1006 1927 boui

83 1951 224 2013 oonsuie.
266 1951 344 2012 Nom
368 1952 487 2032 etipse
510 1952 596 2013 testis
629 1951 687 2012 erit
706 1949 834 2028 Bomos,
867 1950 1006 2030 potuisse
1127 1944 1132 1955 '

84 2055 137 2096 me
158 2034 239 2095 hene
261 2053 385 2095 oausam
415 2035 569 2116 plerisque
590 2034 668 2095 looie
681 2032 684 2036 ’
697 2033 878 2112 invidiosius
900 2051 1004 2113 ogere,
1050 2022 1057 2047 ‘

82 2120 112 2179 si
140 2120 243 2178 auimo
275 2117 399 2179 liberius
427 2117 632 2178 induisissem.
684 2118 797 2179 Iterum
824 2116 914 2178 Vule.
957 2114 1005 2175 Ex

82 2202 192 2262 inolito
214 2201 369 2262 Soxouiae
391 2201 631 2282 Vuittembergo.

388 2285 480 2345 Anno
503 2284 542 2345 M.
566 2285 603 2346 D.
627 2285 705 2346 XIX.
