2346 4208
309 256 755 319 ,mffiuoumtuthena
938 256 983 323 15
1033 258 1041 265 ’

55 445 280 528 congrediamur
321 446 463 510 Sciebam
491 445 640 509 invidiam
660 452 755 527 tuam,
776 464 838 529 qua
857 447 983 528 Iipaiaa

54 535 139 592 totus
162 528 303 608 ardebas,
323 530 573 611 impotentiorem
591 549 670 610 aero,
691 548 784 611 quom
803 537 838 592 nt
851 548 886 592 ee
897 530 980 593 cohi·

54 612 196 690 beretna
211 619 347 693 pareret,
369 633 449 693 quae
460 615 669 694 concepisset:
697 632 818 675 rursum
835 615 980 696 ignoran-

54 697 167 839 h'orpm
191 704 223 841 <det
242 697 445 778 ignaviorem,
467 716 558 777 quam
581 703 615 758 ut
626 696 793 759 liberaliter
804 703 837 758 et
855 699 888 758 in
908 697 980 759 luce

76 780 110 839 ui
150 797 190 839 au
212 788 287 841 eret.
967 830 973 837 .

55 798 77 861 q
140 860 233 937 Quod
268 863 328 923 nisi
358 881 406 923 me
440 863 531 923 timor
559 861 671 923 Christi
704 862 879 942 cohiberet,
915 881 980 943 quo

55 946 205 1026 magistro
223 964 286 1007 non
300 952 417 1007 tantum
430 945 538 1007 dolere
549 944 660 1023 debeo,
681 944 766 1025 qnod
776 946 850 1007 mihi
865 964 979 1007 nocere

55 1028 197 1108 voluisti,
219 1037 251 1090 et
271 1048 335 1091 non
356 1029 500 1110 potuisti,
523 1034 670 1107 qnantum
691 1029 774 1108 qnod
797 1029 851 1090 tibi
874 1030 980 1091 nonni·

55 1112 111 1191 σᾶ,
133 1110 217 1191 quod
237 1113 371 1173 maxime
392 1111 535 1191 noluisti,
556 1129 681 1191 poeoem
703 1112 758 1173 tibi
779 1111 902 1174 abunde
923 1132 980 1194 par

54 1193 180 1273 referre,
201 1195 433 1277 etAegoceroti
454 1202 507 1255 tuo
529 1193 675 1255 idoneum
691 1201 870 1257 venatorem
892 1215 979 1276 praa

55 1287 149 1339 stare.
190 1277 232 1337 At
253 1278 377 1359 quando
398 1276 567 1339 Tiburtium
589 1286 621 1337 tn
644 1280 782 1358 quoeris,
810 1278 978 1341 curandum

54 1360 131 1421 mihi
153 1368 216 1438 eat,
245 1369 278 1422 ut
299 1360 453 1422 Tiburtino
474 1360 664 1441 Torquatum
686 1380 809 1441 quoque
831 1363 988 1442 inveniet,¹

53 1445 83 1504 ei
112 1442 271 1523 quomodo
294 1442 504 1525 deprehensus
525 1444 557 1504 in
580 1443 725 1524 operibns
747 1463 892 1507 manuum
914 1451 977 1507 tua

54 1546 122 1587 rum
150 1526 259 1589 dolere
283 1529 386 1608 poesis
418 1546 511 1608 super
544 1527 730 1588 contritione
763 1529 886 1589 animae
907 1535 979 1591 tuae
1074 1572 1084 1581 ,

54 1611 261 1687 miserrimae,
290 1629 381 1690 quam
404 1610 444 1671 ob
473 1610 534 1678 mei
555 1608 659 1671 odium
681 1616 745 1671 tam
767 1610 888 1690 perdite
907 1610 979 1673 Dia-

55 1691 130 1756 bolo
152 1694 352 1772 consecrasti,
375 1695 434 1755 atsi
452 1691 598 1773 sacerdos
620 1692 738 1754 domini
752 1697 803 1768 (ut
816 1694 991 1775 gloriaris).

54 1776 204 1856 testisque
226 1777 372 1842 veritatis.

138 1859 214 1942 Legi
234 1861 339 1940 itaque
360 1860 559 1940 Aegocerota
579 1877 634 1920 een
656 1860 772 1921 hucum
797 1865 899 1937 tuum,
923 1879 977 1922 een

54 1943 269 2005 hircocervum
294 1942 372 2026 (nec
393 1945 475 2003 enim
497 1942 607 2024 refert,
630 1961 692 2023 quo
715 1942 869 2004 vocabulo
891 1961 977 2004 mon-

54 2034 151 2088 strum
173 2026 313 2107 appelles
334 2026 614 2105 infelicissimum),
644 2023 683 2086 de
709 2044 771 2106 quo
793 2027 977 2107 poetioarir:
1015 2086 1021 2100 ,

53 2109 171 2174 Noster
200 2110 251 2171 hic
272 2110 458 2191 Aegoceron
490 2110 558 2170 sine
590 2109 685 2171 foeno
705 2117 816 2190 peccat
846 2111 877 2169 in
905 2128 979 2188 uno,

55 2193 139 2272 quod
168 2212 230 2254 non
263 2200 311 2254 eet
331 2194 432 2253 Lucae
460 2193 542 2254 linea
572 2192 665 2253 ducta
686 2212 788 2256 manu.
831 2192 903 2254 Noli
925 2193 978 2253 de·

55 2295 196 2356 sperare,
225 2278 266 2336 mi
287 2277 411 2355 Emeer,
445 2283 492 2336 eet
513 2275 633 2336 veniale
654 2282 832 2356 peccatum,
867 2295 926 2337 neo
947 2277 979 2336 in

55 2359 195 2440 divinas,
218 2361 276 2420 nisi
298 2360 376 2420 forte
397 2361 430 2418 in
451 2360 669 2438 grammaticae
691 2365 723 2420 et
743 2359 913 2421 rhetoricas
937 2361 978 2420 le·

55 2462 112 2524 geo
134 2448 300 2522 patratum,
336 2442 418 2522 qnod
452 2460 521 2501 cum
554 2443 594 2502 sit
613 2443 716 2522 poetis
747 2443 978 2524 pictoribnsque

55 2525 219 2606 quodlibet
246 2526 379 2587 audendi
413 2544 539 2605 semper
566 2532 844 2605 aequepotentes,
886 2527 977 2588 focile

55 2608 112 2671 tibi
135 2617 166 2669 ct
186 2608 247 2670 hoc
268 2611 448 2690 ignoscent,
482 2609 542 2668 nini
563 2608 595 2668 id
616 2608 695 2668 forte
717 2626 772 2669 eoe
794 2609 889 2672 nimio
912 2630 976 2671 mo·

55 2699 146 2770 reat,
179 2693 261 2772 quod
289 2695 425 2753 humano
448 2692 541 2772 capiti
563 2692 715 2752 cervicem
736 2693 871 2754 iunxerit
894 2694 978 2773 equi·

55 2795 144 2854 nam,
174 2783 205 2836 et
225 2776 375 2856 amphora
395 2777 535 2836 instituta
557 2793 680 2835 urceum
702 2774 852 2836 eduxeris.
897 2775 977 2851 Qan·

55 2858 224 2937 doquidem
247 2866 278 2920 et
299 2861 388 2939 mihi,
423 2877 523 2938 neque
544 2859 761 2940 grammatico,
788 2877 890 2938 neque
910 2860 977 2923 rhe-

55 2946 132 3020 tori,
160 2962 261 3023 neque
282 2944 408 3023 pictori,
442 2942 503 3003 hoc
524 2942 732 3022 potissimum,
767 2942 859 3002 nullis
880 2942 979 3003 indul·

54 3027 186 3107 gentiis,
208 3046 248 3103 ne
269 3026 417 3087 Romanis
440 3026 563 3105 quidem
585 3027 787 3105 aerummis,
822 3025 978 3087 condona·

55 3109 119 3171 bile
140 3111 239 3170 visum
260 3117 323 3190 est,
356 3108 439 3189 quod
460 3110 584 3170 foenum
607 3109 652 3169 illi
674 3111 775 3190 potius
798 3109 978 3188 detraxeris,

55 3213 148 3274 quam
171 3212 301 3273 cornua,
337 3201 368 3254 et
399 3194 488 3253 simul
522 3193 603 3253 hano
623 3193 782 3255 Hecubam
809 3201 892 3254 tuam
915 3200 977 3255 tam

54 3277 218 3338 infeliciter
238 3277 448 3339 dissimularit.
485 3276 677 3357 Quamquam
699 3278 779 3339 enim
797 3277 978 3359 Aegoceron

54 3363 187 3423 Martino
209 3364 291 3423 idem
314 3364 354 3423 eit
375 3362 515 3424 foenatus
542 3367 592 3440 (ut
613 3363 658 3423 sic
679 3361 797 3440 dicam)
816 3369 848 3424 et
869 3380 976 3422 comu·
1067 3373 1070 3377 ’

54 3453 119 3525 tus,
159 3447 311 3509 laudatori
343 3453 447 3508 tamen
487 3448 607 3507 sincero
640 3446 846 3508 conveniebat
878 3447 976 3526 magio

53 3530 212 3592 foenatum
235 3533 302 3593 eine
324 3533 477 3612 cornibus,
502 3550 592 3611 quam
615 3538 775 3592 cornutum
794 3533 860 3592 sine
881 3531 976 3591 foeno

54 3617 165 3677 moliri.

141 3700 197 3760 Oui
220 3707 251 3761 et
267 3701 328 3761 hoc
350 3701 422 3761 mali
444 3700 573 3779 accedit,
596 3719 656 3779 quo
679 3701 718 3760 eit
734 3701 827 3761 animi
845 3703 888 3762 tui
908 3722 976 3782 per·

53 3784 169 3846 fectum
191 3786 397 3866 simulacrum,
419 3804 553 3866 vereque
574 3784 743 3844 Emoerum·
756 3792 976 3866 repraesentet
