2346 4208
449 210 748 343 &Haeduorum
1001 270 1043 341 m

140 459 211 515 turus
231 455 281 554 eit·
291 460 404 555 eontue
419 455 512 520 istem
527 457 716 521 ineluibilem
728 460 899 558 veritatem,
919 464 1045 604 paratus

74 680 78 687 Ι
137 537 422 700 ωιὲἰᾶᾶυοὴο
442 541 644 622 respondere,
662 548 698 604 at
719 561 757 605 ee
776 541 903 623 diluere,
942 562 961 605 e
982 562 1043 626 quo

389 767 777 855 M.Lutherue

203 953 280 1021 eum
308 954 548 1021 herimarum
578 963 662 1021 esset
693 956 819 1020 nomine
844 957 1042 1023 illustrissimi

134 1035 280 1119 rumpis,
303 1039 428 1118 petroni
448 1041 556 1117 nostri,
578 1046 612 1103 ut
633 1042 761 1107 materia
781 1042 841 1103 iste
852 1059 1044 1105 eonsumma-

132 1123 201 1183 aur
221 1141 265 1183 oo
283 1120 356 1198 die,
386 1128 417 1183 et
449 1140 466 1182 e
523 1123 599 1204 gius.
615 1122 655 1189 u.
676 1124 713 1186 D.
749 1125 897 1187 maiorem
924 1131 1043 1205 perteus

131 1204 273 1286 temporis
289 1205 359 1289 eine
376 1222 455 1267 ueoe
488 1206 564 1269 itate
586 1212 618 1266 at
639 1205 783 1269 odiosius·
799 1226 890 1288 quem
913 1207 1046 1271 deoebet

129 1286 181 1355 too
198 1285 404 1370 splendidum:
414 1288 600 1353 auditorium
616 1291 868 1370 ooueumpsiseet,
890 1290 964 1353 mihi
986 1309 1043 1372 pro

128 1369 260 1433 tuduoua
280 1371 486 1451 responsione
507 1373 599 1435 uuioe
618 1373 677 1437 tuit
696 1372 815 1453 reliqua
836 1373 960 1449 horula,
984 1392 1044 1453 qua

128 1460 222 1519 enee
243 1454 399 1535 faragine
420 1472 494 1519 suae
515 1456 759 1536 responderem,
782 1456 872 1518 simul
894 1462 925 1518 et
946 1475 1044 1537 oppo

125 1550 233 1607 rer-erm
276 1537 396 1601 ream
416 1541 681 1620 poetae-gratuito
705 1538 817 1601 affeetu
845 1539 945 1602 eidem
977 1539 1043 1603 illu·

125 1622 274 1686 meiere
294 1621 431 1700 Prtneipi
449 1628 575 1700 rostro,
604 1630 640 1682 ut
659 1624 751 1702 oopie
774 1622 896 1689 deretur
918 1622 994 1687 mihi
1013 1629 1045 1685 et

125 1703 331 1786 respondendi
350 1710 383 1765 et
403 1704 593 1785 opponendi,
616 1705 655 1766 de
677 1724 742 1785 quo
760 1707 876 1786 gratias
893 1724 954 1786 ogo
976 1703 1043 1769 illu·

123 1787 426 1868 &ramesmere
448 1805 522 1849 suae
548 1807 638 1868 quam
661 1790 822 1851 maximas.
844 1787 982 1866 Ideoque
1003 1787 1042 1851 ad

122 1872 312 1953 propostam
326 1870 494 1949 veuieudo,
516 1878 687 1950 autequam.
700 1877 844 1952 coeptam
866 1870 1042 1933 hesternam

121 1954 356 2035 responsionem·
387 1956 580 2031 eontiruiem,
618 1956 716 2034 primo
744 1955 826 2016 hano
861 1955 1041 2017 matutinam

122 2036 260 2099 nebulam
283 2036 320 2097 D.
344 2035 379 2097 D.
402 2037 488 2097 Eooii
511 2038 683 2118 dispellere,
705 2037 756 2100 ubi
780 2057 866 2099 more
889 2056 945 2098 suo
968 2038 1042 2099 satie

121 2119 224 2181 odisee
246 2125 280 2181 et
299 2138 422 2200 semper
439 2120 551 2183 obiieit
579 2119 750 2194 Hussitioas
771 2122 955 2200 pravitates,
978 2139 1041 2180 non

122 2202 281 2280 obetoute,
312 2203 395 2281 quod
432 2205 523 2265 toties
545 2224 595 2264 me
618 2205 863 2284 expurgaverim.
907 2202 1042 2282 Ideoque

121 2287 240 2363 paulum
261 2286 427 2367 pruefebor
454 2289 650 2366 germaniae,
681 2287 764 2365 quod
792 2286 961 2367 intelligam
992 2306 1042 2351 me

122 2371 254 2447 pessi-e
276 2369 383 2429 audire
404 2369 484 2449 apud
507 2370 643 2450 vulgum.
923 2390 927 2401 ·

193 2452 386 2515 Deolerebat
406 2459 508 2513 autem
531 2472 565 2514 se
588 2472 651 2512 non
669 2454 860 2532 impugnare,
884 2471 941 2512 neo
964 2452 1041 2515 ohrir
1159 2468 1162 2475 ·

122 2537 213 2599 stine
248 2555 267 2595 a
295 2554 450 2613 quoquam
483 2537 656 2615 impugnari
692 2554 785 2614 posse
821 2537 983 2614 primatum
1012 2543 1043 2600 ot

122 2617 326 2680 obedientiam
356 2619 516 2680 Romanae
556 2618 719 2680 ecelesiae.
762 2619 875 2678 Verum
911 2638 948 2677 eo
973 2637 1042 2698 per-

122 2707 245 2763 eaerum
269 2720 348 2779 esse,
373 2707 405 2761 ut
428 2700 586 2762 deolarore
608 2720 641 2762 ee
664 2707 817 2781 oporteat,
841 2721 909 2761 eum
933 2702 1043 2780 prima

121 2789 178 2845 tum
200 2803 265 2847 uon
289 2804 358 2846 esee
380 2784 419 2844 de
439 2785 505 2846 iure
526 2784 647 2863 divine,
681 2787 760 2844 siout
792 2803 893 2862 neque
913 2785 1042 2863 impera·

121 2869 225 2930 mriam
248 2873 434 2947 potestatem
458 2867 539 2947 apud
554 2866 726 2929 Germanos
748 2867 916 2946 improbari
939 2885 1042 2946 posse,

121 2952 260 3028 quemvis
281 2951 312 3010 in
336 2969 424 3012 saera
446 2950 603 3030 Scriptura
624 2970 686 3010 non
710 2950 878 3024 fundatam,
901 2951 1041 3028 quamvis

109 3032 152 3092 ·[).
173 3033 286 3095 uestes
309 3033 401 3110 dixit,
430 3053 535 3096 verum
567 3053 653 3112 esee,
676 3053 744 3093 eom
774 3052 843 3092 esee
866 3039 1042 3092 controver-

121 3117 214 3194 siam,
250 3136 288 3178 un
319 3117 468 3194 primatus
498 3115 650 3177 eeclesiae
671 3117 831 3178 Romanae
856 3117 895 3175 eit
917 3115 956 3174 de
977 3116 1042 3175 iure

121 3197 238 3275 divino,
263 3199 347 3277 quad
369 3199 544 3278 improbare
567 3205 689 3260 oonetat
712 3218 780 3258 essa
802 3198 988 3258 Hussitioum
1013 3205 1043 3259 et

121 3283 278 3343 articulum
313 3302 332 3341 a
354 3280 585 3343 Constantiausi
600 3320 605 3324 -
623 3281 756 3343 eouoilio
793 3281 1042 3358 condemnatum,

122 3382 247 3444 esseque
271 3364 461 3439 dolendum,
485 3366 510 3424 ei
533 3366 766 3425 christianorum
790 3364 885 3424 eorda
907 3371 968 3423 tam
992 3365 1041 3423 fri-

121 3447 316 3526 gideessent,
338 3455 372 3509 ut
394 3466 487 3509 nemo
513 3448 573 3509 hoo
590 3447 778 3508 defenderet.
802 3447 877 3507 Post
890 3447 951 3507 hoo
973 3466 1042 3509 aoe-

123 3531 162 3608 pit
177 3531 212 3593 D.
236 3531 384 3591 Mertinus
407 3531 502 3591 latine
525 3532 680 3611 prosequi.

198 3613 290 3688 Quod
313 3633 387 3695 ergo
410 3613 527 3673 induoit
549 3614 628 3673 hano
649 3613 844 3673 autoritatem
867 3612 973 3672 Matth.
994 3615 1042 3690 16,

123 3697 308 3757 contendens
338 3696 380 3757 ibi
403 3697 564 3776 primatum
587 3698 771 3777 promissum
795 3715 878 3772 esse,
901 3696 975 3755 satis
997 3714 1042 3755 re·

125 3797 265 3859 sponsum
288 3786 335 3842 est
356 3781 387 3840 in
399 3779 667 3860 praecedentum,
688 3778 771 3860 quod
794 3779 935 3862 egregius
957 3779 1041 3841 Μ).
