2346 4208
120 300 185 371 312
436 302 756 373 mnne

123 491 204 574 apud
228 490 384 570 Pepistss,
411 494 606 573 ignorantiae
627 501 657 551 et
680 490 919 552 indocibilitatis
939 488 1037 568 potin.

124 595 216 656 qnam
239 576 374 654 coniugii
397 576 555 656 deponere
577 575 723 634 debebat.

150 662 218 722 120.
235 656 300 716 Etsi
316 658 474 718 terendum
490 668 555 718 eret
567 670 667 718 utrum
678 660 708 734 ¹)
733 657 931 731 modulum,
951 655 1040 733 potius

126 742 289 821 digamiae,
311 759 403 819 quum
425 742 658 801 indocibilitstis
677 741 841 801 ferendum
863 748 942 799 erat.

151 828 217 887 l’2l.
242 822 374 883 Crudele
397 844 521 904 quoqne
542 832 572 884 et
594 826 720 903 impium
744 834 808 902 est,
832 834 866 882 ut
888 824 1042 900 episcopus

126 909 193 966 nina
215 907 305 985 culpo
328 909 460 968 consilio
484 916 515 968 ct
538 906 676 967 remedio
698 907 787 968 Pauli
814 907 993 981 frustretur,
1018 914 1043 962 et

128 990 176 1049 rel
212 989 338 1048 coelebs
369 992 474 1050 vivere
504 1009 602 1050 uxore
635 999 771 1068 mortus,
798 991 852 1049 rel
885 988 1043 1046 ministerio

126 1072 237 1133 cedere
260 1081 397 1151 cogatur.

150 1159 218 1217 12⁴2.
247 1153 395 1216 Fmstrari
427 1164 530 1216 autem
567 1174 697 1215 necesse
738 1163 785 1214 est
819 1163 886 1214 tum
920 1152 1045 1213 remedio

128 1248 190 1298 tnm
215 1238 345 1298 consilio
369 1239 454 1298 Pauli
478 1259 548 1299 eum
572 1242 770 1318 episcopum,
800 1240 853 1315 qui
884 1245 972 1296 metu
991 1237 1047 1295 libi-

129 1321 208 1381 dinis
239 1339 367 1380 uxorem
397 1321 501 1400 duxit,
536 1340 616 1401 qnae
647 1320 742 1381 biduo
770 1321 822 1379 vel
854 1320 960 1380 tn'duo
988 1331 1048 1399 pou

132 1404 268 1465 moritur.
916 1442 921 1449 -

151 1490 221 1551 123.
251 1484 329 1547 'lum
368 1506 440 1546 vere
468 1486 582 1547 Paulus
613 1507 676 1547 non
708 1487 875 1545 consilium
901 1505 990 1553 tcum
1018 1485 1049 1542 sit

132 1590 214 1632 mors
237 1571 340 1629 uxsrris
361 1571 509 1649 incerta),
534 1570 588 1630 scd
611 1569 784 1641 ludibrium,
807 1589 869 1628 nec
891 1568 1049 1629 remedium

132 1653 279 1734 coniugii,
302 1653 354 1712 sed
378 1662 494 1713 certum
516 1653 685 1734 periculum
709 1657 742 1712 et
756 1652 907 1732 laqueum
920 1653 1050 1732 posuisse

132 1736 297 1798 videretur.

153 1821 222 1882 121.
252 1818 359 1879 Tutius
383 1821 463 1879 enim
487 1827 587 1896 essct,
615 1838 740 1899 prorsus
763 1837 826 1877 non
851 1818 921 1878 lieri
945 1819 1051 1898 episco

132 1921 222 1984 pum,
251 1910 303 1962 eut
325 1921 387 1963 non
409 1904 452 1961 uti
475 1903 606 1963 consilio
628 1901 728 1979 Pauli,
756 1920 849 1979 quam
874 1909 966 1961 tento
987 1900 1053 1981 peri·

134 1985 204 2046 culo
229 1986 276 2045 vel
299 1984 443 2063 libidinis,
464 1985 515 2045 vel
531 1987 687 2045 ministerii
700 1984 900 2062 relinquendi
914 1984 1054 2044 flucmai.

160 2071 226 2132 125.
250 2067 336 2129 Siout
356 2070 386 2127 in
410 2069 566 2148 primitiva
589 2069 721 2128 ecclesia
742 2067 904 2128 laudabile
919 2068 986 2145 suit,
1006 2067 1055 2126 vir·

135 2153 293 2232 ginitetcm
317 2159 349 2210 ct
370 2151 556 2211 coelibatum
579 2152 742 2229 extollere,
772 2158 882 2210 eontra
909 2152 1054 2211 licentiam

136 2235 251 2295 ludoici
275 2235 409 2313 coniugii
434 2245 466 2293 ct
487 2235 609 2314 gentilis
631 2234 839 2294 adortationis.

159 2320 226 2380 tto.
256 2317 301 2376 lta
322 2336 404 2375 nrrnc
427 2317 581 2378 laudabile
612 2327 672 2395 est,
706 2319 884 2396 coniugium
915 2316 1056 2376 extollere

135 2407 242 2461 contra
276 2400 460 2459 coelibatum
495 2402 646 2461 eeclesiae
685 2400 892 2478 derivativam
938 2401 968 2459 id
1009 2408 1055 2472 est,

137 2491 246 2545 contre
267 2483 468 2563 prostibulum
493 2486 662 2563 papisticee
684 2484 941 2547 abominationis.

159 2572 228 2632 l27.
260 2566 335 2627 Cum
358 2568 437 2626 enim
462 2567 632 2627 coelibatus
653 2567 745 2626 hodie
773 2568 813 2625 sit
842 2566 911 2626 lere
934 2567 1057 2629 vocabu·

140 2654 200 2712 lum
224 2652 290 2710 sine
312 2670 354 2729 re,
377 2651 626 2729 perniciosissimi
650 2648 768 2710 seilicet
790 2651 942 2729 exempli,

162 2736 230 2797 128,
253 2734 349 2794 Recte
370 2733 484 2793 facient
506 2735 597 2793 etiam
620 2735 652 2812 ii,
674 2723 801 2813 quinon
818 2733 914 2792 valde
930 2742 1056 2794 uruntur.

42 2852 44 2859 =
138 2818 162 2876 si
186 2817 329 2895 exemplo
354 2836 409 2876 sno
433 2818 566 2897 coniugii
597 2836 719 2877 causam
755 2818 880 2894 iuvent,
918 2816 957 2877 ed
990 2817 1058 2876 illius

140 2896 439 2961 condemnationem.

162 2984 231 3044 t29.
267 2981 344 3042 Nem
385 3001 453 3042 oum
494 2983 603 3043 Daniel
638 2990 669 3042 et
699 2982 810 3041 Paulus
850 2983 1058 3042 antichristum

140 3064 319 3145 praedicent
351 3065 417 3125 sore
445 3066 564 3126 hostem
593 3066 728 3146 coniugii
768 3072 977 3144 actoremque
1007 3064 1059 3124 libi·

141 3147 219 3208 dinis
243 3157 273 3208 et
295 3150 394 3209 omnis
417 3151 545 3230 peccati.

162 3234 230 3294 test.
261 3231 441 3292 eonsultum
465 3239 496 3292 et
518 3232 652 3292 salutare
675 3239 735 3305 est,
765 3230 820 3290 sub
843 3231 908 3290 hoc
931 3232 1061 3312 impuris

162 3401 232 3460 till.
262 3398 403 3458 Sanctius
426 3400 544 3458 seilicet.
566 3407 613 3458 est
642 3399 691 3457 vel
723 3399 865 3477 trigamia
903 3398 953 3458 vel
979 3400 1061 3458 hexo-

141 3482 243 3560 gemin
271 3483 391 3548 vivere,
425 3501 516 3560 quam
544 3485 572 3541 in
608 3481 732 3561 publico
763 3483 823 3541 isto
856 3489 889 3541 et
918 3484 1062 3562 impunito

142 3563 276 3624 omnium
303 3563 458 3624 libidinum
483 3566 560 3626 oaho
584 3566 693 3645 perire.

218 3824 251 3893 il
272 3824 306 3880 lu
324 3823 459 3896 etlslbbb
479 3833 507 3876 et
525 3824 569 3876 ed.
584 3823 662 3873 lens.
678 3822 851 3875 alterutrum.
