2346 4208
322 270 328 281 '
375 288 379 301 ·
432 264 752 336 danegottoLuthart..
783 262 828 313 ξι·
1006 256 1048 331 73

122 454 270 535 prolatis,
306 459 477 533 apertoque
504 451 603 515 lderte
620 472 699 514 'oum
729 459 782 514 tuo
813 455 864 530 tut
890 455 958 533 ipse
974 455 1045 529 'aitl

122 544 356 618 propugnatore
385 535 576 615 oonfligeret
597 534 750 598 Sebedam'
771 557 846 598 snae
860 538 1047 616 Disputatio·

122 621 173 681 nis
196 619 342 681 vexillum
364 621 395 679 in
418 619 528 700 vulgus
550 618 654 690 edidit,
678 639 738 700 qua
759 621 818 680 tuis
837 621 1048 683 Gonolusionl·

122 704 182 766 bus
205 702 319 764 bellum
342 701 491 764 indixisse
519 701 575 763 tibi
609 703 745 777 videtur,
776 704 824 764 oui
856 710 889 765 tu
923 706 1049 766 minime

124 806 269 848 sessurus
288 785 434 847 'libellum
465 785 604 860 edidisti,
632 805 693 864 quo
720 787 856 848 visissim
879 788 917 848 ad
939 787 1049 869 Dispm

124 871 254 932 tationis
276 868 452 930 nondictum
475 869 607 931 eundem
638 868 775 931 laoessis.
824 871 857 930 ln
881 888 943 950 quo
965 890 1049 953 mag·

124 972 245 1034 mopere
266 953 411 1013 miramur
433 960 473 1029 te,
485 951 734 1032 Disputationem
756 972 815 1015 nos
828 954 873 1020 illi
883 953 1049 1020 abdicasse

125 1044 181 1099 ant
200 1036 399 1116 repudiasse,
434 1043 543 1097 eontra
571 1043 696 1096 nostrae
727 1037 865 1098 veritatis
892 1037 1048 1099 decretam

128 1120 275 1200 seribere,
298 1119 457 1199 multoque
478 1119 648 1200 impensius
669 1119 970 1201 admiramursquod
992 1121 1050 1182 dis·

125 1205 319 1284 putationem
340 1210 424 1264 tuam
446 1204 477 1262 in
500 1202 640 1280 lipsensi
661 1201 832 1284 Gymnasio
862 1204 1049 1267 salebratum

125 1288 162 1347 iri
184 1285 370 1366 prodideris,
399 1304 467 1346 oum
490 1284 580 1347 nobis
615 1285 791 1346 haedere
820 1286 896 1348 nihil
919 1292 1050 1366 oenotri,

125 1389 187 1430 nee
214 1369 317 1430 looum
345 1389 365 1430 a
390 1368 480 1430 nobis
509 1375 563 1429 aut
583 1368 739 1431 Illustriss.
762 1369 919 1450 Prinoipe‚
954 1372 1049 1432 munia

126 1452 329 1513 doentissimo
352 1453 449 1513 nostri
472 1450 570 1514 Stadii
591 1451 782 1532 Maddensis,
805 1454 1028 1533 impetraveris.

210 1533 343 1596 Proinde
387 1555 454 1595 oum
486 1535 549 1595 hoe
578 1536 781 1596 temeritatem
811 1538 1051 1618 praeseferat,

127 1639 147 1679 a
169 1639 231 1697 qua
250 1622 282 1680 te
296 1617 463 1679 abhorrere
474 1616 615 1697 ereditur,
638 1636 829 1698 magnopere
851 1619 1051 1698 obtestamur,

125 1723 169 1763 ne
191 1700 281 1762 nobis
303 1701 407 1761 inseiis
430 1720 508 1762 onus
537 1701 663 1781 aliquod
690 1702 828 1782 ingeras,
862 1709 916 1763 aut
942 1705 967 1763 si
995 1703 1050 1764 tibi

127 1787 282 1865 integrum
312 1791 374 1861 est,
405 1783 594 1864 palinodiam
620 1784 672 1845 vel
707 1785 817 1845 saltem
846 1787 983 1866 reoeptui
1011 1784 1051 1847 de

128 1876 183 1929 tuo
219 1866 363 1928 conflictu
392 1887 485 1930 canas
517 1868 548 1927 in
570 1866 726 1928 literarum
749 1873 868 1941 tuarum
890 1887 1052 1950 responso,

129 1949 213 2029 qnod
247 1970 266 2011 a
292 1957 325 2010 te
357 1949 579 2031 efflagitamus,
614 1949 715 2012 donee
747 1950 922 2030 disputandi
951 1952 1053 2013 loeum

129 2033 212 2114 apud
236 2052 292 2094 nos
317 2033 495 2096 obtinueris.
538 2032 594 2094 His
616 2034 722 2114 paneis
746 2034 826 2095 vele.
1024 2047 1027 2053 ’

211 2117 323 2178 Datum
358 2116 480 2197 Lipsiae
513 2115 569 2178 sub
604 2118 700 2177 nostri
729 2117 913 2178 Reotoratus
949 2118 1049 2199 signo,

128 2199 209 2263 xlx.
232 2199 396 2262 Februarii.

283 2283 373 2343 Anno
396 2283 550 2342 humanae
573 2282 679 2343 salutis
701 2282 741 2345 M.
764 2284 802 2344 D.
824 2281 906 2346 XlX.

565 2446 616 2511 Ill.

366 2561 474 2626 Lntlsri
496 2561 529 2625 ad
553 2562 760 2628 Garolortadinn
775 2562 815 2644 ²⁸).

128 2717 346 2780 Eruditissimo
376 2715 450 2776 Viro
478 2723 509 2778 et
529 2717 817 2798 Praestantissimo,
849 2719 885 2778 D.
908 2715 1052 2777 Andreae

127 2800 317 2862 Bodenstein
342 2798 532 2878 Carlstadio,
554 2802 731 2861 sincerioris
753 2801 932 2882 theologiae
954 2819 1053 2868 asser·

128 2885 188 2945 tori
211 2883 300 2944 taoile
322 2883 486 2963 primario,
508 2868 742 2946 Archidiaoond
759 2882 1052 2963 Vuittembergensi‚

252 2966 447 3045 Praeceptori
471 2985 508 3026 ao
528 2966 636 3028 Maiori
660 2987 715 3028 suo
739 2968 769 3028 in
794 2966 926 3028 Christo.

541 3121 634 3185 lesus.
679 3196 683 3202 .

212 3234 358 3296 Salutem.
410 3234 513 3297 Edidit
543 3237 654 3298 Ennius
689 3248 809 3310 noster,
843 3237 959 3318 inelyte
994 3236 1074 3311 vir‚'

127 3317 328 3397 antelatam,
360 3320 391 3378 in
421 3339 481 3399 qua
510 3321 681 3401 magnificis
713 3321 856 3402 ampullis
886 3319 1048 3381 verborum

200 3501 230 3570 ⁸)
252 3502 356 3555 Textus
375 3503 456 3555 huius
484 3520 526 3570 ap.
545 3505 678 3572 repetitus
700 3508 742 3555 est
760 3520 796 3555 ex
816 3501 955 3554 Aurilabri
987 3497 1050 3552 coll.

127 3574 198 3643 Epp.
217 3573 296 3626 Luth.
316 3573 342 3639 Ι,
368 3574 436 3642 158,
461 3575 522 3628 coll.
542 3592 604 3627 oum
624 3574 688 3629 edit.
707 3575 775 3627 len.
787 3582 814 3627 et
832 3579 914 3625 textu
936 3570 998 3624 edit.
1017 3569 1051 3621 de

129 3647 281 3700 Wettianas
301 3645 310 3696 l
331 3663 356 3713 p.
376 3645 437 3710 249,
457 3662 527 3714 quae
556 3648 680 3714 sequitur
705 3645 844 3701 libellum:
879 3641 1051 3711 „Disputatio

127 3717 240 3770 Domini
259 3715 325 3771 Joh.
339 3717 411 3769 Eccii
422 3722 449 3770 et
462 3717 494 3772 D.
504 3717 689 3771 Marthuther
707 3719 736 3770 in
750 3717 847 3771 Studio
859 3714 993 3784 lipsiensi
1013 3715 1052 3764 tu·

127 3788 306 3844 turo.1519.“
326 3792 335 3848 t
340 3787 487 3844 Loeseheri
494 3788 554 3847 Res.
564 3793 624 3844 Act.
630 3788 677 3856 111,
689 3787 750 3845 206.
762 3785 965 3854 Walamir,
975 3783 1050 3848 965.)
