2346 4208
126 263 190 330 334
375 267 465 321 Resul.
487 268 515 321 t.
535 282 620 336 super
638 267 834 336 Propcsltions

209 451 414 514 sacrosancta
434 455 576 516 Romana
602 454 735 515 ecclesia
759 457 850 535 (quia
880 456 961 518 aliae
979 474 1033 519 nou

123 544 259 614 sanctae,
281 544 334 596 aut
356 545 573 599 sacrosanctae
585 545 664 616 sunt,
687 540 778 598 etiam
801 541 827 600 si
842 540 956 600 eadem·
973 538 1032 617 tlte,

123 620 228 698 verbo,
251 629 456 701 sacramenta,
479 623 596 702 spiritu,
619 641 805 702 prorsusque
828 623 938 684 eadam
959 640 1031 684 sanc

123 705 209 763 titate
231 703 478 787 sanctificentur)
504 725 566 766 non
590 705 628 765 ab
651 706 813 785 apostolis,
836 707 893 767 sed
914 706 952 767 ab
972 706 1029 789 ipsu

123 787 256 846 Domino
286 795 317 847 et
346 788 507 849 Salvatore
534 790 697 868 primatum
726 788 877 869 obtinuit,
910 788 1026 850 sicutlt

123 870 213 930 Petro
237 869 327 929 dicit:
352 871 397 930 Tu
421 891 453 931 es
475 872 582 932 Petrus
605 879 663 932 etc.

206 953 238 1012 Si
262 954 371 1033 aliquis
401 956 560 1035 gentilium
591 957 635 1014 sic
667 957 781 1035 exponi
814 955 910 1017 verba
931 954 1025 1017 Christi

122 1036 256 1113 audiret,
290 1037 412 1116 quando
436 1039 626 1098 Christianus
661 1037 770 1099 fieret?
805 1039 903 1119 Igitur
935 1045 965 1098 et
988 1037 1025 1097 lis

123 1123 286 1200 primatum
309 1122 453 1201 intelligit
473 1141 529 1201 per
551 1121 694 1182 verbum:
718 1121 763 1181 Tu
785 1142 819 1183 es
841 1123 962 1199 Petrus,
982 1138 1022 1181 sau

125 1223 181 1283 per
202 1203 282 1261 hanc
304 1211 432 1282 petram.
476 1205 601 1286 Eligant
615 1212 717 1264 autem
738 1206 912 1280 (utiterum
934 1203 1022 1265 eaden

122 1294 291 1366 repetam),
314 1295 412 1347 utrum
436 1289 597 1348 valuerint.
642 1288 732 1349 Petra
746 1288 888 1350 hocloco
910 1295 962 1348 aut
978 1286 1022 1367 sip
1057 1318 1062 1325 ·

123 1369 227 1429 nificat
248 1368 340 1429 fidem
357 1370 496 1450 Spiritus,
519 1380 571 1431 aut
583 1373 748 1452 primatum
764 1373 911 1451 exterius,
931 1376 1021 1432 nuru

124 1471 183 1532 que
207 1455 288 1511 enirn
310 1455 399 1513 simul
421 1456 528 1535 nequit
550 1453 733 1535 significare.

205 1538 237 1598 Si
258 1535 361 1615 fidem,
383 1539 443 1596 iarn
468 1557 575 1598 omnes
590 1538 740 1598 ecclesiae
762 1557 856 1618 super
878 1556 945 1597 eam
965 1540 1019 1596 sunl

122 1619 318 1698 aedificatae,
343 1622 414 1699 quia
432 1622 569 1682 Christus
592 1621 681 1681 dicit:
704 1620 802 1700 Super
823 1620 905 1680 hanc
924 1626 1021 1701 petrau

41 1711 43 1715 '
122 1703 292 1764 aedificabo
317 1705 479 1764 ecclesiam
501 1724 612 1768 meam.
655 1705 739 1785 Ergo
768 1706 940 1784 cuicunque
967 1718 1021 1763 cur

121 1788 205 1846 venit
226 1786 285 1845 dici
308 1807 327 1846 a
349 1787 485 1848 Christo:
508 1788 650 1848 Ecclesia
666 1808 746 1866 meu,
767 1787 807 1847 ad
821 1787 952 1848 eandem
971 1802 1022 1867 per

122 1872 199 1930 tinet
225 1876 312 1951 petra
342 1879 373 1930 et
393 1879 515 1950 petrus,
540 1890 743 1951 superquam
766 1869 954 1931 aedificatur.
989 1866 1023 1929 lta

122 1953 197 2013 nihil
214 1956 375 2034 proprium
398 1955 539 2015 Romana
561 1956 694 2015 ecclesia
715 1955 824 2032 habet,
848 1954 917 2027 ⁵sed
939 1950 1024 2015 omnir

122 2044 193 2096 sunt
216 2039 401 2115 communia,
425 2039 496 2117 quia
518 2039 569 2098 ubi
591 2038 700 2097 eadem
722 2036 809 2117 fides,
832 2037 941 2098 eadem
961 2052 1024 2116 quu-

123 2138 183 2199 que
204 2128 342 2199 potestas
366 2122 513 2198 clavium,
548 2120 619 2181 fidei
651 2122 732 2180 enim
765 2127 796 2180 et
823 2129 931 2200 petrae
951 2118 1025 2180 drus
1065 2134 1068 2185 3

122 2210 194 2262 sunt
215 2203 318 2262 claves
341 2211 375 2263 ut
407 2212 500 2283 patet.
546 2204 578 2264 Si
612 2212 815 2284 potestatem,
848 2205 912 2263 iarn
933 2204 1025 2264 iterun

123 2305 230 2346 omnes
264 2295 335 2346 sunt
372 2289 518 2366 aequales
555 2289 720 2364 ecclesiae,
760 2287 830 2366 quia
872 2288 1026 2365 cuicunque

125 2370 236 2429 dicitur
257 2390 276 2428 a
288 2370 426 2431 Christo:
449 2370 590 2431 Ecclesia
603 2391 681 2450 mea,
704 2372 792 2430 simul
805 2369 929 2430 dicitur:
951 2364 1027 2431 Anti

121 2452 221 2513 licabo
245 2464 276 2512 te
297 2473 389 2533 supra
411 2463 540 2534 petram,
562 2454 593 2513 id
616 2461 677 2532 est,
699 2461 899 2534 potestatem.
942 2451 1027 2529 Quart

122 2536 278 2615 quaelibet
306 2539 439 2597 ecclesia
470 2539 531 2598 hoc
559 2538 651 2598 verbo
689 2539 746 2597 erit
773 2539 913 2597 omnium
934 2538 1027 2618 prima,

122 2621 194 2699 quia
215 2621 307 2680 habet
341 2621 469 2681 eandem
488 2628 622 2701 petram,
655 2640 715 2699 qua
736 2621 879 2681 Romana
912 2618 1028 2681 ecclesia

121 2704 270 2784 gloriatur
292 2723 361 2764 esse
384 2708 570 2785 seprimam.
618 2705 663 2764 lta
685 2703 851 2784 quoqu02)
877 2712 908 2765 te
930 2710 1028 2777 νοεῖν,

122 2806 244 2866 semper
266 2791 397 2847 accurrit
419 2797 449 2848 et
471 2791 586 2848 resistit
606 2788 661 2848 tibi
682 2789 829 2866 Christus,
852 2788 927 2848 dum
948 2783 1028 2848 suus

120 2872 196 2931 siam
216 2891 301 2930 suain
324 2892 416 2952 supra
438 2872 596 2952 petram2)
623 2871 780 2951 aedificat,
813 2891 873 2932 nec
894 2872 967 2932 sinit
984 2864 1033 2929 uli·

122 2955 297 3036 particulari
322 2957 478 3016 ecclesiae
498 2957 580 3015 hanc
601 2963 719 3037 petram
742 2956 948 3036 appropriari,
967 2950 1026 3015 ideo

121 3058 179 3098 nec
201 3039 332 3098 Petrum.
1065 3090 1068 3113 ,

205 3121 298 3181 Vides
339 3144 431 3204 ergo,
472 3123 554 3202 quod
589 3125 709 3184 unicum
744 3123 819 3184 illud
861 3136 1026 3204 prouentu,

121 3205 237 3283 Meam,
273 3216 417 3286 tanquam
454 3208 614 3286 crystallus
646 3208 808 3286 coelestis,
843 3224 954 3267 omues
981 3202 1025 3263 hal

121 3289 298 3349 Decretales
321 3290 492 3370 infrigidat,
530 3298 563 3350 ut
592 3299 663 3353 ante
688 3292 797 3352 faciem
826 3290 951 3371 frigoris
973 3286 1024 3347 au

121 3373 205 3433 nulla
219 3377 369 3435 sustinere
382 3377 491 3456 possit,
514 3376 584 3435 dum
600 3394 794 3436 communem
808 3382 940 3453 petram,
959 3384 1023 3433 aa*

120 3477 243 3518 munem
265 3468 468 3540 patestatem,
500 3479 679 3522 communes
702 3461 822 3536 claves,
846 3466 1021 3520 commuue!

156 3739 186 3799 1)
209 3741 238 3791 ln
259 3738 302 3792 ed.
321 3735 398 3791 len:
429 3751 611 3805 quocunque,
632 3742 659 3789 et
676 3737 705 3787 in
725 3734 767 3788 ed.
787 3735 897 3803 priore:
928 3738 1018 3804 quoquo

120 3818 211 3866 vertas
231 3818 265 3865 te.
302 3810 332 3877 3)
352 3810 382 3861 ln
402 3809 466 3863 edit.
486 3810 593 3878 priore:
612 3824 697 3876 super
714 3812 832 3876 petram.
