2346 4208
410 238 444 293 de
464 237 597 307 ecclesiae
616 247 763 311 potestate.
983 222 1059 307 375⁴

168 428 218 494 10.
240 425 292 488 sie
310 432 424 508 tamen,
449 435 483 491 ut
503 425 605 512 hae1)
630 428 903 491 ceremoniaenon
913 435 1052 511 pugnent

122 507 261 571 articulis
283 509 365 592 fidei,
387 520 440 572 aut
462 512 635 593 praeceptis
658 531 796 592 operum.

127 602 130 609 ’
168 596 218 656 11.
241 593 342 655 Etiam
357 596 412 675 sic,
436 597 540 657 utsint
553 596 592 656 de
611 594 759 675 possibili,
782 601 813 654 et
834 593 917 672 quod
939 594 969 654 in
985 595 1050 656 eius

124 696 219 737 manu
244 683 301 737 est.
862 712 864 714 ψ

169 761 219 823 12.
245 759 347 821 Etiam
369 762 428 840 sic,
452 768 485 822 ιι1
506 762 729 822 conscientiam
759 778 860 839 neque
882 760 978 840 ligent
998 780 1050 820 ue·

124 861 188 922 que
209 841 340 908 turbent.

136 994 139 999 ,
170 926 219 989 13.
241 924 343 987 Etiam
365 928 419 1002 sic,
443 934 477 987 ut
498 925 701 1007 temporales,
725 946 788 988 non
810 932 979 1006 perpetuae
999 925 1051 986 ha·

122 1006 278 1087 beantur,
306 1010 446 1090 quolibet
468 1009 519 1071 die
541 1017 574 1073 et
596 1029 668 1070 casu
692 1009 872 1087 mutabiles,
900 1016 931 1070 ct
953 1010 1052 1073 omitti

149 1097 283 1154 cientes.

125 1111 220 1237 Ρ11.
249 1175 441 1236 Coelibatum
476 1183 529 1235 aut
564 1181 638 1236 vota
670 1195 732 1236 non
766 1182 870 1255 potest
907 1175 1053 1236 mandare

125 1276 189 1319 nec
210 1257 347 1339 sibiipsi
370 1259 493 1337 quidem
528 1259 677 1335 ecclesia,
710 1258 804 1320 multo
841 1259 939 1319 miuus
973 1259 1052 1337 aliis,

128 1359 199 1403 curu
225 1361 287 1402 nou
310 1342 424 1402 sintin
448 1343 514 1402 eius
537 1361 639 1402 manu.

174 1426 221 1488 15.
243 1423 387 1486 Ecclesia
409 1444 483 1486 vero
507 1431 554 1485 est
576 1444 719 1485 numerus
742 1444 796 1483 seu
820 1423 963 1485 collectio
981 1423 1053 1504 bap-

126 1504 289 1566 tizatorum
313 1514 344 1568 et
365 1508 555 1569 credentium
579 1507 634 1568 sub
657 1526 718 1568 uno
748 1513 889 1586 pastore,
918 1508 983 1567 sive
1016 1507 1055 1566 sit

123 1590 218 1731 ιιιιὲιιε
242 1591 391 1670 civitatis,
426 1592 491 1652 sive
523 1592 615 1651 totius
638 1591 835 1670 provinciae,
868 1591 933 1650 sire
961 1591 1054 1650 totius

129 1691 166 1735 or
188 1691 226 1735 rs.

173 1757 221 1818 16.
249 1754 278 1815 Is
302 1763 408 1836 pastor
430 1776 484 1817 seu
512 1756 666 1836 praelatus
696 1755 771 1815 nihil
798 1753 892 1816 habet
920 1760 1055 1817 statuere

131 1838 223 1921 (quia
245 1857 309 1899 uon
331 1846 377 1926 est
400 1839 549 1914 ecclesia)
582 1840 639 1899 uisi
674 1840 887 1900 consentiente
920 1857 976 1901 sua
1005 1857 1055 1897 ec·

127 1920 233 1985 alesia.
622 1931 626 1935 ’

172 2007 221 2068 17.
244 2004 353 2076 Pastor
373 2004 497 2076 hortari,
511 2011 542 2065 et
563 2003 749 2085 persuadere
772 2011 876 2084 potest
891 2003 1053 2082 ecclesiae,

129 2094 163 2148 ut
195 2088 385 2163 consentiat,
418 2088 509 2148 certis
543 2087 719 2168 urgentibus
753 2087 871 2164 causis,
906 2087 963 2147 sibi
997 2087 1056 2167 ipsi

129 2169 291 2246 ieiunium,
325 2171 432 2250 ferias,
464 2189 586 2251 preces,
621 2179 674 2233 aut
701 2171 777 2232 alias
806 2170 997 2231 ceremonias
1024 2171 1054 2228 in

132 2262 255 2333 tempus
275 2252 455 2333 imponere,
485 2262 516 2314 et
543 2274 660 2314 rursum
694 2255 744 2315 ubi
774 2255 858 2315 volet
886 2261 1003 2331 mutare
1024 2260 1056 2313 et

133 2338 288 2399 omittere.

178 2418 225 2482 18.
255 2418 385 2479 Articuli
416 2417 487 2479 fidei
510 2426 541 2480 et
563 2425 730 2500 praecepta
752 2439 877 2499 operum
901 2438 962 2479 non
986 2439 1055 2498 pos·

133 2509 206 2563 sunt
228 2503 353 2579 mutari,
384 2503 578 2562 ceremoniae
607 2521 680 2563 vcro
704 2502 819 2563 debent
839 2521 894 2581 pro
918 2511 1057 2581 tempore

133 2586 253 2646 mutari.

178 2670 225 2732 19.
255 2667 348 2726 Nulla
375 2666 432 2726 luit
453 2667 569 2729 ruditas
591 2674 622 2727 et
642 2669 769 2728 asinitas
792 2667 889 2727 maior·
913 2685 1056 2745 uuquam,

134 2771 227 2832 quam
248 2749 448 2829 Papistarum,
472 2751 523 2829 qui
546 2751 737 2811 ceremonias
755 2769 812 2830 pro
828 2750 962 2809 articulis
975 2748 1057 2826 fidei,
1101 2827 1104 2835 ,

135 2833 248 2897 deinde
269 2832 493 2913 immutabiles,
516 2841 547 2894 et
568 2853 662 2894 uuum
685 2833 851 2893 membrum
875 2831 1056 2892 Pontificem

135 2917 236 2979 solum
258 2923 444 2996 potestatem
467 2917 547 2977 hanc
568 2916 683 2977 habere
705 2915 864 2976 deruduut.

178 3001 228 3066 20,
257 2997 350 3058 Nulla
371 2998 427 3059 suit
447 2998 583 3060 haeresis
616 3008 647 3058 et
675 2999 791 3059 malitia
819 2998 932 3076 maior,
965 3017 1056 3076 quem
1120 3054 1121 3058 ,

135 3085 346 3164 Papularum,
368 3083 419 3162 qui
442 3084 546 3143 omnia
567 3084 597 3143 in
623 3084 727 3142 omnia
750 3083 913 3142 miscentes
934 3088 967 3139 et
988 3100 1059 3140 con-

132 3166 300 3233 fundentes
321 3165 455 3227 articulis
486 3185 577 3245 peres
607 3167 797 3226 ceremonias
825 3164 968 3225 faciendo
991 3183 1057 3244 reg-

138 3269 210 3310 num
233 3248 419 3309 liberrimum
435 3248 546 3309 christi
567 3248 636 3329 plus
659 3268 749 3327 quam
765 3247 911 3308 servitute
923 3245 1059 3327 Aegypti

138 3341 171 3394 et
193 3331 361 3412 Babylonis
384 3338 610 3411 oppresserunt.

181 3419 231 3480 21.
254 3414 434 3474 Haereticus
457 3415 516 3474 dici
539 3434 601 3475 non
624 3421 736 3493 potest,
759 3414 809 3492 qui
833 3419 941 3473 contra
962 3412 1061 3472 ecele-

139 3500 205 3560 siae
227 3498 451 3559 ordinationem
474 3498 665 3558 ceremonias
689 3497 815 3575 omittit,
849 3496 921 3555 licet
944 3507 1061 3575 peccet,

140 3590 174 3642 ut
196 3581 337 3663 promissi
359 3600 422 3641 non
446 3600 587 3643 servans.

406 3727 563 3734 --—·—-—--

214 3822 243 3889 1)
264 3821 296 3874 In
314 3818 380 3875 edit.
401 3816 486 3885 orig.:
505 3830 563 3868 ese.
