2346 4208
166 249 231 320 Μ)
466 256 788 316 &sarculationis

166 443 297 523 imputet
317 442 393 520 sibi,
416 464 470 506 cnr
492 462 554 507 non
578 447 687 508 attulit.
731 445 854 507 Certum
877 449 934 521 est,
956 445 1099 509 Bornos.

168 526 239 586 dum
261 526 416 588 adversari
439 548 493 608 per
515 531 618 590 omnia
640 532 812 591 sententiae
834 528 1036 592 lutheranae.

249 615 286 687 7)
311 611 358 671 De
379 612 433 674 illo
457 613 619 673 Matthaei:
653 613 698 672 Tu
728 633 761 673 es
784 614 905 687 Petrus,
934 620 967 672 et
994 631 1099 692 super*

166 694 246 754 hanc
267 704 384 775 petram
408 703 465 758 etc.
491 715 563 755 vere
591 697 737 776 proponit
763 697 947 757 sententiam
969 695 1086 761 D.⁴Lu·

167 776 245 837 theri
262 778 397 857 pluribus
420 779 605 839 coniecturis
629 786 839 842 monstratam.
884 777 946 840 sed
967 779 1086 856 reticet,

166 859 248 939 quod
270 861 352 921 hano
373 868 490 940 petram
512 879 582 923 esse
600 863 725 923 Petrum
748 882 787 923 ex
809 862 993 942 Augustino,
1016 861 1102 925 His--

165 962 308 1024 ronymo,
331 943 507 1022 Ambrosio,
529 946 644 1022 Leone,
667 953 697 1006 et
710 945 778 1006 aliis
797 945 939 1026 produxi.
966 945 1009 1004 At
1021 944 1089 1021 hoc
1114 999 1117 1004 .

165 1027 204 1087 ad
219 1026 346 1088 iudices.
380 1027 440 1088 Sed
457 1027 519 1089 hoc
541 1030 658 1103 mirum,
682 1029 763 1108 quod
788 1029 900 1090 nedum
923 1027 1007 1104 mihi,
1028 1027 1085 1097 sed

165 1115 197 1169 et
217 1110 252 1172 l).
275 1110 409 1172 Luthero
430 1112 539 1172 falsum
563 1114 703 1190 imponit,
726 1132 792 1171 eum
817 1112 935 1173 scilicet
957 1129 1102 1189 respons,

165 1192 264 1270 disse,
292 1193 460 1273 Christum,
490 1195 560 1255 dum
589 1196 680 1257 Petro
708 1194 852 1255 dixisset:
888 1195 986 1255 Pasce
1008 1211 1086 1257 oves

165 1295 264 1351 meas,
295 1284 368 1355 post
395 1277 455 1338 hoc
483 1285 575 1358 apost
562 1278 633 1340 tolis
656 1298 760 1358 parem
784 1282 972 1357 potestatem
995 1275 1086 1341 tradi·

164 1364 242 1420 tamr
265 1358 404 1440 Accipite
426 1361 519 1441 Spirit
520 1382 570 1422 um
594 1362 740 1422 Sanctum
763 1368 832 1438 etc,
854 1379 922 1420 cum
935 1359 1086 1421 Martinus

162 1460 220 1538 pro
239 1462 295 1503 sua
317 1445 489 1506 eruditione
511 1465 574 1506 non
597 1452 659 1505 tam
681 1443 773 1504 foede
794 1444 898 1524 lapsus
922 1461 991 1503 esse
1014 1461 1085 1521 pos·

163 1525 220 1586 sit.-
242 1525 304 1586 sed
326 1529 370 1587 ita
392 1529 504 1605 evenit,
525 1529 596 1588 dum
620 1537 705 1587 sutor
726 1527 806 1587 ultra
828 1525 985 1606 crepidam
1007 1524 1085 1585 indi-

163 1615 224 1668 cet.
260 1608 328 1670 Hoc
350 1611 420 1672 loco
443 1631 560 1672 excuso
582 1612 619 1671 D.
642 1610 815 1688 Martinam,
838 1627 974 1670 errorem
996 1608 1085 1668 illum

161 1710 218 1771 per
238 1711 308 1752 enm
331 1713 393 1754 non
416 1694 593 1758 admissum.

244 1773 282 1858 8)
306 1777 427 1857 Pungit,
448 1778 531 1856 quod
545 1779 700 1852 haereses,
724 1775 1085 1851 Bohernicaefnctiones,

163 1863 194 1918 et
214 1858 245 1918 id
267 1879 365 1940 genus
386 1860 447 1920 alia
470 1862 600 1920 crimina
620 1861 733 1919 luerint
748 1859 783 1918 D.
801 1859 932 1918 Martino
951 1857 1085 1919 obiecta.

51 1947 54 1951 ’
162 1940 223 2001 Sed
255 1944 378 2020 reticet,
413 1943 494 2021 quod
533 1963 590 2022 pro
623 1943 684 2003 lide
713 1942 887 2002 Christiana
920 1940 951 2003 id
982 1940 1086 2003 lacere
1160 2006 1164 2017 ,

162 2044 229 2084 sum
258 2032 399 2102 coactus,
427 2025 499 2086 dum
525 2027 605 2106 ipse.
621 2031 772 2086 assereret
794 2025 915 2104 aliquos
937 2024 1085 2087 articulos

161 2107 306 2168 Iohannis
326 2108 406 2167 Hnss
429 2108 575 2169 haeretici
590 2109 820 2170 constantiensi
843 2107 976 2168 concilio
999 2106 1085 2169 dam·

161 2196 252 2250 natos
282 2209 349 2250 esse
373 2190 483 2252 Christ
463 2194 649 2252 tranissimos
678 2201 710 2252 et
738 2192 946 2286 evangelicos
991 2189 1085 2265 Quod

162 2291 253 2353 quam
284 2273 448 2353 prudenter
475 2277 596 2352 lecerit,
628 2274 845 2354 ntPhilippus
874 2275 932 2348 ait,
964 2273 1084 2335 iudices

160 2360 305 2417 statuent.

244 2438 281 2522 9)
305 2427 612 2523 Imponitmilri,ut1)
629 2441 790 2521 apostolos
803 2439 969 2518 aequales'
958 2459 992 2498 ιιι
1007 2458 1082 2520 apo·

162 2521 276 2582 stolatu
300 2522 439 2603 dixerim,
461 2525 517 2585 sed
538 2545 600 2586 non
624 2524 770 2621 aequales
793 2524 969 2603 episcopos
1013 2522 1084 2584 Hoc

161 2611 264 2665 autem
285 2613 333 2667 est
355 2609 508 2668 somnium
530 2608 730 2688 grammatici,
754 2609 816 2667 rion
838 2605 902 2665 dict
890 2611 953 2664 tum
974 2603 1084 2666 Eccia-

161 2704 242 2748 nom.
270 2690 340 2750 Dixi
357 2693 501 2834 aequales
524 2691 617 2751 fnisse
641 2697 732 2785 apost
720 2689 797 2750 ttola
786 2697 828 2768 tu,
850 2687 959 2749 ordine
982 2707 1084 2749 sacer·

161 2770 236 2832 dotii
251 2779 281 2832 et
298 2776 506 2853 episcopatus,
529 2773 583 2834 sed
600 2793 664 2834 non
682 2774 713 2831 in
736 2772 956 2834 commissione
978 2776 1009 2831 et
997 2771 1084 2832 t-ad

161 2855 385 2917 ministratione
407 2859 573 2937 regiminis.
616 2856 650 2916 ld
673 2855 755 2933 qnod
778 2855 808 2915 S.
830 2855 910 2933 lieu,
931 2853 1084 2934 Hierony-

162 2955 229 2998 mus
246 2946 277 2999 et
288 2940 461 3020 Cyprianus
483 2940 656 3020 voluerunt,
679 2938 760 2998 unde
783 2937 947 2998 literatoris
970 2939 1084 2998 ratiun-

162 3021 261 3082 culam
285 3023 487 3103 parvipendo.

245 3103 302 3186 10)
327 3106 453 3186 Opinari
487 3125 536 3166 me
570 3105 689 3180 scribit,
723 3124 740 3163 a
771 3103 892 3163 Christo
861 3103 1084 3182 toapostolos

161 3187 258 3248 lectos
281 3207 359 3266 esse,
382 3188 436 3250 sed
460 3209 479 3248 o
499 3189 589 3249 Petro
613 3150 771 3248 ordiiratos
796 3187 972 3266 episcopos
1014 3186 1085 3247 Hoc

161 3270 282 3330 crodius
305 3275 460 3351 proponit,
483 3291 573 3350 quam
590 3290 654 3368 ego
677 3270 891 3350 expresserim.
922 3269 1085 3330 Sententia

161 3371 232 3414 mea
253 3355 370 3414 luitt
330 3365 370 3414 ιιι
371 3374 398 3433 a,
421 3375 483 3416 non
507 3357 630 3414 memini
654 3373 702 3414 me
724 3354 848 3434 legisse,
871 3351 922 3412 obi
944 3352 1081 3448 apostoli

160 3437 272 3497 fuerint
285 3438 417 3499 ordinati
440 3440 588 3534 episcopi,
609 3445 711 3498 tamen
735 3436 905 3496 communis
928 3436 1085 3496 sententie

161 3516 268 3597 habet,
292 3534 347 3582 cos
371 3521 559 3582 ordinatos
550 3542 585 3581 ιιι
605 3519 813 3582 sacerdotes
805 3538 837 3578 ιιι
858 3536 958 3579 coena
980 3519 1083 3579 novis·

160 3603 245 3663 simo.
291 3603 392 3678 Quare
422 3624 545 3684 possem
573 3606 684 3665 referre
707 3601 932 3664 ordinationem
956 3609 1081 3680 aposto-

220 3794 246 3857 1)
266 3793 297 3845 ln
318 3792 360 3848 od.
378 3794 455 3849 den:
475 3792 558 3863 quod.
