2346 4208
170 244 236 309 448
487 246 518 298 v-,
537 245 642 299 Coum
661 245 694 298 D.
712 245 747 297 Ι.
765 245 844 297 Loth.

174 447 305 508 conque.
348 429 423 489 Post
443 429 562 509 lapsum
590 431 645 489 viri
672 435 705 490 at
726 430 860 489 mulieris
877 428 1009 490 allectus
1030 447 1098 490 oor·

173 514 340 594 mptissimi
362 522 442 591 sunt,
464 513 587 591 quando
607 514 705 573 maior
727 532 798 592 pars
820 531 884 573 non
907 512 1097 573 obmumnm

173 596 336 674 auxilium,
370 597 437 655 sinc
459 595 622 655 liberorum
644 614 768 674 amore,
792 603 825 656 ut
845 597 1015 656 institutu-
1038 606 1097 671 ost,

172 680 375 754 conveniunt,
408 679 479 757 quin
510 681 607 759 magis
637 679 675 738 ad
698 679 882 758 explendam
905 681 1008 739 carnis
1030 677 1096 739 lihi-

173 761 286 823 dinem.

256 845 391 921 Quarto,
423 846 650 905 matrimonium
679 845 826 904 diiudicat
852 846 931 904 inter
962 865 1097 924 amores,

173 931 231 989 viri
252 936 284 988 et
304 929 409 988 uxoris
431 947 567 988 amorem
588 928 848 988 maximum‘csse
869 935 994 1007 oportet
1016 929 1098 990 inter

173 1014 336 1072 universos
358 1029 491 1071 amores.
535 1010 586 1071 Sic
615 1013 697 1071 enim
725 1012 872 1091 scriptum
903 1010 1015 1093 est*]:
1038 1012 1096 1074 Re

173 1096 290 1174 linquet
321 1094 414 1153 homo
452 1103 569 1172 patrem
606 1103 637 1155 et
671 1104 816 1170 matrem,
853 1101 884 1154 ot
916 1093 1098 1157 adhaerebit

174 1179 263 1238 uxori
284 1196 369 1251 auae,
389 1196 469 1236 uxor
491 1178 624 1237 vicissim
647 1179 713 1237 viro
738 1196 805 1253 sno,
828 1176 902 1237 boni
919 1177 1021 1238 adhuc
1044 1179 1096 1238 ho·

172 1261 223 1322 die
245 1260 419 1321 observant.

256 1343 374 1404 Deinde
396 1342 581 1419 notandum,
603 1343 686 1421 quod
710 1343 821 1423 triplex
843 1350 892 1404 cst
913 1362 1018 1422 amor,
1041 1344 1095 1404 fal-

173 1447 236 1506 sus,
258 1426 415 1503 naturalis,
437 1427 619 1505 coniugalis.
663 1427 770 1487 Falsus
793 1445 881 1488 amor
904 1429 1025 1505 quaerit
1046 1447 1096 1507 pe·

174 1512 311 1588 cuniam,
338 1510 504 1582 honorem,
527 1528 625 1588 opes,
649 1510 792 1570 mulieres
816 1528 939 1588 quoqne
961 1510 1095 1589 prohibi-

173 1602 221 1655 tas
243 1612 284 1653 cx
306 1601 473 1673 praecepto
495 1593 563 1653 Dei,
605 1593 760 1653 Naturalis
782 1604 830 1652 est
851 1594 931 1653 inter
952 1601 1096 1673 parentes

173 1683 206 1738 at
236 1677 372 1756 prolem,
408 1675 516 1736 tratres
550 1683 581 1735 ct
614 1695 737 1736 sorores
769 1682 802 1734 ct
835 1679 1096 1755 consanguineos.

108 1767 110 1770 ’
173 1761 294 1822 Tertius
316 1777 405 1836 vero,
439 1760 491 1837 qui
515 1759 687 1838 coniugalis
716 1759 842 1834 dicitur,
878 1759 956 1818 duos
979 1760 1096 1840 primos

174 1843 330 1905 excedens
352 1862 407 1902 ceu
431 1843 510 1921 ignis
532 1842 637 1920 ardet,
660 1841 735 1902 nihil
756 1843 892 1921 quaerit,
921 1841 994 1902 nihil
1017 1842 1097 1903 dasi-

173 1927 262 1988 derat
283 1932 404 2005 practer
426 1926 599 2004 coniugem.
643 1925 695 1986 Sic
723 1926 804 1989 enirn
826 1926 942 2003 inquit:
965 1924 1032 1985 Neo
1053 1945 1099 1986 ar-

174 2019 300 2092 gentum
326 2017 409 2068 tuum
433 2026 491 2067 nec
512 2027 634 2081 aurum,
670 2028 770 2088 neque
801 2008 862 2068 hoc
889 2026 992 2086 neque
1013 2008 1099 2084 illud,

175 2093 231 2155 scd
259 2099 290 2152 te
318 2091 407 2166 volo,
440 2097 472 2151 ot
493 2099 615 2170 praeter
652 2099 682 2152 te
714 2090 789 2151 nihil
817 2110 952 2170 prorsus.
996 2091 1098 2152 Ceteri

139 2204 149 2231 l
175 2194 297 2238 amores
320 2174 399 2235 ultra
420 2173 461 2252 id,
484 2173 565 2252 quod
590 2173 876 2241 videntur'amare,
899 2173 981 2234 aliud
1004 2193 1098 2254 quae-

173 2261 282 2337 ritant,
316 2257 369 2318 sed
393 2257 563 2337 coniugalis
591 2257 622 2318 id
652 2257 734 2336 quod
757 2257 856 2337 diligit
877 2264 974 2319 totum
998 2261 1097 2338 possi-

176 2343 249 2404 dere
271 2340 344 2403 vult.
389 2339 479 2414 Quod
513 2342 538 2400 si
568 2340 667 2400 Adam
699 2343 729 2400 in
753 2343 929 2401 innocentia
957 2360 1098 2420 persero·

175 2432 289 2503 rasset,
321 2423 618 2504 exoptabilissimum
649 2444 747 2484 rerum
772 2425 908 2485 omnium
937 2423 1099 2484 duceretur

175 2527 323 2590 sponsum
345 2527 414 2568 esse
435 2508 485 2568 vel
508 2525 664 2587 sponsam.

258 2591 466 2651 Veruntamen
501 2590 553 2650 ille
582 2609 669 2650 amor
696 2592 757 2649 iam
791 2591 927 2669 impurus
960 2589 1098 2650 redditus

176 2682 243 2750 eat,
282 2673 531 2754 quandoquidem
565 2682 691 2752 uterque
726 2674 892 2753 coniugum
929 2674 959 2732 in
997 2672 1097 2733 altero

176 2761 304 2838 quaerit,
328 2776 388 2837 quo
406 2757 680 2836 concupiscentiae
698 2756 797 2816 malac
819 2756 996 2818 sahslooiat.
1019 2755 1099 2816 Hinc

176 2848 238 2920 cst,
270 2840 351 2921 quod
382 2841 443 2900 hoc
465 2847 604 2919 tempore
627 2845 723 2900 status
746 2839 978 2899 matrimonialis
1001 2840 1099 2899 since-

175 2944 227 2985 rus
249 2931 281 2986 et
302 2926 368 2985 sine
389 2932 518 3004 peccato
542 2942 611 2983 esse
633 2924 684 2983 vix
707 2924 815 3002 possit,
858 2921 912 2982 Est
935 2923 1016 2982 enim
1041 2941 1099 2983 ceu

176 3007 330 3088 hospitale
351 3005 555 3085 infirmorum,
590 3006 713 3086 quando
747 3006 941 3065 matrimonio
974 3023 1098 3084 praeca-

174 3099 272 3169 vetur,
296 3110 335 3151 ne
357 3109 533 3150 corruamus
555 3091 584 3149 iu
607 3091 750 3169 graviora
771 3087 893 3151 delicta.
935 3088 1098 3149 Innocenti

176 3175 264 3237 Adae
285 3174 462 3235 facillimum
496 3181 561 3233 erat
582 3172 787 3253 virginitatem
811 3190 933 3232 servare
956 3178 988 3231 ct
1009 3173 1098 3232 casti-

176 3266 281 3338 tatem,
304 3256 386 3338 qnod
411 3267 517 3317 nostra
539 3262 641 3316 aetate
663 3257 729 3315 sine
752 3255 899 3334 singulari
921 3256 1020 3334 gratia
1042 3254 1099 3315 Dei

176 3343 228 3402 vix
262 3340 409 3422 possibile
438 3340 537 3400 fuerit.
592 3338 786 3419 Quapropter
825 3356 925 3418 neque
961 3337 1100 3398 Christus

54 3454 60 3464 ·
177 3427 334 3509 praecepit
347 3425 530 3499 castitatem,
544 3440 645 3500 neque
661 3422 771 3500 aliquis
784 3420 1006 3501 apostolorum,
1029 3439 1098 3481 oum

176 3508 399 3589 praedicarent.
453 3506 588 3566 Tametsi
625 3505 708 3565 illam
753 3504 842 3564 nobis
888 3506 1098 3583 maximopere

177 3591 412 3669 commendent,
445 3588 643 3650 consulentes
672 3597 704 3648 et
724 3589 862 3684 praemio
885 3586 1098 3664 sollicitantes,

248 3785 279 3849 1·)
303 3732 485 3837 hastath
