2346 4208
118 229 190 303 216
316 231 471 300 Disputatio
490 212 598 298 Lipsiae
616 230 712 283 habita
730 244 756 285 a.
777 227 838 283 lllX

121 417 204 487 euim
227 416 367 496 quaestio
391 422 464 495 est,
487 434 526 475 an
548 415 632 476 Dens
659 422 770 497 peccat
771 435 822 477 um
849 416 978 477 inultum
998 414 1032 477 di·

121 501 238 578 mittat,
271 498 352 578 quod
382 499 456 560 satis
489 500 616 580 copiose
637 499 782 580 probavi,
817 499 872 561 sed
901 520 941 561 au
961 518 1033 580 paps

122 583 173 645 vel
201 583 335 645 ecclesia
360 583 436 644 remi
439 588 514 660 tut,
553 602 629 662 quas
663 598 781 664 poenus
810 584 896 645 Deus
929 583 1033 665 exigat

120 667 168 729 De
190 667 252 729 boc
272 666 348 727 nibil
372 665 528 746 probavit,
561 666 644 746 quod
666 665 806 746 relinquo
831 666 948 728 iudicio
968 664 1032 727 inu

122 768 191 812 cum
212 755 246 811 ct
269 750 406 811 omnium
427 749 611 810 auditorum

203 834 319 907 Tertio
341 831 470 894 obticuit
489 833 583 894 hodie
605 832 777 913 Scripturas
801 840 944 912 sanctas,
972 831 1032 893 ideo

120 917 201 987 sto'
193 937 225 977 ιιι
248 917 314 978 eius
337 914 521 996 probatione
543 917 688 978 hesterna
709 917 815 996 prima,
838 936 879 977 ex
900 915 996 979 Gerre.
1010 916 1032 991 3,

121 998 174 1061 ubi
195 998 348 1080 probavit,
370 1018 488 1079 poenas
509 1001 621 1079 requiri
645 1020 664 1061 a
685 1001 763 1077 Deo,
786 1018 862 1078 quus
884 998 928 1060 ibi
945 999 1031 1079 Scn’p

122 1088 191 1144 ture
213 1081 349 1144 ostendit
369 1083 603 1144 irremissibiles.
643 1083 755 1161 Doleo,
777 1081 860 1162 quod
881 1082 920 1143 D.
942 1082 980 1143 D.
999 1083 1033 1143 ita

121 1165 274 1246 profunde
301 1172 443 1246 penetrat
471 1166 661 1246 Scripturas,
697 1167 774 1226 sicut
811 1165 910 1246 tipula
937 1184 1033 1245 aquas,

121 1249 184 1311 imo
207 1248 327 1310 videtur
353 1248 459 1329 fugere
490 1270 508 1310 a
535 1250 756 1326 ducissarum,
793 1249 872 1310 sicut
902 1248 1032 1311 distem

123 1350 252 1393 crucem.
295 1331 407 1410 Quare,
430 1332 523 1393 salvis
544 1333 724 1393 reverentiis
746 1332 880 1411 Petrum,
903 1333 1032 1413 praefero

123 1435 183 1495 ego
205 1416 401 1477 autoritatem
425 1415 617 1497 Scripturae,
653 1415 735 1496 quod
759 1415 947 1478 commendo
965 1413 1031 1476 iudi·

122 1497 208 1561 cibus
230 1498 347 1561 futuris.

219 1725 229 1761 Ι
472 1667 697 1730 Eccins.

205 1816 286 1894 Quia
317 1819 482 1899 impatiens
519 1819 691 1881 monachus
724 1819 861 1879 scurrilia
892 1818 1030 1898 quaedam

122 1899 250 1978 addidit,
272 1910 395 1982 praeter
416 1903 597 1983 gravitatem
616 1902 834 1982 theologicam,
857 1902 897 1962 de
919 1921 978 1982 quo
997 1902 1032 1961 in·

123 1985 200 2066 tegri
223 1985 278 2044 viri
300 1984 446 2063 iudicent,
470 2005 509 2046 an
533 1993 615 2045 recte
637 1985 808 2045 induxerim
826 1992 943 2047 contre
965 2002 1032 2059 eun,

122 2068 239 2129 iudices
260 2067 448 2129 iudicabunt.
493 2067 554 2129 Sed
584 2069 664 2128 hanc
691 2068 786 2128 fuisse
810 2069 968 2128 materiem
991 2085 1032 2127 no

122 2157 231 2229 stram,
263 2157 349 2230 petet
378 2170 416 2211 ex
439 2150 648 2213 conclusione
669 2152 698 2216 4.
723 2149 842 2229 dicere,
878 2151 976 2212 Deum
995 2168 1031 2211 ro

122 2230 273 2294 mittendo
299 2234 421 2313 culpam
450 2236 604 2294 remittere
626 2253 762 2314 poenam
785 2241 843 2294 etc.
888 2234 958 2295 Hoo
977 2236 1032 2293 eru

121 2336 228 2377 saxum
253 2335 308 2395 per
329 2335 386 2377 uos
409 2316 614 2390 volvendum,
652 2325 682 2377 et
710 2317 781 2396 quia
803 2317 936 2396 praefert
957 2323 1029 2376 auto

121 2399 242 2459 ritatem
266 2416 375 2461 sacrae
397 2399 571 2479 Scripturas
584 2399 737 2478 Patribus,
763 2400 850 2478 quasi
871 2402 939 2478 ipse
961 2399 1032 2459 velut

121 2481 251 2541 alterum
275 2482 432 2543 oraculum
450 2482 603 2563 Apollinis
634 2483 719 2543 solus
742 2482 855 2542 habeat
843 2482 1030 2564 tScriptura·

121 2583 188 2624 rum
210 2565 463 2645 intelligentiam,
496 2565 627 2629 ultraS
651 2566 776 2644 Patres,
806 2573 837 2625 et
858 2571 1030 2647 apparenter

121 2646 239 2708 inducit
260 2649 456 2710 autoritatem
478 2649 544 2709 heri
567 2669 621 2729 per
639 2668 688 2708 me
712 2650 844 2708 citatam.
868 2649 947 2710 Dico
971 2649 1030 2709 duo.

203 2729 305 2791 Primo
338 2751 388 2792 me
409 2731 610 2792 adduxisse
603 2752 633 2791 ιιι
661 2751 730 2792 eum
753 2731 861 2809 finem,
884 2739 918 2792 ut
941 2739 1031 2793 osten·

121 2810 254 2882 deretur,
277 2832 345 2873 cum
369 2815 481 2893 impius
503 2835 577 2875 aver
578 2817 665 2875 tisset
688 2835 721 2874 se
744 2814 782 2874 ab
805 2816 954 2876 iniustitia
976 2831 1032 2883 sus,

122 2896 219 2957 Deum
249 2895 350 2957 adhuc
379 2897 551 2976 recordari,
584 2917 647 2959 non
679 2896 782 2977 quoad
815 2897 955 2979 culpam,
986 2890 1033 2957 sed

120 2978 233 3123 puoad
235 2998 391 3124 poenam,
413 2980 496 3060 quod
518 2945 592 3041 fdcit
580 2988 669 3060 tpro
684 2968 884 3042 Scholasticis
908 2989 939 3041 et
953 2980 1033 3041 Pras·

140 3068 235 3123 rcentr
258 3083 293 3123 us

203 3144 364 3225 Secundo,
394 3164 461 3205 cum
483 3146 670 3207 reverendus
692 3146 782 3205 Pater
803 3145 935 3207 reflectit
957 3152 1036 3208 auto

119 3228 191 3288 ritat
179 3238 240 3288 tem
263 3227 347 3288 illam
371 3237 444 3289 cont
445 3249 478 3289 ra
500 3249 564 3307 me,
594 3231 667 3308 quia
688 3246 810 3308 poenae
831 3231 857 3288 is
861 3235 912 3290 tae
934 3250 954 3291 a
974 3231 1037 3291 uec

120 3320 230 3392 peccat
231 3332 250 3371 o
218 3311 360 3372 tAdee
388 3312 553 3392 impositae
582 3314 643 3373 sint
663 3312 888 3374 irremissibiles
917 3333 934 3375 a
958 3314 1041 3395 Papo

120 3394 314 3473 ethomme,
349 3414 452 3455 verum
476 3404 539 3471 est,
569 3397 635 3456 etf
632 3401 728 3456 at.e0r
772 3393 850 3469 Quia
871 3397 950 3456 istae
973 3396 1042 3457 sunt

121 3496 261 3573 poenae,
293 3496 371 3556 quae
402 3497 464 3539 nou
488 3442 588 3540 solum
612 3486 841 3558 consequuntur
866 3496 1045 3557 personam,

121 3559 177 3621 sed
200 3561 293 3621 etiam
316 3570 546 3642 consequuntur
567 3570 727 3639 naturam,
758 3569 789 3621 et
811 3580 885 3640 ergo
909 3580 974 3623 uon
997 3560 1048 3624 est

1 3718 3 3726 y
119 3643 246 3720 mirum,
282 3643 364 3721 quod
392 3645 471 3706 istae
499 3663 621 3725 poenae
655 3648 727 3706 suut
757 3643 983 3707 irremissibiles
1004 3644 1047 3707 ab

119 3725 262 3805 bomine,
284 3725 340 3788 sed
361 3746 417 3808 per
438 3728 500 3791 hoc
522 3746 586 3790 uon
608 3726 773 3810 probatur,
794 3745 915 3808 poenas
937 3746 1050 3810 persor
