2346 4208
266 257 317 313 per
336 244 464 312 Episcop.
484 243 602 313 Frising.
623 242 785 311 publicatur.
921 237 984 308 301

65 427 166 486 nostri
189 426 294 508 Papae
323 427 363 488 ad
395 427 472 488 infra
494 430 607 509 scripta
629 428 789 502 nuncium,
824 426 884 486 iam
915 445 981 488 sae-

60 510 131 590 pius
154 529 223 569 esse
244 512 423 591 requisitos,
457 520 607 591 quatenus
629 511 754 573 easdem
776 509 879 569 literas
895 509 978 590 Apo·

61 592 189 653 stolicas
218 613 271 653 seu
293 594 412 655 illarum
436 600 641 676 transsumpta
662 594 786 675 publica
807 612 863 673 per
884 592 980 653 dictas

62 676 218 737 civitatem
242 685 273 737 et
295 677 441 738 diocesim
464 687 585 740 nostras
608 678 755 760 publicari
778 694 960 736 curaremus.

146 759 235 820 Unde
247 761 438 840 requisitioni
454 781 490 822 ac
506 763 656 822 mandatis
668 760 857 842 Apostolicis
878 759 980 819 huius-

61 841 148 902 modi
177 862 215 902 ex
238 844 343 906 debito
366 843 561 906 obedientiae
584 848 796 925 obtemperare
831 843 980 920 volentes,

61 925 152 985 vobis
186 929 327 989 omnibus
366 934 397 987 et
428 928 555 1009 singulis
593 928 774 1010 supradictis
806 927 837 986 in
871 927 981 985 virtute

61 1013 189 1069 sanctae
211 1011 405 1072 obedientiae
443 1018 474 1071 et
503 1012 558 1073 sub
580 1013 690 1092 poenis
720 1012 752 1071 in
774 1009 863 1070 dictis
886 1009 981 1068 literis

61 1092 253 1172 Apostolicis
277 1095 429 1155 contentis
463 1096 567 1156 stricte
599 1094 821 1176 praecipiendo
857 1090 981 1152 manda-

60 1194 141 1251 mus,
164 1184 326 1256 quatenus,
345 1184 508 1257 postquam
531 1180 638 1258 vigore
660 1177 869 1258 praesentium
892 1175 981 1235 fueri·

60 1259 101 1318 tis
122 1260 269 1339 requisiti,
292 1280 346 1320 seu
372 1261 448 1320 alter
459 1270 593 1322 vestrum
615 1262 705 1322 luerit
725 1261 897 1341 requisitus,
920 1258 981 1318 dic·

60 1347 109 1400 tas
130 1341 234 1402 literas
255 1343 454 1424 Apostolicas
485 1364 539 1405 seu
568 1366 671 1405 earum
701 1349 908 1423 transsumpta
928 1360 980 1421 pu-

59 1423 142 1485 bliea
164 1427 328 1506 omniaque
351 1434 382 1487 et
403 1428 523 1507 singula
544 1429 575 1487 in
599 1429 642 1488 eis
665 1434 827 1504 contenta,
857 1428 887 1485 in
910 1442 981 1484 oon-

60 1507 201 1568 eionibus
231 1510 428 1570 ecclesiarum
463 1518 494 1571 et
521 1512 775 1571 monasteriorum
803 1515 984 1583 vestrorum,

60 1608 99 1649 ae
120 1591 203 1670 alibi,
227 1594 288 1672 ubi,
312 1592 435 1673 quando
458 1601 489 1653 et
498 1596 641 1672 quotiens
654 1613 732 1673 opus
747 1592 847 1668 fuerit,
870 1589 982 1650 Christi

59 1672 203 1734 fidelibus
225 1674 389 1756 diligenter
411 1676 572 1755 publicetis
595 1686 626 1737 et
641 1677 804 1752 intimetis,
827 1692 864 1733 ac
884 1673 980 1753 publi·

60 1758 123 1816 cari
146 1764 177 1817 et
197 1759 329 1819 intimari
349 1760 529 1839 permittatis
552 1767 584 1820 et
604 1761 733 1837 faciatis,
756 1776 863 1819 omnes
879 1762 910 1835 et
923 1757 981 1816 sin-

58 1840 151 1920 gulos
168 1840 279 1902 Christi
301 1842 408 1903 fideles
431 1843 623 1924 supradictos
635 1842 767 1903 fideliter
779 1837 983 1917 exhortando,

60 1930 94 1983 ut
116 1922 154 1983 ab
186 1925 338 1986 erroribus
371 1934 401 1985 et
423 1926 563 1987 doctrina
591 1927 718 2006 praefati
740 1925 840 1985 fratris
863 1922 983 1983 Martini

59 2004 173 2067 Luther
194 2009 226 2068 in
246 2008 334 2068 dictis
350 2009 444 2070 literis
455 2009 644 2091 Apostolicis
667 2008 844 2089 designatis,
866 2024 983 2067 eorum·

60 2108 121 2169 que
143 2091 391 2171 praedicatione,
420 2093 642 2173 publicatione,
665 2092 852 2166 assertione,
880 2089 982 2149 defen-

60 2174 165 2250 sione,
197 2175 371 2236 libellorum
400 2183 431 2236 ct
453 2178 666 2257 scripturarum
697 2176 833 2236 edil-ione
857 2173 982 2234 omnino

62 2254 259 2336 abstineant3
286 2277 385 2337 neque
409 2258 546 2338 libellos,
568 2261 832 2340 praedicationes,
855 2258 984 2335 scriptu-

59 2359 110 2400 ras
134 2342 201 2400 sive
223 2341 386 2402 schedulas
398 2362 557 2403 erroneam
574 2345 744 2404 doctrinam
769 2343 840 2402 dicti
862 2339 984 2400 Martini

59 2421 173 2483 Luther
195 2427 226 2484 in
249 2444 283 2484 se
307 2427 499 2486 continentes
523 2427 561 2487 de
584 2438 686 2487 cetero
709 2426 851 2503 laudent,
883 2423 984 2502 impri-

60 2514 162 2584 mant,
195 2508 345 2586 vendant,
379 2508 551 2587 publicent,
585 2511 650 2570 sive
673 2508 839 2570 defendant
861 2505 984 2588 publice

60 2588 109 2650 vel
132 2591 262 2669 occulte,
285 2592 475 2652 auteosdem
496 2594 526 2651 iu
545 2612 650 2653 eornm
673 2591 814 2653 domibus
837 2591 903 2650 sive
916 2588 983 2647 aliis

60 2672 139 2733 locis
163 2684 267 2734 tenere
290 2694 343 2734 seu
379 2675 551 2753 occultare,
587 2694 710 2754 quoquo
745 2674 837 2735 modo
861 2690 986 2755 praesu-

61 2764 156 2834 mant,
179 2758 228 2817 vel
252 2758 361 2837 aliquis
384 2778 489 2819 eorum
507 2768 700 2838 praesumat3
722 2758 794 2837 quin
817 2759 880 2818 imo
902 2754 985 2830 illos,

59 2845 132 2920 post
154 2840 395 2918 publicationem
419 2843 636 2922 praesentium,
660 2841 809 2902 Praelatio
832 2844 863 2900 et
886 2840 983 2900 Deca-

59 2922 107 2981 nis
131 2922 341 3003 Capitulcrum
369 2923 408 2984 ad
443 2924 683 2985 comburendum
716 2926 782 2984 sine
805 2924 888 2985 omni
911 2919 984 2980 dila-

59 3006 146 3066 tione
158 3008 316 3088 assignare
334 3016 450 3087 curent,
474 3009 612 3088 aliasque
634 3016 664 3069 et
680 3008 740 3068 alia
756 3008 881 3084 t'aciant,
905 3021 984 3084 quae

57 3089 145 3167 ipsos
170 3098 201 3150 et
224 3090 392 3169 quemlibet
414 3110 519 3152 eorum
549 3093 628 3152 serie
650 3093 805 3152 literarum
829 3087 985 3170 Apostoli-

60 3190 167 3233 carum
191 3174 366 3236 huiusmodi
387 3178 560 3254 respective
581 3181 781 3251 concernunt,
804 3179 896 3255 prout
917 3170 986 3230 ulti·

59 3273 152 3316 onem
181 3256 316 3317 divinam
339 3276 377 3317 ac
397 3259 525 3338 praefati
549 3258 665 3318 domini
701 3258 796 3318 nostri
819 3257 923 3337 Papae
944 3254 987 3312 in-

59 3338 281 3419 dignationem,
305 3359 447 3401 necnon
471 3343 650 3420 sententias,
674 3360 837 3418 censuras,
861 3345 892 3398 et
913 3354 984 3416 poe·

59 3442 115 3481 nas
145 3423 220 3484 alias
252 3427 284 3483 in
306 3426 381 3504 ipsis
404 3424 498 3484 literis
521 3425 712 3504 Apostoliois
742 3441 905 3503 expressas
935 3437 986 3478 vc·

59 3506 173 3566 luerint
205 3508 328 3569 evitare.
373 3507 484 3568 Datum
522 3510 552 3568 in
582 3526 654 3567 arce
681 3512 787 3567 nostra
820 3505 988 3583 Frisingen.

57 3589 116 3649 Die
139 3588 179 3653 X.
214 3593 327 3650 mensis
355 3590 494 3650 ianuarii
515 3592 607 3652 Anno
631 3591 758 3652 Domini
780 3590 820 3651 M.
844 3590 883 3650 D.
906 3585 984 3649 XXI.

58 3671 122 3735 Sub
145 3675 241 3735 nostri
266 3673 382 3736 Secreti
406 3676 618 3754 impressione.

715 3836 780 3904 20*
