2346 4208
281 282 284 287 ’
398 270 798 337 alamannicarum:
822 278 825 285 ’
1005 273 1047 342 81

122 469 289 550 potestatis
311 469 448 531 audivit?
470 469 553 544 Quin
575 468 626 530 dic
646 477 679 530 tu
693 467 869 529 monarchis
890 468 959 547 tuis,
982 476 1046 528 rar-

123 551 198 613 bum
221 568 349 632 pascere
379 553 417 614 ad
446 572 501 615 eos
524 565 556 613 et
582 553 684 614 nullas
710 553 788 613 alios
818 551 988 632 pertinere,
1004 556 1047 611 et

123 635 315 696 haereticum
337 654 416 712 esse,
439 639 491 716 qui
513 638 591 697 eiius
614 643 731 716 pascet,
755 652 846 713 quam
867 635 936 715 ipsi.
979 633 1047 694 Hoc

123 719 207 779 euim
230 725 355 799 oportet
382 719 464 799 fleri,
493 721 519 779 si
546 721 577 779 iu
607 719 668 780 hoc
701 718 879 780 monarchia
910 715 1046 794 traditur,

123 818 184 862 nec
206 801 312 863 licebit
331 804 391 863 nisi
413 803 556 863 Romano
578 801 716 882 pontifici
733 818 869 882 pascere,
891 807 965 876 tum,
987 801 1047 860 nisi

123 886 194 966 ipse
213 900 338 964 quoque
360 893 478 967 pascat,
506 887 565 946 erit
585 885 767 946 haereticus.

143 982 146 987 ’
208 968 250 1028 At
269 967 349 1046 vide,
371 986 442 1029 cunr
463 969 542 1029 haec
563 969 686 1047 dixeris,
708 987 747 1028 an
762 987 824 1028 nou
837 968 900 1026 sint
920 974 951 1026 te
973 983 1046 1025 exu-

124 1052 201 1112 sturi
224 1057 258 1111 ut
279 1053 415 1112 omnium
437 1052 730 1127 haereticissimum,
752 1051 805 1131 qui
827 1050 903 1111 velis
924 1064 1045 1110 monar-

124 1133 199 1195 chus
224 1142 364 1215 pastura,
391 1135 424 1196 id
454 1143 516 1212 est,
547 1135 727 1195 monarchia
755 1135 829 1195 novi
858 1132 1047 1193 Testamenti

124 1234 255 1278 onerare
288 1216 384 1279 onere
422 1218 519 1303 piane
549 1217 751 1296 intolerabili,
789 1214 872 1296 qaod
905 1216 1001 1276 cuivis
1015 1215 1044 1295 ¹)

122 1301 249 1361 inimico
270 1302 321 1361 vel
341 1302 464 1365 'Parcae
492 1302 600 1363 malint
626 1301 817 1382 permittere,
844 1298 899 1360 sed
927 1300 973 1359 sic
999 1316 1047 1361 sc·

122 1383 193 1444 letis
214 1383 386 1466 Scripturas
409 1385 498 1447 velut
510 1388 716 1465 Anaxagorae
738 1383 893 1444 elementa
915 1399 1047 1461 versare,

123 1464 288 1545 quodlibet.
305 1469 336 1528 in
359 1469 529 1548 quodlibet,
552 1474 583 1529 et
604 1487 643 1528 ex
658 1465 950 1546 quolibetiormarc.
972 1464 1046 1526 Ideo

123 1550 200 1611 nibil
221 1552 341 1630 miram,
366 1554 391 1612 si
413 1570 542 1633 pascere
564 1548 717 1631 significet
745 1548 832 1609 vobis
861 1555 1046 1628 potestatem

123 1641 156 1694 et
177 1634 357 1714 dignitatem
379 1636 496 1716 absque
524 1635 609 1696 omni
636 1630 783 1714 pascendi
815 1631 866 1691 vel
893 1630 1047 1712 consigni·

122 1715 284 1796 ficatione,
307 1725 369 1778 tam
392 1720 507 1781 oculati
537 1719 612 1779 estis
634 1715 853 1798 grammaticae
874 1722 907 1775 et
927 1715 1047 1775 tbeolc·
1080 1774 1085 1792 ,

122 1801 194 1880 gius
217 1799 441 1864 observatores.
1016 1870 1019 1877 ,

206 1883 272 1944 Nec
293 1885 422 1965 prodest
445 1887 541 1966 impie
566 1884 649 1944 illius
678 1881 803 1962 glossas
833 1879 1048 1961 intelligentia,

123 1984 186 2047 qua
212 1967 334 2046 quidam
363 1969 515 2050 garriunt:
547 1967 615 2028 Hoc
643 1966 755 2026 iecisse
781 1963 935 2041 videmur,
965 1962 1049 2043 quod

122 2068 180 2129 per
201 2050 280 2110 alios
302 2050 440 2116 fecimus.
484 2052 552 2112 Hoc
573 2051 654 2110 enim
678 2046 791 2126 verbo,
823 2048 847 2108 si
876 2049 971 2107 otium
995 2064 1048 2126 ps·

121 2139 207 2192 ratur
216 2134 264 2211 iis,
288 2135 396 2213 quibus
410 2141 458 2195 est
470 2133 585 2213 aliquid
608 2139 817 2214 praeceptum,
841 2132 933 2191 totius
947 2129 1047 2210 Scrip

122 2223 211 2276 turae
245 2218 385 2278 virtutem
422 2219 604 2294 evertimus,
648 2216 720 2277 dum
765 2213 893 2295 quilibet
935 2213 1045 2274 eodem

124 2298 270 2378 exemplo
301 2300 403 2362 dicere
434 2303 547 2381 poterit
569 2299 786 2380 praecipienti:
818 2298 887 2379 Ego
918 2297 1047 2370 otiabcr,

123 2401 181 2462 per
202 2382 295 2442 elium
318 2384 446 2463 faciam,
469 2392 560 2464 atque
582 2385 626 2443 ite
643 2383 709 2442 Deo
732 2401 856 2461 quoque
878 2381 981 2441 licebit
1003 2381 1045 2441 di-

123 2483 211 2525 cere:
233 2466 303 2526 Non
326 2487 462 2547 pascam,
484 2467 539 2528 sed
560 2464 766 2542 mceebabor,
789 2464 946 2541 occidam,
968 2465 1047 2525 inra-

123 2549 191 2626 bor,
216 2551 389 2628 permittam
412 2560 514 2612 autern
538 2553 571 2610 ut
593 2549 670 2609 alius
683 2556 800 2629 pascat,
823 2565 887 2609 ncu
906 2548 1047 2608 moeche-

122 2639 182 2709 tur,
205 2652 267 2693 nou
292 2635 421 2712 occidet,
445 2634 652 2695 confutetur.
697 2630 771 2705 Quis
799 2631 877 2691 haec
898 2649 961 2691 non
987 2651 1048 2691 ser

123 2734 199 2774 vare
222 2716 336 2794 queat?
358 2716 461 2791 Quare
483 2736 556 2798 ergo
580 2715 705 2776 verbum
727 2715 785 2774 Dei
806 2713 983 2773 illudimus?

208 2799 285 2859 Esto
296 2819 370 2880 ergo
393 2803 556 2875 sententie,
579 2799 636 2858 nisi
650 2796 814 2878 pontifices
836 2797 895 2876 ipsi
906 2802 1044 2877 pascent,

123 2890 225 2960 orent,
247 2890 366 2963 regant,
389 2903 452 2944 non
466 2885 497 2959 ²)
522 2893 592 2943 sunt
602 2880 775 2961 pontifices,
799 2881 853 2940 sed
867 2879 960 2959 idola,
983 2886 1044 2940 tarn

123 2984 231 3025 coram
245 2965 323 3045 Deo,
347 2986 438 3046 quarn
461 2965 647 3039 hominibus,
671 2972 702 3025 et
722 2964 848 3025 verbum
873 2982 1002 3044 pascere
1012 2964 1043 3040 ³)

123 3047 202 3107 nibil
223 3048 262 3108 ed
285 3068 338 3110 eos
361 3052 495 3130 pertinet
515 3068 650 3130 prorsus.

209 3131 294 3192 Hsec
326 3152 395 3192 cum
424 3135 511 3194 vobis
543 3133 699 3209 dicuntur,
742 3150 800 3191 uec
827 3129 946 3191 habetis
974 3130 1045 3210 quid

122 3214 350 3295 respondeatis,
375 3216 467 3277 surda
488 3218 623 3277 transitis
645 3233 728 3294 aure,
751 3215 871 3274 interim
885 3216 1047 3294 peregrina

123 3297 288 3359 verborum
309 3300 462 3382 farragine
484 3301 641 3360 hominum
664 3317 753 3359 aures
777 3305 982 3378 occupantes,
1006 3316 1046 3358 nc

123 3382 198 3442 victi
220 3382 401 3462 videamini,
433 3403 493 3444 nec
528 3385 658 3444 miserae
686 3383 807 3443 interim
837 3383 1046 3442 conscientias

123 3472 248 3525 vestrae
270 3467 473 3544 miseremini,
501 3487 591 3546 quem
621 3466 732 3546 cogitis
762 3472 869 3527 contra
890 3466 1044 3527 stimulum

199 3726 230 3790 l)
250 3725 279 3775 ln
301 3725 343 3778 ed.
365 3726 454 3792 orig.:
474 3727 560 3777 cuius.
599 3724 632 3790 2)
656 3725 683 3775 ln
703 3725 744 3777 ed.
765 3726 837 3794 orig.
857 3726 949 3779 deest:
980 3742 1043 3778 non.

125 3797 159 3857 3³>
179 3797 249 3849 ibid.
269 3797 399 3865 legiturt¹
416 3811 472 3849 non
491 3811 613 3865 pascere.
