2346 4208
291 286 349 337 auis
367 284 477 352 lilpslae
493 282 638 351 disputetis
658 302 682 338 a.
701 284 771 338 xlx-3
936 278 1004 349 265

103 467 232 528 admone
254 469 346 528 ctiam
368 468 472 529 servili
493 470 587 549 incipi
603 468 819 543 contenderit,
841 470 891 531 vel
912 470 999 551 igno·-

102 568 154 611 una
179 551 229 610 vel
251 550 470 629 dissimulans,
503 551 585 631 quod
619 554 738 613 servilis
768 554 858 612 timor
887 554 918 613 in
940 552 999 615 lrao

102 634 144 695 ta
162 650 227 694 non
248 636 371 713 penitus
393 633 518 696 tollitur.
552 635 629 697 Ideo
652 638 745 697 etiarn
767 635 868 695 inliraa
889 639 998 715 gratia,

102 734 159 795 με
179 718 289 796 incipit
309 718 553 797 poenitentiam,
588 720 729 781 timorem
750 718 894 779 servilem
917 736 999 779 eorn-

102 806 204 873 avet,
239 800 329 859 simul
353 818 486 879 operans
508 802 648 861 timorem
670 802 811 879 filialem,
846 820 916 861 oum
938 802 1004 863 sint·

102 900 173 963 pera
194 882 253 943 Dei
277 882 446 961 terribilia,
478 883 550 943 dum
572 884 781 946 vivificaturus
804 884 917 944 oceidit
938 892 997 946 ete.

105 984 128 1027 n
145 974 254 1027 autem
276 967 399 1027 animae
422 973 527 1027 assent
547 974 650 1029 cetae
668 968 707 1029 de
728 968 827 1029 salute
848 973 880 1027 et
900 969 999 1047 gratia

103 1076 106 1108 ι
127 1050 176 1109 eis
198 1056 374 1128 augeretur,
397 1049 460 1109 dixi
486 1066 533 1110 sne
554 1052 690 1121 nescire,
711 1052 797 1111 iuxta
819 1049 999 1130 disputatio-

103 1150 145 1193 ιω
174 1150 278 1193 meam
310 1132 340 1191 in
362 1132 568 1203 resolutorie,
606 1133 736 1193 necdum
771 1134 838 1213 ipse
872 1132 998 1195 demon·

103 1216 184 1275 ravit
210 1216 420 1293 contrarium,
451 1217 495 1275 ita
526 1215 628 1277 adhuc
653 1216 755 1278 media
789 1215 904 1297 pendet
931 1235 998 1277 sen-

156 1414 207 1497 De
230 1412 427 1494 indulgentiis
449 1432 548 1493 paene
575 1414 818 1491 concordamus,
854 1433 933 1494 quae
968 1422 1001 1477 et

103 1518 173 1581 ope
195 1498 229 1557 in
251 1498 344 1557 risum
367 1496 527 1571 abierunt,
566 1498 717 1577 siquidem
743 1510 775 1558 et
806 1500 873 1579 ipse
894 1498 997 1578 palam

124 1580 245 1663 vulgus
267 1599 329 1660 quo
350 1599 390 1640 ue
401 1574 602 1641 concionatus
625 1588 682 1659 eat,
705 1600 767 1642 non
789 1600 860 1642 esse
874 1580 996 1660 quidem

103 1684 125 1725 a
141 1598 402 1740 contemnendas,
424 1682 483 1724 nec
504 1670 606 1723 tamen
629 1664 658 1723 in
677 1664 721 1723 eis
735 1662 901 1739 lldendum,
924 1682 997 1743 quo-

104 1747 169 1815 odo
195 1747 222 1807 si
235 1746 364 1807 luissent
374 1765 430 1825 per
443 1745 527 1807 indul
551 1749 700 1809 entiarios
712 1748 919 1827 praedicatae,
940 1765 999 1807 neo

104 1827 240 1907 artinilj
264 1847 377 1889 nomen
393 1826 487 1889 hodie
499 1766 578 1889 ullus
591 1829 669 1891 forte
691 1838 806 1891 nosset.
830 1828 894 1891 Sed
914 1830 997 1889 etin

125 1913 207 1995 ipsis
231 1910 362 1972 iamdiu
380 1912 576 1988 corruissent,
599 1912 799 1974 morientibus
821 1932 894 1992 prae
916 1912 997 1977 lame

104 1994 354 2071 ommisaariis,si
369 1994 501 2074 populus
519 1997 666 2077 novisset,
688 2014 748 2056 non
764 2016 832 2057 ease
855 1996 885 2055 in
908 1996 951 2055 eis
962 1992 994 2076 ²)

104 2078 243 2141 lendum.
269 2074 373 2156 ltaque
395 2094 485 2157 quarn
510 2098 568 2159 ego
591 2078 657 2145 fore
678 2079 822 2157 putabam
847 2097 995 2137 summam

104 2160 296 2243 epulationis
320 2165 350 2221 et
371 2179 434 2220 rem
449 2154 894 2241 omniumperioulosissimam,
916 2159 995 2223 adeo

104 2266 140 2307 ne
167 2245 299 2325 negotio
322 2243 520 2317 confecimus,
542 2252 574 2303 ut
596 2244 669 2305 nihil
691 2245 754 2305 fere
776 2246 899 2324 segnius
922 2250 996 2303 trec

105 2329 262 2399 venimus,
292 2326 355 2386 imo
377 2345 531 2403 nunquam
557 2326 707 2387 infelicius
731 2334 761 2389 et
783 2328 922 2389 miserius
944 2326 996 2388 he-

104 2418 208 2471 ierunt
230 2408 448 2489 indulgentiae.

156 2525 264 2600 Quare
299 2527 373 2587 satis
400 2530 481 2586 tutus
510 2528 620 2585 mansit
650 2546 749 2587 sermo
785 2546 870 2586 incus
892 2526 931 2587 de
952 2529 999 2586 in„

105 2610 242 2691 rlgentiis
266 2609 449 2669 vernaculus
468 2629 537 2669 cum
559 2609 625 2683 his,
659 2611 788 2686 quaein
811 2609 996 2671 resolutorie

123 2702 237 2755 contre
259 2690 437 2752 Silvestrum
460 2693 490 2751 iu
513 2691 593 2751 hanc
614 2712 677 2751 rem
701 2694 833 2772 scripsi,
854 2691 925 2751 lieet
946 2693 996 2752 vel

105 2794 160 2837 ore
183 2794 253 2848 suo,
277 2775 328 2833 vel
348 2775 432 2833 iussu
454 2774 594 2835 fermenti
616 2777 665 2833 sui
685 2796 746 2835 non
770 2775 903 2854 potuerit
925 2795 997 2834 eum

105 2857 322 2938 reprehensum
345 2858 534 2935 relinquere,
563 2877 693 2918 causans
716 2858 798 2936 quod
821 2857 995 2936 deciperem

105 2942 217 3001 >mines
239 2940 339 3000 verbis
362 2941 458 3015 meis,
499 2946 529 2999 et
551 2941 643 3000 vitam
665 2960 777 3000 noveru
811 2948 842 3000 et
863 2959 997 3016 crucem,

105 3043 168 3083 iaru-
188 3023 287 3083 aDeo
310 3024 420 3101 requiri
443 3024 473 3082 iu
498 3034 661 3101 peccatore
672 3024 819 3101 dixeram,
842 3032 903 3083 tam
926 3042 994 3102 pro·

107 3106 185 3165 ndus
209 3105 374 3185 theologus
397 3125 458 3165 uon
477 3105 628 3166 intellexit
650 3107 808 3167 includere
830 3125 920 3165 omne
943 3126 994 3185 ge-

105 3208 130 3247 na
152 3188 236 3259 mali,
260 3190 352 3247 etiam
376 3190 482 3249 mortis
500 3190 530 3247 in
553 3188 613 3249 hoc
635 3189 758 3249 mundo.
787 3189 853 3249 Nec
876 3190 994 3259 mirum,

105 3271 145 3331 ria
166 3290 230 3331 non
253 3270 447 3350 Scripturas,
482 3290 541 3330 neo
568 3282 674 3350 tropos
695 3274 781 3348 eius,
813 3272 868 3332 sed
891 3271 992 3331 lumen

105 3362 223 3429 durae,
245 3353 463 3429 Aristotelem,
486 3361 518 3413 et
538 3355 726 3415 illuminatos
749 3354 857 3415 eodem
880 3353 993 3413 lumine

106 3442 217 3496 osores
240 3434 390 3498 duntaxat
410 3438 495 3517 legit.
519 3437 558 3496 nt
577 3446 680 3497 taruen
703 3438 787 3498 velut
796 3435 889 3498 Moab
912 3456 992 3496 erro·

106 3520 271 3579 tutissimus
299 3520 369 3598 plus
397 3540 597 3599 praesumens
628 3540 717 3600 quam
741 3528 866 3601 posset,
890 3520 994 3581 omnia

114 3654 239 3664 -——-...
250 3660 305 3665 ---.
315 3659 323 3665 -
347 3658 443 3666 οφ.-.
460 3658 493 3664 ..-

121 3750 146 3818 1)
165 3754 193 3806 ln
212 3755 256 3808 ed.
275 3756 350 3810 ten:
372 3756 489 3810 Lutheri.
527 3754 559 3815 2)
579 3754 661 3808 Ibin:
681 3771 738 3811 ees.
