2332 4206
190 266 254 330 120
420 268 530 320 Tassat.
551 267 664 322 consol.
684 270 713 320 l).
733 268 769 322 l
788 269 901 322 tutum

189 457 307 518 frustra.
352 457 416 515 Nec
437 459 518 515 enim
546 455 712 534 quidquam
742 457 789 515 bis
815 464 1046 536 promovemus
1075 476 1117 517 sa

194 540 334 616 lubriter,
364 540 417 599 sed
442 548 473 598 ut
497 540 675 599 Ecclesiast.
698 539 786 599 dicit:
815 540 903 600 llaec
926 542 1055 600 vanitas
1075 546 1118 600 est

192 625 359 682 vanitatum
384 631 416 682 et
438 622 562 682 afflietio
593 624 727 701 spiritus.
770 624 848 684 Nam
872 631 904 684 et
925 624 1014 684 idem
1037 622 1119 684 libel·

192 707 238 766 lus
267 714 349 765 totus
387 708 416 765 in
447 706 527 764 banc
560 708 780 785 experientiam
810 707 965 786 loquitur,
1003 714 1041 766 nt
1072 707 1118 785 qui

192 789 288 848 multa
309 809 364 869 pro
388 809 421 848 se
443 790 622 863 tentaverit,
650 797 682 848 et-
709 792 740 848 in
763 789 905 849 omnibus
929 797 1042 850 tamen
1060 808 1118 848 non

192 873 248 931 nisi
272 872 428 949 laborem,
455 873 619 931 vanitatem
647 882 678 932 et
699 872 898 932 afflictionem
924 874 1057 954 spiritus
1077 873 1119 932 in-

193 958 327 1015 venerit:
353 957 397 1014 ita
419 962 452 1013 ut
473 954 652 1032 concludat,
675 956 790 1015 donum
810 957 866 1015 Dei
889 975 979 1034 esse,
1005 956 1119 1035 siquis

193 1038 265 1097 edat
287 1046 318 1097 et
339 1038 439 1112 bibat,
469 1047 500 1096 et
532 1039 663 1098 laetetur
683 1057 752 1098 cum
774 1058 872 1099 uxore
892 1059 968 1116 sua,
1003 1038 1038 1098 id
1066 1045 1119 1114 est,

193 1123 259 1181 sine
281 1120 487 1180 sollicitudine
509 1123 628 1198 vixerit,
652 1122 718 1182 Deo
736 1122 957 1182 commendata
976 1123 1118 1182 curasui.

277 1203 379 1278 Quare
401 1212 433 1263 et
454 1223 511 1263 nos
534 1204 617 1263 nulla
638 1204 700 1265 alia
722 1225 814 1285 super
834 1225 893 1265 nos
906 1205 1118 1266 sollicitudine

193 1286 315 1345 solliciti
339 1307 408 1346 esse
431 1286 594 1363 debemus,
621 1306 712 1366 quam
735 1308 774 1348 ne
795 1307 888 1369 super
909 1307 972 1348 nos
995 1287 1118 1348 solliciti

193 1371 303 1450 simus,
333 1377 364 1428 et
384 1371 452 1429 Deo
479 1389 582 1429 curam
610 1372 707 1430 nostri
733 1372 896 1451 rapiamus.
943 1370 1063 1432 Cetera
1083 1390 1118 1430 ex

193 1459 315 1531 spectro
338 1454 504 1523 contrarie,
527 1460 559 1511 ut
580 1452 654 1529 dixi,
676 1462 708 1513 et
729 1474 767 1513 ex
789 1453 1015 1515 recordatione
1027 1456 1118 1515 totius

192 1537 275 1595 vilae
298 1539 481 1616 praeteritae
503 1535 631 1614 quilibet
658 1537 748 1599 facile
777 1538 832 1597 sibi
850 1537 880 1613 ¹)
912 1537 1117 1618 comparabit

195 1735 326 1815 Caput
347 1736 401 1798 IV.
423 1736 470 1796 de
489 1744 651 1816 spectro
675 1743 826 1814 quarto,
849 1735 954 1815 quod
978 1743 1043 1797 cst
1064 1736 1116 1797 bo

339 1839 422 1878 num
445 1819 652 1896 infernum,
678 1838 749 1878 seu
772 1819 875 1878 infra
895 1838 978 1880 noa.

274 1953 439 2032 Hucusque
462 1953 542 2012 bona
566 1952 717 2031 vidimus,
740 1973 819 2031 quae
842 1959 953 2013 nostra
976 1961 1069 2032 sunt,
1090 1959 1118 2013 et

192 2039 222 2096 in
246 2036 441 2116 nobisipsis,
464 2036 610 2116 deinceps
633 2056 686 2115 ea,
718 2056 798 2115 quae
829 2037 860 2096 in
883 2036 953 2096 aliia
977 2042 1010 2096 et
1032 2041 1118 2096 extra

193 2138 251 2180 nos
273 2121 375 2199 posita
397 2127 475 2197 sunt,
499 2119 666 2179 videamus.
700 2119 836 2194 Quorum
860 2120 993 2198 primum
1018 2127 1067 2179 est
1088 2120 1116 2178 in

192 2202 249 2278 his,
271 2203 322 2281 qui
344 2202 422 2261 infra
443 2222 499 2261 nos
522 2209 602 2276 sunt,
624 2202 655 2261 id
677 2210 740 2279 est,
779 2203 890 2262 mortui
913 2208 946 2261 et
969 2202 1116 2262 damnati.

193 2284 254 2345 Sed
277 2285 400 2361 mirum,
424 2284 495 2362 quid
520 2285 592 2344 boni
615 2287 644 2344 in
668 2286 794 2345 mortuis
817 2293 848 2344 et
869 2285 1027 2344 damnatis
1051 2303 1117 2365 pos·

193 2369 232 2426 ait
253 2368 403 2426 inveniri?
434 2368 547 2427 Verum
571 2376 656 2427 tauta
678 2375 726 2428 est
748 2368 859 2446 ubique
882 2367 1009 2428 divinae
1032 2367 1117 2428 boni-

193 2451 263 2509 tatis
287 2451 396 2528 virtus,
431 2458 472 2509 ut-
497 2452 526 2509 in
560 2453 686 2510 summis
720 2451 807 2511 malis
835 2451 927 2510 etiam
957 2450 1047 2511 bona
1069 2450 1119 2512 del

194 2532 307 2592 videre.
1049 2594 1054 2599 .

276 2615 467 2676 Conserimus
491 2623 593 2676 autem
614 2616 685 2675 illos
708 2618 838 2695 primum
865 2617 905 2676 ad
932 2635 1009 2694 nos,
1047 2623 1119 2676 tunc

194 2698 331 2758 videmus
353 2700 588 2759 inaestimabilia
610 2706 715 2758 nostra
736 2700 837 2774 lucra,
861 2702 939 2759 sicut
961 2699 1058 2760 facile
1081 2719 1118 2760 ax

196 2784 349 2841 contrario
384 2782 533 2841 malorum
571 2791 693 2861 spectro
734 2784 832 2862 accipi
863 2788 977 2863 potest.
1040 2782 1117 2842 Nam

194 2873 307 2944 quanta
331 2865 394 2924 illic
418 2866 523 2924 mortis
556 2873 587 2925 et
608 2865 717 2924 inferni
741 2866 873 2925 malain
897 2867 941 2925 eis
965 2865 1118 2943 videmus,

194 2957 240 3007 tot
277 2949 343 3007 sine
375 2947 468 3007 dubio
504 2948 586 3007 lucra
619 2955 724 3008 nostra
764 2948 921 3026 videmus,
966 2955 1118 3028 tantoque

196 3032 322 3107 maiora,
346 3036 460 3109 quanto
484 3031 605 3090 illorum
630 3033 710 3090 mala
731 3032 842 3091 luerint
864 3032 992 3094 maiora.
1030 3031 1118 3106 Quae

195 3115 299 3172 omnia
323 3132 382 3172 non
407 3122 477 3173 sunt
500 3115 559 3173 levi
584 3114 677 3174 corde
699 3114 942 3192 contemnenda,
966 3115 1043 3192 quia
1067 3115 1117 3174 mi-

195 3195 393 3255 sericordiam
432 3197 488 3255 llei
526 3196 861 3275 magnificentissimam
896 3196 989 3258 nobis
1025 3197 1117 3257 velie

195 3286 313 3338 menter
345 3280 570 3338 commendant.
623 3279 663 3339 Et
694 3280 860 3360 periculum
885 3285 948 3354 est,
980 3280 1007 3339 si
1039 3279 1118 3341 haec

194 3363 278 3440 parvi
302 3361 487 3439 duxerimus,
511 3364 621 3442 ingrati
636 3364 828 3424 inveniamur
847 3363 937 3423 simul
960 3380 1033 3421 cum
1056 3362 1116 3423 illis

195 3444 370 3523 damnandi,
394 3452 445 3504 aut
467 3447 554 3524 peius
579 3446 749 3524 cruciandi,
777 3452 941 3527 propterea
964 3451 1114 3524 quantum

194 3527 265 3586 illos
288 3527 393 3587 dolere
417 3534 448 3587 et
469 3528 585 3587 ululare
608 3528 789 3607 viderimus,
825 3535 910 3589 tanto
943 3529 1046 3608 magis
1079 3527 1117 3589 de

196 3610 252 3670 Dei
275 3609 412 3670 bonitate
433 3612 464 3669 iu
487 3630 544 3672 nos
567 3610 702 3690 gaudere
728 3612 889 3690 debemus,
925 3612 1015 3672 iuxta
1041 3609 1116 3673 illud

216 3750 634 3769 .-,-...-...-.-........-

267 3799 298 3866 l)
318 3799 349 3852 In
368 3797 412 3852 ad.
431 3798 491 3853 Jan.
511 3798 613 3852 deest:
632 3797 693 3851 sibi.
