2346 4208
362 251 435 308 xm.
454 250 489 306 ss
506 257 642 321 pessare
660 251 761 321 rupa
948 245 1011 314 361

92 437 286 518 distinguens
307 439 388 499 inter
413 438 469 499 has
496 457 571 501 oves
599 446 632 499 et
660 437 752 515 alias,
785 445 818 498 ut
839 437 1012 498 alienuma

90 540 147 583 suo
174 521 247 583 ovili
275 522 514 599 demonstraret,
545 523 597 601 qui
619 522 741 583 Petrum
765 528 796 582 et
817 538 1011 583 successores

19 670 31 689 Ι
92 606 187 685 ipsius
211 607 375 686 magistros
397 625 461 667 non
484 613 724 687 recognosceret
744 611 776 666 et
797 611 946 685 pastores.

174 688 242 748 Hoc
270 708 346 750 sane
368 691 576 750 necessarium
599 695 665 751 erat
685 688 809 765 addere,
834 705 894 767 quo
918 685 1013 749 ambi·

93 773 136 832 tio
160 779 266 850 aperte
289 771 512 834 ostenderetur.
556 772 631 847 Quis
653 780 755 835 autem
777 771 857 831 hano
877 769 1014 850 glossam

91 854 248 936 accipiat?
270 874 332 934 quo
354 874 449 917 nervo
474 853 662 918 firmabitur?
688 854 812 936 quando
835 853 928 928 diois,
951 872 1014 914 non

92 938 284 1018 distinguens
315 939 396 1000 inter
425 938 482 999 has
512 946 544 1000 et
569 939 662 1000 alias:
690 939 784 1000 Cuius
807 956 881 999 oves
903 936 1016 997 Paulus

92 1021 242 1101 pascebat
262 1028 293 1081 et
316 1022 366 1082 alii
390 1022 546 1102 apostoli?
568 1022 660 1083 suasi
681 1020 744 1082 Cur
764 1039 827 1083 non
847 1021 950 1101 potins
972 1018 1016 1081 di·

96 1103 240 1180 cendum,
265 1104 348 1183 quod
371 1124 434 1167 non
456 1106 630 1166 distinxerit
647 1106 729 1166 inter
742 1105 864 1166 Petrum
887 1110 919 1165 et
938 1103 1018 1165 alios
1069 1122 1072 1127 ·

96 1194 250 1267 pastores,
273 1207 341 1248 cum
354 1188 546 1270 impossibile
567 1189 666 1267 tuerit,
688 1188 727 1251 ab
748 1206 810 1250 uno
823 1187 914 1248 Petro
932 1191 1020 1267 pacet

93 1289 212 1330 omnes.
256 1270 308 1331 Sin
337 1292 393 1352 per
419 1273 512 1333 aliurn
535 1280 639 1353 potest
659 1290 804 1352 pascere,
833 1269 909 1349 quid
927 1269 1017 1331 referi

92 1360 124 1412 et
154 1372 230 1413 oves
259 1373 352 1433 posse
380 1375 436 1435 per
463 1355 554 1415 alium
584 1355 711 1416 audire?
753 1352 812 1416 Ubi
834 1361 907 1415 tunc
929 1358 1018 1414 erunt

96 1444 158 1496 tam
181 1443 288 1516 pastor
310 1456 400 1517 quam
424 1438 521 1499 oves?
564 1438 685 1499 Siccine
713 1438 839 1500 verbum
865 1437 923 1498 Dei
945 1436 1019 1497 licet

92 1518 224 1578 ludere?

176 1599 241 1665 Cur
262 1611 381 1681 autem,
405 1605 455 1683 qni
477 1604 538 1665 hoc
559 1605 696 1681 verbum,
717 1622 829 1683 pasce,
851 1603 947 1663 adse
969 1621 1018 1663 so-

95 1684 141 1745 los
164 1687 318 1765 pertinere
339 1693 462 1766 putant,
485 1707 547 1747 non
571 1694 644 1750 eunt
665 1688 697 1746 in
718 1684 856 1747 Turcas?
878 1680 941 1746 imo
965 1704 1019 1751 cur

94 1787 156 1828 non
180 1769 210 1828 in
234 1767 391 1831 Bchemos
413 1769 545 1830 saltem?
568 1771 693 1847 Verum,
717 1768 789 1848 quid
810 1754 1016 1849 hoolaboroi

92 1850 154 1912 Cur
176 1871 238 1912 non
262 1853 348 1932 pavit
373 1853 424 1914 hic
448 1852 604 1914 Paschalis
626 1853 709 1914 huno
730 1851 966 1920 decretalistam,
987 1859 1019 1913 et

92 1953 179 1994 suam
213 1936 347 2012 curiam,
383 1944 415 1996 ut
448 1936 542 1997 verba
566 1936 677 1997 Christi
712 1943 794 1997 recte
823 1933 1018 2014 intelligeret,

92 2037 149 2097 pro
175 2019 296 2078 animae
319 2018 398 2097 cibo,
422 2026 452 2079 et
474 2039 536 2080 non
561 2028 622 2080 tarn
641 2021 752 2081 misere
775 2017 1019 2097 contaminaret?

94 2100 142 2160 An
167 2101 202 2172 in¹
221 2100 332 2161 Turcia
354 2101 547 2163 etB0hemia
569 2123 630 2164 non
656 2110 726 2163 sunt
747 2103 868 2164 animae
892 2119 1017 2181 pascen-

94 2183 174 2242 dae?
203 2185 251 2243 An
275 2185 375 2244 solum
399 2195 502 2264 pastas
526 2186 581 2246 sibi
605 2186 701 2246 credit
723 2184 926 2246 commissas?
957 2183 1018 2245 Cur

94 2267 303 2346 ergoPetrus,
326 2288 387 2327 non
413 2277 575 2329 contentus
598 2272 693 2348 pastis
717 2269 874 2329 aChristo
899 2266 1017 2346 ovibus,

95 2352 160 2428 ipse
198 2369 251 2428 per
285 2358 382 2410 totum
417 2353 561 2412 mundum
598 2352 770 2432 pascendas
802 2360 833 2413 et
862 2351 1019 2412 docendas

95 2433 268 2511 quaesivit?
312 2433 391 2513 Cur,
413 2437 552 2514 inquam,
575 2455 703 2516 pascere
727 2435 784 2495 sibi
807 2442 963 2514 usurpant,
986 2441 1018 2494 et

94 2525 284 2575 tamennon
310 2518 447 2577 iaciunt?
481 2520 539 2577 nisi
567 2519 649 2598 quod
687 2519 813 2596 cupiunt
840 2537 897 2578 nos
928 2518 1017 2592 scire,

96 2597 167 2675 qnid
192 2598 368 2679 intelligant
396 2601 615 2680 perverbum,
651 2621 795 2681 pascere,
829 2601 950 2680 quoties
972 2598 1016 2659 illi

96 2681 133 2740 ad
159 2701 192 2740 se
217 2701 292 2742 oves
316 2685 467 2762 pertinere
490 2686 620 2761 iactant,
651 2684 768 2745 scilicet
791 2683 957 2757 dominari,
985 2683 1016 2742 in

96 2766 161 2824 otio
187 2765 315 2825 tondere
340 2785 431 2844 ovea,
465 2786 609 2845 memque
639 2766 800 2848 tyrannide
827 2767 857 2825 in
887 2765 1019 2826 ecclesia

96 2847 297 2927 praevalere?

181 2930 276 2990 Error
298 2934 401 3011 itaque
425 2941 479 3010 est,
502 2934 634 2993 alienum
659 2953 727 2993 esse
746 2931 784 2994 ab
807 2932 878 2993 ovili
897 2931 1019 3008 Christi,

97 3015 148 3091 qui
171 3013 293 3073 Petrum
324 3024 353 3074 et
381 3036 577 3077 successores
611 3018 707 3096 ipsius
734 3035 794 3076 non
824 3014 1020 3095 recognoscit

95 3107 236 3176 pastores
260 3106 291 3157 et
314 3099 494 3178 magistros:
517 3101 664 3179 primum,
698 3099 780 3179 quod
804 3099 862 3178 ipsi
886 3116 944 3191 nec
966 3116 1018 3176 pa·

95 3186 193 3255 scunt,
217 3200 275 3239 nec
297 3191 416 3262 regunt,
440 3183 555 3261 alioqui
578 3184 639 3242 iarn
662 3202 770 3242 omnes
785 3181 949 3242 Christiani
973 3199 1018 3240 es·

94 3269 163 3322 sent
184 3262 278 3322 alieni
307 3265 486 3341 aChristo,
520 3265 602 3345 quod
640 3265 740 3325 nullos
771 3284 877 3326 eorum
905 3262 1018 3341 videat,

95 3346 215 3404 etiamsi
241 3365 331 3424 quam
361 3349 494 3408 maxime
517 3349 606 3425 velit,
631 3361 771 3428 pastores
801 3355 832 3408 et
854 3348 1017 3427 magistros

96 3429 256 3489 Romanos
278 3431 450 3508 pontifices.
493 3432 608 3492 Vident
629 3439 731 3492 autem
754 3451 823 3512 eos,
855 3438 887 3491 et
913 3448 1017 3510 recog·

97 3520 231 3572 noscunt
254 3512 449 3574 dominantes
481 3523 511 3574 et
533 3523 734 3595 pompantes,
766 3520 796 3574 et
823 3521 925 3574 tamen
958 3513 1018 3573 hac

96 3596 311 3676 recognitione
335 3616 395 3657 non
419 3599 517 3679 magis
546 3605 616 3659 sunt
645 3598 683 3658 de
706 3597 779 3657 cviii
802 3595 927 3671 Christi,
963 3593 1018 3656 sed

94 3698 195 3757 paene
220 3679 380 3739 eiiciantur
402 3683 549 3760 pervim,
572 3687 634 3741 tam
658 3680 796 3742 efficacia
819 3685 891 3739 sunt
912 3698 1017 3740 eorum

95 3761 253 3824 scandala.
303 3761 439 3842 Deinde,
469 3765 541 3844 quis
579 3765 652 3824 satis
683 3771 745 3843 est,
777 3763 924 3843 Paulum,
952 3763 1016 3825 imo
