2346 4208
147 260 210 329 398
274 293 288 313 ·
394 263 415 319 1.
435 263 540 318 conara
559 264 591 316 n.
613 265 690 318 uss.
710 263 788 317 narn.

148 449 239 513 etlam
262 468 344 509 nuno
365 469 425 511 una
447 469 517 512 eum
539 451 746 511 hominesunt
759 459 897 531 peccata,
922 458 953 511 et
974 466 1072 510 resur-

148 533 227 593 rexit
241 531 345 593 homo.
370 535 484 596 Verum
498 541 645 613 quantum
668 534 706 594 ad
730 552 807 615 opus
830 536 948 611 attinet,
972 552 1071 594 soora-

148 617 243 677 menti
265 615 392 678 effectus
416 617 551 678 nondum
574 618 709 698 perfecte
732 626 779 679 est
800 617 980 694 absolutus,
1011 616 1072 676 hoc

148 705 221 778 est,
246 718 327 762 mors
351 708 382 761 et
402 703 584 762 resurrectio
609 703 638 761 in
662 703 832 762 novissimo
863 701 912 761 die
933 699 1072 761 nondum

148 789 219 854 sunt
240 783 330 862 facta,
353 783 407 844 sed
429 783 514 845 fient.

194 900 198 907 ·
231 864 373 947 Octavo,
401 867 495 928 homo
518 870 609 948 igitur
630 868 894 929 sacramentaliter
914 866 953 928 ab
977 868 1073 927 omni·

147 949 205 1010 bus
228 951 367 1028 peccatis
385 951 515 1011 mundus
538 957 570 1012 et
590 953 740 1013 innocens
761 957 816 1029 est,
840 951 901 1012 hoo
922 960 985 1027 est,
1012 951 1072 1030 sig·

149 1053 221 1093 num
249 1033 386 1094 divinum
408 1035 515 1111 habet,
547 1035 628 1114 quod
659 1033 828 1116 significat,
857 1034 940 1114 quod
968 1037 1073 1094 omnia

148 1117 244 1197 ipsius
268 1124 395 1195 peccata
411 1127 531 1179 mortua
552 1137 621 1179 esse
643 1118 785 1196 debeant,
807 1124 838 1178 et
858 1120 926 1198 ipse
949 1136 1073 1197 quoque

149 1198 279 1260 feliciter
310 1203 385 1261 mori
414 1207 445 1261 et
468 1201 590 1261 tandem
613 1202 644 1261 in
676 1203 845 1262 novissimo
869 1201 919 1261 die
941 1199 1073 1261 mundus

150 1281 188 1345 ab
211 1284 352 1344 omnibus
379 1286 513 1365 peccetis
542 1305 702 1365 resurgere
729 1284 768 1344 ad
794 1289 952 1345 aeternam
977 1285 1072 1345 vitam

149 1364 270 1430 debeat.
283 1367 437 1443 Quantum
460 1370 554 1448 igitur
572 1368 611 1428 ad
633 1377 857 1429 sacramentum
882 1369 1000 1442 attinet,
1022 1386 1073 1427 ve·

149 1469 214 1510 rum
238 1459 294 1527 est,
318 1451 400 1530 quod
423 1454 745 1531 simuseinepeccato.
766 1453 890 1531 Verum,
913 1471 981 1512 cum
996 1470 1073 1511 non·

149 1532 221 1594 dum
248 1534 401 1614 perfectus
430 1537 469 1595 sit
491 1535 675 1616 baptismus,
706 1540 738 1597 et
765 1554 821 1596 nos
844 1536 945 1596 adhue
966 1537 996 1595 in
1020 1535 1075 1594 illa

149 1632 242 1678 carne
264 1619 626 1699 plenapeccatissimus,
649 1627 761 1699 coepta
783 1627 899 1679 tantum
923 1617 1074 1679 illectri-

148 1700 249 1762 stiana
269 1704 448 1763 innocentia
470 1710 525 1787 est,
549 1721 611 1762 non
637 1704 730 1763 etiam
754 1703 905 1763 absoluta.

232 1784 396 1866 Postquam
419 1787 511 1866 igitur
533 1785 705 1846 adoleverit
724 1787 836 1862 homo,
859 1794 922 1847 tum
945 1804 979 1844 se
1002 1802 1072 1864 pee-

150 1869 248 1930 catrix
268 1876 378 1930 natura
400 1871 528 1946 exserit,
554 1877 617 1928 tum
641 1889 674 1930 se
696 1869 798 1949 prodit
821 1869 1073 1948 concupiscentia

149 1959 181 2012 et
201 1950 329 2013 affectus
340 1955 414 2031 irae,
437 1952 509 2031 odii,
533 1953 676 2029 libidinis,
699 1953 823 2030 amoris,
845 1953 1002 2028 avaritiae,
1025 1970 1074 2010 su-

149 2034 290 2116 perbiae,
313 2042 344 2097 et
365 2038 391 2095 si
413 2037 462 2115 qui
485 2044 556 2096 sunt
577 2037 703 2114 similes,
728 2055 856 2115 quorum
881 2035 982 2095 nullus
1005 2053 1075 2095 sen·

149 2120 272 2196 tiretur,
296 2120 371 2179 siin
395 2127 588 2180 sacramento
612 2120 753 2180 demersa
775 2128 805 2180 et
827 2126 947 2180 mortua
970 2119 1075 2179 omnia

148 2209 277 2284 peccata
299 2210 412 2265 essent.
440 2204 554 2263 Verum
577 2202 730 2283 baptismo
752 2210 948 2282 peccatorum
972 2203 1076 2261 morti·

148 2285 251 2346 ficatio
275 2293 390 2347 tantum
415 2287 587 2367 significata
608 2295 669 2364 est,
703 2286 839 2347 nondum
863 2287 984 2366 penitus
1007 2303 1075 2364 per-

148 2366 247 2449 fecta,
281 2368 436 2449 perficitur
468 2378 569 2430 autem
598 2390 652 2450 per
676 2378 803 2431 mortem
827 2376 857 2430 et
878 2370 1074 2430 resurrectio-

149 2471 219 2514 nem
242 2454 273 2512 in
296 2454 464 2514 novissimo
487 2454 544 2514 die.
573 2453 626 2514 Sic
647 2454 677 2517 S.
702 2454 812 2514 Paulus
836 2454 923 2514 Rom.
945 2452 975 2518 7.
997 2453 1074 2512 item

149 2537 257 2616 reliqui
280 2536 382 2597 Sancti
406 2557 513 2599 omues
544 2557 612 2597 cum
648 2556 686 2597 eo
709 2543 889 2617 queruntur,
911 2556 944 2596 se
967 2553 1076 2615 pecea-

150 2628 232 2682 tores
255 2639 333 2692 esse,
356 2628 387 2682 et
408 2623 438 2681 vi
461 2622 589 2682 naturali
612 2621 650 2680 ad
667 2620 858 2700 peccandum
872 2622 947 2700 rapi,
970 2637 1074 2698 quam·
1103 2674 1105 2678 ,

150 2704 196 2764 vis
219 2704 363 2786 baptisati
387 2713 417 2764 st-
438 2707 536 2765 sancti
559 2711 673 2764 esseut.
696 2704 805 2778 Quoad
829 2705 910 2764 enim
934 2704 1074 2779 vivimus,

149 2789 308 2866 sentimus,
331 2788 413 2867 quod
437 2795 546 2849 natura
567 2789 700 2849 feramur
721 2787 761 2847 ad
783 2787 984 2867 peccandum.

234 2871 344 2949 Nono,
372 2891 501 2951 quaeras
530 2873 635 2953 igitur,
666 2871 738 2951 quid
768 2872 867 2952 prosit
895 2870 1074 2950 baptismus,

151 2973 219 3015 cum
241 2975 304 3016 nou
329 2960 426 3016 toturn
448 2963 608 3036 peccatum
631 2955 736 3030 tollat,
770 2961 801 3016 et
822 2953 946 3015 abluat?
990 2952 1084 3012 Haec'

150 3040 289 3120 quaestio
315 3041 513 3100 occasionem
537 3038 631 3120 dabit,
655 3046 687 3098 ut
707 3039 926 3119 intelligamus,
949 3043 981 3097 et
1002 3034 1073 3115 quid

150 3125 190 3183 sit
211 3123 390 3203 baptismus,
413 3131 442 3184 et
465 3124 531 3203 quis
554 3125 619 3183 eius
641 3141 732 3182 verus
756 3141 834 3183 usus.
872 3121 908 3182 In
932 3119 1075 3199 baptismi

150 3209 231 3268 enim
254 3215 447 3268 sacramento
471 3208 552 3268 Deus
575 3214 676 3267 tecum
698 3205 807 3266 foedus
837 3206 949 3285 iungit,
988 3209 1076 3263 etse

151 3289 206 3352 tibi
241 3290 387 3351 conciliat
412 3291 537 3352 foedere
564 3296 595 3351 et
621 3291 739 3371 gratiae
780 3296 813 3354 et
851 3285 1076 3349 consolationis

173 3373 255 3435 lano.

152 3393 171 3456 p
233 3458 346 3535 Primo,
369 3457 452 3537 quod
475 3457 658 3537 baptismum
681 3466 713 3517 et
736 3457 795 3517 hoc
817 3456 900 3535 quod
922 3453 1078 3534 signifieat

152 3544 271 3623 expetis
294 3548 325 3601 et
349 3549 496 3620 exoptas,
526 3540 683 3620 videlicet,
713 3551 745 3600 ut
765 3560 827 3600 una
849 3558 916 3600 cum
939 3536 1077 3618 peccatis

150 3626 370 3686 intermoriaris
393 3633 424 3684 et
445 3626 660 3686 innovissimo
677 3623 897 3704 dierefingaris
923 3620 971 3704 (id
994 3621 1076 3680 enim

152 3708 321 3790 baptismus
343 3708 526 3789 significat),
548 3708 608 3769 hoo
629 3709 659 3768 iu
681 3715 712 3769 te
733 3706 844 3787 probat
866 3706 959 3781 Deus,
982 3712 1012 3764 el
1038 3704 1078 3764 si·

148 3793 197 3855 nit
218 3800 250 3856 te
271 3791 441 3874 baptisari,
468 3793 634 3873 statimque
655 3812 674 3851 a
696 3791 849 3871 baptismo
872 3797 903 3851 te
925 3785 1081 3869 refingare
