2346 4208
277 206 411 293 adversus
431 241 635 296 criminationes
654 240 795 297 Johannis'
813 243 895 299 Eccii.
966 264 973 277 ·
1011 245 1051 310 17

960 324 994 381 θ

209 431 247 502 7)
271 426 380 507 Neque
402 428 474 508 quid
497 427 584 507 fldes,
607 450 708 515 neque
731 432 804 512 quid
823 435 977 511 contritio,
1000 453 1051 496 ne·

125 529 185 590 que
208 509 281 590 quid
309 510 440 572 liberum
463 511 619 602 arbitrium
641 515 695 593 sit,
725 514 860 577 ostendit
888 536 922 577 se
946 536 1049 596 nosse,

126 595 176 672 qui
199 593 328 653 liberum
352 594 507 656 arbitrium
531 595 671 678 actuum,
700 599 765 659 sive
786 596 953 673 bonorum,
983 601 1049 660 sive

125 676 285 755 malorum,
309 676 466 738 dominum
489 698 557 739 esse
579 680 716 760 balbutit,
739 688 875 744 autnon
898 683 966 742 sola
987 682 1049 744 lide

124 760 210 820 verbi
233 780 325 839 quem
346 760 519 840 iustificari,
546 770 599 823 aut
620 761 712 825 iidem
736 782 799 825 non
823 764 889 825 tolli
911 763 1049 846 quolibet

124 844 251 905 crimine
272 846 421 906 somniat·
465 914 470 923 ,

208 926 246 1010 8)
271 927 401 988 Veritati
434 931 464 988 et
491 929 602 989 rationi
626 930 810 990 contrarium
840 937 887 989 est
913 928 1047 1008 quidem,

125 1010 219 1079 invite
243 1011 410 1072 morientes
433 1009 566 1073 deiicere
593 1012 623 1072 in
647 1012 787 1090 caritate,
820 1012 954 1092 ideoque
983 1014 1046 1092 pati

126 1091 284 1160 horrorem
294 1094 473 1174 purgatorii,
495 1093 588 1157 modo
603 1095 715 1157 veritas
736 1096 868 1157 et‘ratio
891 1097 932 1157 sit
953 1095 1046 1173 idem,

125 1175 206 1254 quod
230 1176 336 1256 opinio
360 1177 626 1258 theologiatarum.

205 1264 242 1335 9)
269 1259 397 1319 Animas
422 1261 451 1319 in
474 1261 651 1341 purgatorio
675 1279 743 1321 esse
766 1269 864 1321 certas
887 1261 925 1323 de
948 1261 1046 1321 salute

125 1362 194 1420 sna,
231 1362 290 1403 nec
312 1344 441 1423 gratiam
469 1345 499 1419 in
523 1346 567 1404 eis
590 1345 712 1424 augeri,
749 1345 862 1404 scimus
886 1364 905 1403 a
928 1343 1045 1403 theolo-

123 1427 209 1506 gistis
231 1427 344 1504 asseri,
373 1425 426 1486 sed
451 1427 595 1487 miramur
616 1424 812 1487 do'ctissimos
835 1428 936 1504 viros,
963 1425 1044 1506 quod

123 1509 213 1570 huius
235 1508 308 1570 fidei
331 1528 406 1569 suae
428 1509 577 1570 rationem
601 1527 658 1570 nec
680 1510 832 1585 stultaell
849 1510 1044 1579 verisimilem

123 1591 252 1652 reddere
275 1598 414 1671 possunt.

143 1743 146 1746 ,
210 1679 268 1749 tu)
292 1675 431 1736 Meritum
454 1675 567 1736 Christi
594 1695 663 1736 esse
686 1672 860 1736 thesaurum
884 1676 1044 1751 ecclesiae,

123 1765 153 1818 et
174 1765 352 1820 sanctorum
376 1759 490 1819 meritis
512 1760 625 1837 iuvari,
659 1765 773 1819 certum
792 1765 848 1818 est.
891 1758 968 1820 Esse
994 1778 1044 1818 au-

123 1848 181 1902 tem
224 1842 399 1903 thesaurum
428 1841 687 1922 indulgentiarum
717 1860 807 1901 nemo
843 1842 900 1901 nisi
934 1841 1043 1902 foedus

123 1924 274 2003 adulator,
298 1925 576 2006 extravagantes²l
601 1945 619 1985 a
639 1925 767 1986 veritate
789 1932 820 1984 et
841 1922 931 1985 fictae
953 1943 1043 2004 quae·

123 2008 191 2068 dam
215 2008 368 2069 ecclesiae
390 2028 502 2088 praxea
525 2015 578 2069 aut
598 2028 671 2069 usus
689 2007 843 2091 simulant.

208 2090 263 2173 11)
288 2091 412 2167 Dicere,
425 2092 631 2171 indulgentias
643 2110 711 2151 esse
731 2090 845 2153 bonum
858 2090 1043 2169 Christiano,

122 2178 169 2237 est
189 2176 334 2252 insanire,
357 2182 427 2235 sunt
449 2176 530 2235 enim
546 2176 703 2235 verissime
720 2176 822 2253 operis
837 2174 910 2234 boni
926 2176 1042 2250 vitium,

123 2267 152 2318 et
188 2259 365 2338 improbare
398 2258 603 2338 indulgentias
641 2258 732 2317 debet
764 2257 968 2335 Christianus,
1004 2257 1044 2319 ub

123 2342 262 2419 abusum,
286 2343 358 2420 quia
382 2343 529 2401 Dominus
551 2342 633 2419 dicit,
656 2342 783 2419 Propter
805 2361 854 2400 me
877 2341 966 2400 deleo
989 2343 1045 2400 ini-

123 2427 255 2504 quitates
279 2435 356 2501 tuas,
381 2443 442 2484 non
467 2435 592 2506 propter
607 2425 768 2504 pecunias.

208 2511 261 2584 12)
298 2509 412 2588 Papam
447 2527 541 2588 posse
568 2510 722 2568 remittere
756 2526 877 2568 omnem
912 2526 1043 2585 poenam

123 2610 178 2672 pro
209 2593 347 2671 peccatis
376 2591 508 2651 debitam
541 2592 629 2650 huius
666 2599 697 2650 et
728 2591 848 2650 futurae
881 2592 978 2667 vitae,
1014 2598 1045 2650 et

123 2674 204 2753 quod
227 2674 438 2753 indulgentiae
461 2677 581 2754 prosint
603 2694 663 2733 non
686 2675 867 2749 criminosis,
889 2675 1044 2733 somniant

123 2776 230 2818 secure
253 2757 459 2817 indoctissimi
480 2759 655 2836 sophistae,
691 2764 721 2817 et
749 2757 884 2835 pestiferi
907 2756 1042 2815 adulato-

122 2860 180 2918 res,
203 2848 389 2903 uon-tamen
412 2841 461 2900 vel
488 2849 560 2901 nutu
583 2847 713 2920 possunt
735 2839 906 2900 ostendere.

207 2923 263 3006 13)
294 2924 468 2984 Romanam
498 2924 660 2984 ecclesiam
699 2943 767 2983 esse
802 2923 942 2982 erunibus
975 2923 1042 2982 aliis

120 3009 327 3087 superiorem,
356 3008 502 3086 probatur
524 3028 563 3067 ex
585 3007 786 3086 frigidissimis
810 3007 898 3066 Rom.
922 3007 1041 3086 pontili-

121 3110 189 3150 cum
212 3091 353 3166 decretis,
376 3092 457 3150 iutra
474 3090 714 3170 quadringentos
737 3110 834 3150 annos
857 3091 947 3168 natis,
971 3109 1041 3150 con-

122 3181 166 3233 tra
189 3193 268 3252 quae
291 3181 361 3233 sunt
382 3174 528 3234 historiae
550 3174 738 3253 approbatae
762 3173 844 3232 mille
868 3180 898 3232 et
919 3181 1040 3233 centum

122 3277 286 3335 annorum,
321 3263 422 3316 textus
456 3256 624 3336 scripturae
657 3257 794 3335 divinae,
827 3263 856 3316 et
885 3257 1040 3316 decretum

120 3339 229 3401 Niceni
252 3340 392 3418 Consilii,
409 3341 544 3399 omnium
567 3342 773 3400 sacratissimi.

122 3547 137 3552 ...
145 3547 224 3552 .-.-.-
235 3546 242 3553 >
248 3546 330 3553 -q

192 3644 222 3706 l)
246 3644 274 3694 ln
295 3641 335 3694 ed.
357 3644 436 3710 Prop.
455 3641 535 3694 Luth.
555 3658 579 3693 a.
602 3641 684 3696 1538:
705 3641 800 3692 stulto.

190 3715 223 3780 2)
246 3714 275 3766 ln
296 3713 337 3766 ed.
356 3712 438 3781 Prop.
460 3714 535 3765 luth.
557 3728 579 3764 a.
601 3713 684 3768 1558:
705 3713 936 3780 Extravagautes.

144 3902 235 3959 erpherr'
247 3911 295 3946 opp,
315 3901 336 3938 V,
350 3899 375 3935 Α,
391 3899 422 3935 ad
432 3898 472 3936 rct‘.
487 3898 537 3936 lrr'st.
554 3899 569 3936 i.
583 3910 605 3947 p.
624 3900 671 3940 Vol.
685 3901 728 3943 ΠΙ,
853 3884 875 3954 2
