2346 4208
371 280 407 335 de
423 278 604 335 Sacramento
623 278 764 348 baptismi.
976 270 1039 341 399

111 468 230 550 incipit,
251 474 350 530 tesua
364 467 512 548 gabaae
526 466 633 546 spiritu
655 482 711 525 suo
729 461 893 544 perfundit,
912 466 1039 531 sanctus

113 558 215 613 eutem
231 551 360 633 Spiritus
382 551 484 611 statim
501 556 642 613 naturam
665 554 696 609 et
709 553 839 628 peccatu
852 544 1039 608 mortificare

111 636 236 717 incipit,
273 642 367 716 atque
387 634 430 694 ita
457 636 489 694 te
512 632 550 693 ad
574 638 703 692 mortem
729 638 760 692 et
780 631 1037 692 resurrectionem

112 720 145 779 in
165 719 337 780 novissimo
360 716 410 777 die
431 722 625 797 praeparat·

196 801 350 880 Secundo,
372 807 542 882 praeterea,
564 800 637 878 quia
659 795 845 859 tuamlidem
862 796 1038 879 obstringis,

114 890 145 946 te
166 884 268 965 quoad
291 886 378 946 vivas
409 890 490 944 tuam
515 901 638 943 carnem
661 900 700 942 au
726 886 856 964 peccata
878 878 1039 943 mortifica-

114 975 232 1047 turum,
261 987 328 1030 sam
353 985 476 1048 quoque
498 967 689 1027 voluntatem
711 971 794 1025 tuam
816 963 928 1046 probat
944 964 1039 1044 Deus,

113 1058 207 1130 teque
228 1052 330 1112 multis
344 1070 381 1112 ac
395 1050 487 1110 variis
506 1050 593 1110 bonis
617 1048 769 1128 operibus,
792 1046 894 1127 quoad
916 1048 1040 1127 vixeris,

114 1141 248 1214 exercet,
270 1141 429 1216 praeterea
446 1151 536 1194 cruce
558 1130 826 1210 etalilictiunibus,
848 1131 956 1211 quibus
969 1129 1039 1209 hoc,

114 1217 197 1297 quod
217 1228 249 1278 tu
271 1220 301 1278 in
324 1218 478 1298 baptismo
500 1217 625 1297 petiisti,
647 1214 792 1292 coniicit,
814 1233 926 1295 nempe
954 1221 988 1275 ut
1008 1222 1040 1275 te

114 1301 223 1362 liberet
244 1321 263 1363 a
284 1303 430 1384 peccatis,
453 1298 626 1377 mortificet,
650 1307 681 1359 et
702 1300 863 1359 resuscitet
883 1300 913 1359 in
937 1298 1040 1359 novis-

115 1385 192 1446 simo
215 1384 274 1461 die,
296 1390 389 1464 atque
410 1385 453 1444 ita
475 1383 644 1464 baptismus
666 1381 852 1442 absolvatur.

196 1468 273 1530 (lum
295 1469 390 1550 igitur
420 1467 551 1548 legimus
573 1472 627 1527 aut
648 1464 802 1543 videmus,
829 1463 961 1525 sanctos
986 1464 1040 1524 mi·

115 1570 182 1613 sere
204 1551 316 1632 affligi,
346 1551 438 1611 variis
460 1553 532 1612 item
556 1551 693 1610 exerceri
716 1547 957 1623 calamitatibus,
994 1548 1041 1608 sic

115 1636 302 1713 sentiamus,
336 1634 391 1695 illa
413 1635 517 1695 omnia
542 1632 609 1694 fleri
631 1653 650 1693 a
670 1632 805 1713 propitio
827 1631 911 1707 Deo,
930 1638 963 1691 ut
984 1648 1039 1692 eos

116 1717 291 1796 mortificet,
336 1723 368 1778 et
404 1717 449 1777 sic
482 1715 612 1777 satisfiat
654 1720 847 1776 sacramento
886 1713 1040 1795 baptismi,

114 1820 226 1882 nempe
260 1812 294 1862 ut
328 1801 438 1863 mortui
460 1798 657 1881 retingantur.
701 1799 767 1860 Nisi
790 1799 871 1860 euim
895 1796 956 1858 boc
976 1795 1040 1875 flat,

114 1891 148 1946 ut
175 1885 268 1946 variis
296 1885 385 1945 malis
408 1902 609 1945 exerceamur
642 1889 673 1943 et
694 1883 863 1958 iactemur,
878 1900 882 1917 ·
897 1888 1041 1962 corrupta

114 1968 191 2029 haec
212 1975 321 2029 natura
343 1969 446 2029 vincet
467 1986 540 2046 nos,
564 1973 597 2027 ut
617 1966 718 2027 nullus
740 1967 779 2027 sit
791 1965 935 2045 baptismi
955 1982 1040 2043 usus,

114 2051 167 2113 sed
190 2051 320 2113 subinde
342 2071 360 2112 e
382 2058 511 2131 peccato
545 2052 578 2110 iu
607 2057 766 2131 peccatum
788 2049 982 2127 recidamus,
1009 2055 1041 2110 et

114 2136 190 2195 tales
212 2149 373 2216 perpetuo,
396 2134 503 2215 quales
525 2135 588 2195 nati
610 2154 725 2212 sumus,
748 2151 936 2195 maneamus.

196 2219 347 2297 Decimo,
381 2237 450 2278 curn
473 2236 547 2298 ergo
576 2224 607 2277 tu
640 2237 708 2278 cum
733 2218 800 2278 Deo
834 2216 895 2277 tale
929 2218 1039 2298 iungas

113 2302 240 2382 foedus,
271 2303 337 2382 ipse
359 2303 492 2362 vicissim
515 2303 721 2382 pergratiam
745 2320 831 2361 suam
855 2319 888 2361 se
910 2300 1041 2361 obstrin-

113 2387 170 2465 git,
194 2384 275 2465 quod
298 2386 441 2465 reliquias
464 2393 671 2465 peccatorum,
694 2404 773 2464 quae
794 2404 812 2445 a
832 2384 985 2467 baptismo
1008 2387 1039 2444 in

115 2476 222 2529 natura
244 2481 297 2530 tua
317 2477 489 2548 supersunt,
512 2468 590 2528 nolit
610 2469 771 2548 imputare,
793 2467 934 2547 adeoque
957 2465 1040 2547 quod

112 2560 238 2633 propter
268 2572 320 2613 ees
344 2560 373 2613 te
395 2552 473 2613 nolit
494 2551 711 2612 condemnare.
755 2551 794 2610 Et
823 2552 896 2611 setis
926 2558 973 2612 est
1001 2553 1040 2631 ei,

112 2635 233 2716 hocque
262 2637 353 2697 unice
384 2636 518 2716 probat,
553 2635 578 2694 si
600 2633 724 2695 assiduo
760 2634 883 2695 labores
912 2644 1040 2714 peccata

114 2718 308 2797 mortificare,
331 2726 361 2779 et
384 2727 511 2779 mortem
535 2725 676 2798 exoptes,
696 2737 774 2797 quae
796 2719 931 2779 innatam
954 2717 1038 2779 illam

112 2802 150 2862 ad
174 2803 365 2883 peccandum
389 2804 448 2862 vim
472 2802 569 2864 tollat.

194 2885 225 2947 Si
247 2887 340 2967 igitur
362 2888 475 2947 sentias
499 2893 528 2946 te
552 2885 638 2945 malis
652 2884 903 2966 cogitationibus,
926 2903 1040 2946 concu-

113 2969 272 3048 piscentie,
294 2971 366 3031 item
390 2970 458 3029 aliis
482 2968 640 3030 affectibus
659 2969 778 3049 agitari,
800 2969 862 3029 imo
885 2968 910 3029 si
933 2967 1039 3029 videas

112 3052 277 3131 aliquando
301 3052 480 3134 prolapsum
515 3060 545 3113 te
567 3053 598 3112 iu
621 3059 782 3132 peccatum
804 3049 950 3131 aliquod,
985 3048 1040 3113 illa

112 3138 216 3195 omnia
239 3144 322 3198 certo
346 3135 400 3197 tibi
424 3144 494 3196 sunt
517 3135 703 3215 condonata,
726 3137 755 3195 vi
777 3135 932 3214 foederis,
956 3133 1039 3215 quod

111 3237 178 3278 cum
204 3220 270 3281 Deo
294 3221 418 3280 iunxisti
441 3221 472 3280 in
496 3220 556 3280 hoc
578 3227 789 3298 sacramento,
819 3221 844 3279 si
879 3217 972 3279 modo
994 3238 1039 3279 re·

111 3303 239 3382 sipiacas
262 3323 299 3363 sc
320 3303 428 3364 redeas
451 3302 489 3363 ad
512 3304 573 3363 hoc
593 3302 702 3363 foedus
725 3304 815 3382 eique
837 3302 955 3363 credas.

193 3385 227 3445 ld
250 3387 332 3466 quod
355 3386 385 3448 fi.
408 3387 520 3447 Paulus
543 3387 632 3447 Rom.
655 3389 684 3450 8.
706 3385 830 3463 indicat,
855 3405 923 3447 cunr
946 3385 1038 3447 dicit.-

111 3468 201 3529 Nulla
230 3489 311 3531 nuuc
345 3469 562 3531 condemnatio
586 3477 664 3548 etc,
686 3470 716 3529 id
739 3475 805 3548 est,
827 3469 881 3529 illa
912 3478 1039 3530 naturae

111 3554 175 3629 vis,
211 3553 332 3631 quaed
355 3553 544 3634 peccandum
573 3554 659 3613 iuviti
692 3555 839 3633 rapimur,
874 3554 1038 3632 nemiuem,

110 3638 212 3715 quiin
237 3636 389 3697 Christum
413 3636 531 3709 credit,
553 3636 767 3715 condemnat,
803 3638 829 3698 si
853 3636 946 3698 modo
969 3656 1037 3698 eam

112 3737 173 3780 uon
197 3719 364 3800 probemus
387 3739 425 3780 ac
447 3720 657 3784 defendemus.

192 3804 267 3866 ltern
291 3803 321 3870 S.
333 3804 493 3866 lohannes
515 3805 546 3866 in
569 3822 625 3865 sua
645 3803 797 3866 canonica
817 3821 846 3870 c.
859 3806 897 3872 2:
918 3803 957 3868 bi
976 3803 1048 3886 quis
