2346 4208
325 274 353 324 et
372 272 553 326 decremento
571 271 762 327 eucharistion.
945 265 1007 333 441

86 455 149 517 boc
170 457 320 538 cst,'cgo
342 457 427 518 illum
449 458 578 519 fortunis
602 459 694 534 meis,
726 477 796 519 meo
819 476 949 537 corpore
971 474 1010 519 cc

87 540 161 614 vita,
181 540 256 604 item
280 541 422 604 omnibus
445 539 600 622 iis,'quoc
623 539 741 620 babeo,
764 541 911 619 sublevo,
933 561 1008 620 quu-

87 640 209 703 cunque
238 625 269 683 in
300 644 333 685 re
367 643 511 705 possum,
544 625 587 685 illi
622 625 731 685 odeum
763 644 894 704 eumque
924 623 1007 684 iuvol

87 705 196 766 Habeo
218 711 320 768 cutem
344 713 376 768 et
397 725 457 788 ego
471 708 579 768 iisdem
604 706 712 768 officiis
735 727 813 788 opus
837 714 867 768 et
888 714 1008 789 grotum

89 795 151 865 est,
187 790 270 868 quod
300 791 432 851 vicissim
468 810 517 851 me
549 790 695 852 sublevet.
741 791 792 852 Sic
818 791 958 871 impliciti
979 797 1011 853 et

89 874 244 932 coniuncti
265 875 446 934 inservimus
469 873 520 934 clii
542 874 609 934 aliis
632 876 744 936 mutuis
766 873 885 953 ciliciis,
907 892 1010 952 quem·

89 953 256 1016 comodum
279 975 402 1037 quoque
424 955 561 1018 Christus
590 958 680 1018 nobis
709 959 887 1037 inservivit,
917 966 1010 1036 atque

88 1037 150 1098 boc
174 1039 296 1118 quidem
321 1047 368 1100 est
389 1040 586 1121 spiritualiter
609 1041 794 1102 munducare
818 1046 850 1101 et
870 1040 984 1102 bibere.

172 1138 328 1200 Debemus
350 1141 456 1221 igitur,
486 1147 633 1220 quantum
656 1143 785 1222 quisque
807 1138 925 1221 potest,
958 1160 1009 1202 sn-

88 1223 160 1298 niti,
196 1230 229 1282 ut
249 1242 305 1301 per
335 1223 389 1284 illu
422 1225 556 1284 caritatis
590 1223 695 1285 officia
727 1227 800 1285 certi
834 1224 1011 1302 reddemur,

89 1323 147 1365 nos
176 1305 308 1384 aliquem
341 1307 469 1368 fructum
494 1326 533 1367 ex
556 1308 622 1368 'hoc
652 1317 846 1369 sacramento
879 1310 1009 1389 cepisse.

90 1386 197 1468 Neque
227 1390 306 1448 enim
342 1390 398 1470 ipsi
428 1390 527 1460 solum
560 1392 634 1451 certi
664 1401 725 1450 lum
749 1391 920 1464 reddimur,
955 1390 1010 1452 sed

90 1470 142 1530 alii
178 1489 301 1551 quoque
336 1473 481 1534 homines
514 1472 543 1532 id
578 1472 699 1549 vident,
737 1473 886 1535 admoniti
920 1473 1011 1536 bonis

90 1553 251 1634 operibus,
283 1573 363 1633 quoe
393 1576 449 1616 suo
479 1563 590 1636 sponte
615 1564 676 1615 tum
700 1565 876 1636 sequnntur.
920 1555 1011 1632 Quod

89 1637 140 1714 qui
163 1655 226 1697 non
248 1637 381 1716 fuciunt,
411 1638 464 1715 illi,
495 1639 615 1698 etiamsi
640 1641 762 1720 saepius
786 1646 1010 1704 sacromentum

89 1727 227 1794 sumunt,
251 1720 347 1781 nihilo
372 1727 473 1783 tamen
497 1721 663 1782 redduntur
685 1721 835 1784 meliores.

173 1819 328 1880 Mittomus
351 1822 442 1902 igitur
463 1821 531 1881 illos
554 1823 772 1903 cogitationes,
797 1822 905 1902 quibus
931 1822 1011 1882 exci-

91 1913 155 1962 tare
177 1902 301 1982 quidam
321 1923 355 1963 se
377 1904 415 1964 cd
439 1905 499 1964 hoc
513 1913 739 1966 sacromentum
762 1907 874 1968 solent.
908 1904 1009 1967 Vitam

90 2005 176 2045 suam
200 1995 232 2045 et
252 1988 334 2046 facto
355 2007 411 2046 sue
433 1994 536 2067 putet*
555 1989 612 2048 sibi
642 1991 851 2069 unusquisque
873 1989 1012 2069 proposi-

91 2077 152 2128 tum
176 2070 349 2148 speculum⁷
380 2072 493 2149 inquo
517 2071 634 2148 videat,
665 2090 739 2132 num
769 2073 862 2153 digne
884 2079 915 2131 et
942 2090 1010 2131 cum

90 2151 188 2211 fructu
210 2152 269 2212 hoc
293 2160 484 2213 sacramento
509 2156 545 2213 sit
569 2175 648 2214 usus.
692 2155 759 2216 Hoc
781 2158 861 2216 enim
885 2155 1010 2216 omnino

89 2233 154 2294 lieri
178 2234 284 2313 debet,
317 2244 348 2295 ut
369 2245 592 2296 sacramentum
617 2239 675 2297 boc
698 2255 799 2301 mores
822 2259 858 2300 ac
886 2257 1009 2299 omnem

89 2319 183 2377 vitem
214 2328 349 2378 nostram
380 2322 532 2397 immutet,
567 2329 658 2398 atque
687 2323 765 2383 alios
795 2323 888 2402 plone
915 2319 1012 2401 linget

89 2400 240 2460 hominen.

172 2501 248 2560 Nom
274 2511 335 2560 tum
360 2502 453 2578 dictu⁷
476 2512 536 2561 turn
561 2504 641 2562 luctu
656 2504 711 2562 [lei
730 2526 790 2564 non
814 2506 916 2565 solent
940 2525 1009 2564 esse

91 2585 212 2658 otioso,
247 2585 299 2644 sed
334 2586 532 2644 maximarum
567 2606 667 2645 reruni
702 2594 772 2646 sunt
804 2589 955 2667 principia
979 2597 1010 2647 et

89 2668 206 2745 fontes,
230 2668 400 2727 liberanto
424 2669 569 2747 peccatis,
592 2688 608 2726 u
635 2680 742 2746 morte,
766 2669 891 2730 diabolo
915 2678 944 2730 et
965 2672 1009 2730 in-

88 2752 187 2825 l‘erno,
207 2760 238 2809 et
259 2752 304 2809 sic
321 2769 378 2810 nos
402 2752 595 2828 confirmant,
621 2760 652 2810 ut
675 2752 756 2811 nulls
784 2760 937 2812 tantares
960 2755 1008 2827 sit,

90 2853 151 2909 quo
173 2835 294 2892 territus
316 2832 434 2893 animus
458 2835 646 2894 succumbat.

171 2933 306 2993 Econtra
329 2929 373 2993 sic
396 2954 519 3014 quoqne
541 2942 651 3013 purant
673 2937 825 3004 animum,
850 2944 881 2992 nt
905 2935 1008 2994 volen-

89 3026 134 3075 tes
158 3018 248 3076 elicm
281 3017 392 3077 infimis
414 3018 589 3078 hominibus
611 3020 833 3094 inserviamus,
863 3028 893 3076 et
916 3024 948 3076 ut
971 3020 1009 3077 sit

89 3098 237 3178 voluptati
269 3099 419 3160 beneficio
440 3102 469 3160 in
494 3121 586 3180 quam
610 3102 756 3181 plurimos
789 3121 905 3171 serere,
948 3120 1008 3161 rur·

15 3236 17 3242 ,
89 3202 159 3257 sus,
196 3193 228 3241 ut
257 3183 361 3244 doleat
391 3203 448 3243 nos
479 3186 569 3243 tontis
602 3185 706 3261 bonis,
740 3203 818 3263 quae
850 3184 1008 3261 habemus⁷

89 3285 150 3324 non
185 3265 223 3323 ad
257 3267 454 3344 plurimorum
491 3268 620 3326 salutem
648 3288 686 3326 ac
714 3267 908 3328 commodum
940 3285 1008 3326 esse

90 3367 172 3407 usos.

173 3449 203 3508 Si
228 3451 277 3527 qui
303 3469 376 3529 ergo
401 3457 485 3525 sunt,
519 3452 548 3509 in
572 3450 682 3528 quibus
704 3459 927 3510 sacromentum
950 3450 1007 3510 hos

90 3533 202 3591 tructus
226 3552 287 3592 non
312 3532 467 3611 producit,
501 3533 666 3612 periculum
702 3541 762 3609 est,
795 3552 834 3592 ne
857 3535 893 3592 iis
916 3535 1007 3593 etiem

91 3617 188 3695 magis
212 3615 300 3676 obsit.
345 3615 414 3676 Non
440 3610 544 3675 tamen
565 3615 703 3675 infirmos
725 3615 916 3676 abiiciendos
939 3635 1008 3677 cen-

89 3716 154 3775 seo,
178 3700 203 3757 si
226 3699 325 3758 minus
349 3698 440 3776 hoec,
463 3717 541 3777 quae
564 3698 706 3777 diximus,
729 3700 863 3778 perfecte
884 3700 1008 3777 fuciunt,

89 3779 127 3841 de
149 3781 211 3842 illis
234 3780 320 3860 dico,
343 3781 394 3860 qui
415 3782 519 3862 ignovi
542 3788 574 3841 et
596 3783 749 3842 temerarii
772 3789 859 3863 sunt,
888 3783 940 3863 qui
960 3802 1007 3844 so·
