2346 4208
237 246 372 302 adversus
392 248 599 301 criminationes
618 245 753 344 iohannis
771 242 856 297 Festi.
964 239 1004 304 15

81 433 207 514 dicitur)
238 436 328 496 ferire
350 453 456 496 coram
477 435 585 506 leone,
608 436 701 493 etex
723 429 931 512 disputatione
953 446 1005 490 vo·

81 520 179 579 ritatis
202 518 306 579 facere
328 518 521 660 tragqediam
544 515 686 577 invidiae.

164 602 225 661 Sed
258 603 454 661 criminentur·
484 610 630 679 quantum
663 599 775 675 veiint,
821 599 1017 656 consecrent*

82 685 148 744 sedi
164 691 257 764 apost
245 685 358 744 tolicae
373 704 444 744 suas
459 684 572 742 adulat
553 691 663 759 t,rones
677 688 862 742 consecrent
874 697 1002 739 scamno

82 777 112 828 ct
141 767 296 839 scabello,
331 777 515 827 consecrent
549 768 641 826 etiam
676 755 773 825 cistae
814 762 1007 843 apostolicae

84 850 352 931 (quandoquidem
375 850 453 910 hacc
474 849 514 910 ad
536 870 601 908 rem
622 846 882 928 indulgentiarum
893 852 925 907 et
943 863 1006 907 rno-

82 934 238 993 uorchiam
263 934 396 992 maxime
419 933 555 992 omniurn
577 951 634 1012 per
635 934 741 1008 tinet)
771 928 1005 1024 transiliente]

83 1026 147 1076 tare
170 1017 219 1075 sui
241 1016 338 1076 caat*
350 1023 372 1090 t,
395 1015 530 1075 clament
552 1034 631 1076 voce
653 1017 788 1092 maiore,
819 1014 901 1073 Deus
925 1013 1007 1072 enim

83 1108 138 1173 est
161 1100 293 1159 forsitan
317 1099 474 1177 loquetur,
499 1100 580 1158 aut
572 1119 603 1158 m
625 1099 750 1171 itinere,
784 1097 864 1157 aut
857 1116 885 1155 ιιι
909 1094 1006 1154 diver·
1084 1156 1089 1169 ‚

84 1184 165 1242 sorio
189 1186 254 1258 est,
284 1189 337 1240 aut
358 1189 440 1241 certe
462 1181 590 1260 dormit,
622 1189 655 1241 ut
686 1182 844 1241 excitetur.
890 1177 1009 1239 Sufficit

84 1265 164 1341 mihi,
188 1265 273 1343 quod
296 1263 385 1324 sedes
408 1264 581 1344 apostolica
603 1283 703 1344 neque
727 1264 800 1338 vuit,
823 1281 923 1341 neque
952 1277 1006 1341 po-

84 1357 143 1407 test
164 1347 331 1426 quidquam
356 1358 464 1407 contra
487 1347 648 1408 Christum.
692 1347 757 1408 Nec
785 1349 814 1406 in
838 1347 896 1406 hac
917 1366 950 1404 re
973 1345 1007 1405 ti-

84 1431 191 1495 mebo
215 1450 270 1490 seu
293 1450 416 1511 papam,
440 1450 494 1490 seu
517 1449 630 1490 nornen
653 1449 763 1511 papae,
787 1430 882 1489 multo
906 1429 1006 1488 minus

83 1532 204 1592 pappos
226 1520 258 1572 et
278 1532 399 1593 puppas
421 1514 504 1574 istas
555 1577 563 1593 x

164 1596 267 1656 Unum
299 1614 359 1675 ego
382 1604 507 1676 specto
541 1615 579 1656 ne
607 1596 739 1655 nominis
763 1597 821 1655 mei
844 1572 1007 1654 Christiani

85 1678 217 1757 spolium
246 1678 367 1738 cedat
359 1698 390 1737 ιιι
414 1679 573 1739 doctrinae
596 1679 706 1738 Christi
734 1679 927 1758 purissimum
950 1678 1008 1737 dis·

86 1762 240 1840 pendium.
296 1761 374 1820 Nam
407 1761 459 1821 hic
486 1762 578 1836 noio,
612 1762 691 1820 ullus
721 1781 820 1821 meam
849 1767 1011 1842 exspectet

84 1845 277 1922 patientiam,
301 1845 375 1904 nolo
398 1844 509 1904 Eccius
532 1852 659 1924 quaerat
680 1863 739 1904 nec
769 1845 928 1923 subnigra
950 1861 1009 1904 nec

86 1927 139 1986 sub
162 1929 236 1987 alba
257 1926 378 1986 cuculla
401 1928 600 2004 modestiam,
635 1926 800 1987 maledicta
828 1929 867 1987 sit
895 1928 1009 2006 impiae

85 2012 164 2069 illius
187 2011 372 2070 clementiae
395 2010 503 2089 gloria,
526 2030 595 2089 quai
611 2009 786 2087 Achah**j
812 2010 936 2069 dimittit
953 2010 1009 2069 Be-

87 2093 188 2152 nadab
211 2093 335 2152 hostem
358 2092 465 2154 Israel.
508 2094 566 2153 Hic
588 2096 667 2154 enirn
691 2094 802 2154 vellem
827 2114 887 2152 non
914 2092 1007 2153 modo

86 2197 154 2235 esse
177 2177 410 2254 potentissimus
440 2176 609 2236 mordendo
647 2177 746 2255 (quod
769 2176 864 2236 Eccio
893 2176 1008 2252 dolet),

86 2260 138 2318 sed
160 2260 293 2317 invictus
322 2277 445 2336 quoque
468 2259 665 2329 devorando,
699 2279 759 2338 quo
790 2269 820 2318 et
842 2259 1007 2319 Silvestros

86 2353 115 2401 et
136 2342 312 2416 Civestros‚
343 2350 373 2400 et
395 2343 561 2404 Caietanos
593 2353 623 2403 et
651 2343 777 2416 Eccios‚
812 2344 1008 2420 reliquosque
1048 2345 1050 2350 '

85 2427 228 2484 iratiores
251 2424 443 2484 Christianae
470 2428 588 2505 gratiae
607 2429 838 2505 impugnatores
867 2445 927 2484 uno
962 2423 1009 2504 (ut

86 2510 181 2567 isaiae
205 2507 301 2566 verbo
326 2514 412 2581 utar)
439 2529 492 2568 ore
514 2509 666 2569 devorare
687 2528 822 2587 possem.
859 2509 1009 2567 Terreant

85 2591 175 2649 alium
199 2610 256 2669 per
278 2589 472 2650 adulationes
501 2603 532 2652 et
558 2595 807 2652 consecrationes
830 2610 919 2667 suas,
953 2592 1007 2649 Lu-

86 2676 187 2732 therus
224 2673 402 2733 sacerdotes
436 2682 467 2733 et
495 2683 727 2735 consecratores
751 2676 833 2734 sedis
862 2674 1008 2753 apostoli-

87 2776 141 2816 cae
177 2758 357 2816 contemnit.
418 2756 529 2816 Cetera
561 2761 590 2816 in
626 2758 832 2838 disputatione
872 2766 903 2817 et
937 2764 1008 2835 post

86 2840 337 2918 disputationem.
397 2839 456 2898 Sed
495 2849 526 2900 et
558 2842 594 2900 D.
635 2842 775 2901 Andreas
809 2840 1007 2918 Car-lstadius,

85 2924 183 2981 victor
222 2922 349 2980 Ecciani
387 2925 497 2982 erroris
535 2927 601 3003 jam
638 2925 765 2998 dudum,
804 2925 907 2983 veniet
945 2941 1007 2983 non

85 3007 229 3084 fugitivus
259 3005 362 3082 miles,
392 3007 445 3065 sed
477 3017 628 3066 mortuum
658 3009 740 3067 hunc
772 3013 803 3066 et
829 3026 848 3065 a
880 3027 914 3065 se
940 3025 1008 3085 pro·

85 3099 216 3147 stratum
243 3087 363 3147 leonem
397 3107 465 3147 curn
495 3090 816 3170 iiduciaexcipiet¹)‚
840 3098 941 3148 tamen
965 3091 1007 3148 in-

86 3174 172 3230 terim
202 3172 338 3250 gaudere
372 3175 575 3248 permittimus
609 3177 749 3234 miseram
789 3175 1007 3231 conscientiam

85 3254 229 3313 simulata
251 3274 306 3334 spe
330 3256 471 3334 triumphi
506 3265 537 3316 et
570 3277 650 3316 vana
681 3260 829 3316 minarum
852 3257 1008 3315 iactantia.

84 3338 178 3416 Igitur
200 3336 281 3396 addo
305 3345 336 3396 et
363 3358 422 3417 ego
451 3341 526 3399 ineis
549 3340 811 3419 propositionibus
836 3338 1008 3399 tertiarnde-

85 3423 196 3479 cimam
219 3419 426 3489 adversariam
452 3423 605 3484 Ecoianae
627 3423 815 3499 iracundiae,
840 3423 896 3482 Dei
919 3423 1009 3495 suerit

140 3635 169 3693 ‘t
192 3632 200 3683 l
226 3632 295 3699 Reg.
317 3630 359 3684 18.
434 3631 482 3697 ”J
505 3630 522 3683 2
543 3632 610 3696 Reg.
632 3631 675 3685 22.

142 3705 154 3756 1
163 3713 172 3764 J
194 3703 269 3755 Haec
289 3703 387 3754 verba:
427 3700 526 3753 Sedet
550 3731 579 3739 —
600 3705 732 3770 excipiet,
763 3702 863 3755 desunt
888 3704 914 3753 in
944 3700 1009 3757 edit.

194 3774 263 3842 Opp.
285 3775 359 3826 Luth.
380 3773 437 3825 den.
460 3781 487 3826 et
502 3775 630 3827 Wittenb.
