2346 4208
9 3900 35 3952 h

115 262 181 333 420
419 265 576 330 Disputatio
594 262 628 317 D.
648 263 683 318 Ι.
701 261 733 317 L

218 539 255 601 D.
279 537 468 597 Martinus
490 532 680 595 lantherus
703 534 768 614 pio
790 533 950 598 Iootori.

205 655 364 715 Venerunt
395 655 426 714 in
458 672 565 713 munus
587 671 674 713 meus
695 651 852 732 quaedum
873 652 1038 712 Positiones

124 737 169 821 (is
191 737 295 798 titulus
317 735 401 817 erut)
425 737 542 796 ineerto
564 744 690 813 sutore,
717 737 800 795 inter
820 736 945 796 Fratres
965 754 1038 815 spur-

121 841 194 896 sse,
228 839 304 899 quus
325 840 366 880 ne
386 820 510 880 silentio
531 819 652 880 viderer
672 818 869 899 approbare,
891 819 976 878 volui
995 820 1041 876 irn-

123 902 300 985 probundus
321 903 500 982 invulgsre‚
531 911 564 963 ut
585 910 731 963 testatum
753 903 910 979 facerem,
942 900 1041 979 quibus

123 1005 267 1067 possem,
303 1005 360 1045 nos
382 986 422 1046 ub
443 985 595 1047 eiusmodi
615 987 768 1066 portentis
789 1004 922 1064 prorsus
944 984 1041 1044 obhor-

123 1089 209 1144 rere,
239 1068 270 1128 id
293 1068 375 1146 quod
397 1068 584 1150 paulopost
605 1069 766 1129 contrariis
788 1067 1043 1148 disputationibus

125 1152 214 1232 (Deo
238 1150 381 1230 volente)
406 1151 600 1212 manifestum
622 1152 829 1227 faciemus*).

383 1312 476 1375 Anno
499 1314 538 1377 II.
561 1315 599 1377 D.
622 1313 792 1376 XXXVIII.

291 1430 453 1494 Antiuomi
474 1432 631 1493 cniusdam
653 1429 885 1513 Positiones¹).

211 1553 239 1611 1.
270 1549 466 1610 Poenitentis
498 1549 640 1611 dooendu
668 1556 802 1610 estnon
825 1569 867 1609 ex
891 1548 1048 1628 decalogo,

126 1640 181 1693 sut
201 1632 264 1693 ullu
282 1632 353 1713 lege
365 1632 455 1711 Mosi,
476 1633 531 1695 sed
554 1653 593 1694 ex
615 1632 785 1694 violatione
806 1631 863 1693 filii
886 1652 944 1711 per
965 1651 1048 1692 evan·

148 1717 249 1778 slium.
496 1730 498 1735 ’
631 1728 634 1735 ’

126 1736 147 1797 g
211 1801 240 1862 2.
262 1798 340 1859 Num
361 1798 499 1860 Christus
511 1798 611 1860 Luoae
632 1798 741 1858 ultimo
759 1798 818 1857 sit:
841 1796 897 1858 Sio
919 1798 1050 1879 oportuit

129 1881 282 1942 Christum
305 1883 398 1960 mori,
430 1889 462 1943 et
487 1881 549 1943 hoo
570 1881 663 1943 modo
686 1882 801 1941 intrare
823 1881 854 1940 in
879 1901 970 1942 suum
992 1881 1051 1961 glo·

130 1966 226 2044 nom,
255 1972 288 2025 nt
309 1965 504 2045 praedicetur
524 1967 556 2026 in
579 1965 704 2026 nomine
726 1983 783 2024 suo
807 1965 1005 2044 poenitentis
1026 1973 1053 2023 et

130 2049 272 2109 remIssio
295 2057 504 2128 peooutorum.

213 2132 242 2194 3.
271 2130 312 2191 Et
344 2131 481 2191 Christus
508 2130 590 2210 opud
617 2130 786 2192 Iohannem
815 2131 883 2208 uit2
912 2129 1052 2210 Spiritum

130 2232 259 2295 arguere
282 2213 428 2272 mundum
452 2214 491 2274 de
513 2222 653 2294 peccato,
677 2232 739 2274 non
761 2212 877 2292 legem.

212 2298 241 2360 4.
265 2296 340 2356 Item
363 2295 455 2358 docet
476 2297 582 2357 ultIma
604 2298 713 2357 oonoio
736 2296 868 2356 Christi:
892 2297 951 2376 Ite,
975 2315 1052 2377 prue-

132 2380 235 2441 dioute
258 2381 453 2460 evangelium
476 2382 561 2441 omni
583 2387 750 2440 creaturas.

213 2468 242 2528 5.
271 2463 401 2542 Paulus,
429 2483 498 2524 oum
521 2463 560 2524 ud
582 2464 691 2543 Philip.
714 2465 757 2524 uit
781 2461 870 2544 (Hoc
893 2465 1009 2523 sentite
1029 2464 1053 2521 iu

131 2547 230 2627 vohis,
253 2546 335 2626 quod
358 2556 388 2608 et
409 2548 439 2606 in
459 2547 580 2608 Christo
602 2547 681 2623 Iesu,
703 2553 736 2606 ut
756 2547 786 2606 in
809 2547 924 2606 timore
948 2555 982 2606 et
1005 2554 1055 2605 tre

131 2650 217 2692 more
240 2631 369 2691 sulutem
393 2637 526 2690 vestrum
541 2630 741 2709 operemini),
763 2629 928 2708 praeclare
946 2631 1055 2703 statuit,

131 2713 304 2773 docendam
324 2733 393 2774 esse
416 2715 637 2792 poenitentiam
665 2725 773 2791 (quam
797 2720 893 2773 vocat
915 2714 1054 2773 timoren

132 2802 163 2856 et
184 2804 367 2871 tremorem)
393 2816 432 2857 ex
455 2798 604 2857 memorio
625 2795 746 2873 Christi,
769 2815 833 2855 non
857 2815 898 2855 ex
922 2795 1006 2877 lege

215 2880 242 2941 6.
278 2878 327 2938 Ex
360 2880 563 2941 oonoiouihus
598 2879 683 2940 Pauli
722 2886 753 2939 et
785 2878 955 2939 Barnabae
991 2879 1056 2939 sutis

133 2960 327 3022 manifestum
350 2971 413 3043 est,
437 2983 500 3024 non
525 2983 594 3026 esse
616 2981 695 3043 opus
718 2962 787 3042 lege
809 2961 849 3022 ad
875 2962 974 3022 ullam
998 2982 1056 3043 pur·

134 3049 195 3102 tem
218 3044 452 3107 iustificationis.

215 3130 244 3189 7.
279 3127 353 3188 Sine
387 3148 571 3207 quacunque
604 3148 637 3188 re
660 3127 749 3187 datur
770 3125 905 3206 Spintus
930 3139 1060 3201 sanctus,

132 3215 164 3268 et
186 3209 328 3271 homines
351 3212 564 3288 iustificantur,
587 3231 624 3271 eu
645 3230 694 3271 res
717 3229 779 3270 non
803 3219 852 3270 est
874 3214 1061 3283 necessaris,

132 3300 164 3352 ut
188 3293 345 3368 docentur,
368 3315 469 3374 neque
491 3316 546 3375 pro
570 3294 731 3375 prinoipi0,
754 3312 856 3372 neque
872 3295 994 3364 medIo,
1016 3315 1061 3356 ue

131 3393 191 3452 que
214 3376 277 3437 fine
299 3376 537 3440 iustificationis.

131 3575 340 3585 *-

206 3678 233 3725 it
255 3674 331 3727 Haeo
348 3676 494 3742 inscriptio
514 3673 590 3726 deest
608 3674 637 3723 in
656 3669 698 3723 ed.
719 3670 804 3738 1538,
831 3676 953 3739 repetita
975 3684 1019 3729 est
1035 3693 1066 3728 ou

129 3744 174 3802 od.
195 3746 274 3804 1558.
314 3746 435 3813 thulen.
456 3747 505 3798 XX
522 3763 550 3814 p.
570 3745 606 3800 72
624 3749 651 3795 et
669 3742 767 3809 2030).

205 3820 239 3896 *)
259 3822 371 3878 'Iextns
390 3821 526 3889 repetitus
544 3824 588 3869 est
604 3832 643 3868 ex
658 3814 701 3864 ed.
717 3814 801 3866 ioht.
