<?xml version="1.0" encoding="UTF-8"?>
<!DOCTYPE html PUBLIC "-//W3C//DTD XHTML 1.0 Transitional//EN"
    "http://www.w3.org/TR/xhtml1/DTD/xhtml1-transitional.dtd">
<html xmlns="http://www.w3.org/1999/xhtml" xml:lang="en" lang="en">
 <head>
  <title>
</title>
<meta http-equiv="Content-Type" content="text/html;charset=utf-8" />
  <meta name='ocr-system' content='tesseract 3.04.00' />
  <meta name='ocr-capabilities' content='ocr_page ocr_carea ocr_par ocr_line ocrx_word'/>
</head>
<body>
  <div class='ocr_page' id='page_1' title='image "./dmartinilutheri04luthgoog_0526.png"; bbox 0 0 2346 4208; ppageno 0'>
   <div class='ocr_carea' id='block_1_1' title="bbox 447 259 1051 349">
    <p class='ocr_par' dir='ltr' id='par_1_1' title="bbox 447 259 1051 349">
     <span class='ocr_line' id='line_1_1' title="bbox 447 259 1051 349; baseline -0.002 -34"><span class='ocrx_word' id='word_1_1' title='bbox 447 259 611 349; x_wconf 80' lang='lat' dir='ltr'>llieronyml</span> <span class='ocrx_word' id='word_1_2' title='bbox 629 260 747 317; x_wconf 81' lang='lat' dir='ltr'>Ilmseri.</span> <span class='ocrx_word' id='word_1_3' title='bbox 1031 259 1051 326; x_wconf 79' lang='grc'>7</span> 
     </span>
    </p>
   </div>
   <div class='ocr_carea' id='block_1_2' title="bbox 112 448 1077 3599">
    <p class='ocr_par' dir='ltr' id='par_1_2' title="bbox 112 448 1077 1939">
     <span class='ocr_line' id='line_1_2' title="bbox 123 448 1051 532; baseline 0.002 -23"><span class='ocrx_word' id='word_1_4' title='bbox 123 449 187 511; x_wconf 92' lang='lat' dir='ltr'>hoc</span> <span class='ocrx_word' id='word_1_5' title='bbox 219 448 298 509; x_wconf 89' lang='lat' dir='ltr'>falso</span> <span class='ocrx_word' id='word_1_6' title='bbox 335 448 392 510; x_wconf 84' lang='lat' dir='ltr'>sibi</span> <span class='ocrx_word' id='word_1_7' title='bbox 414 448 528 530; x_wconf 85' lang='lat' dir='ltr'>gaudio</span> <span class='ocrx_word' id='word_1_8' title='bbox 552 449 699 526; x_wconf 88' lang='lat' dir='ltr'>illudant,</span> <span class='ocrx_word' id='word_1_9' title='bbox 723 451 890 512; x_wconf 89' lang='lat' dir='ltr'>cristamve</span> <span class='ocrx_word' id='word_1_10' title='bbox 920 453 1051 532; x_wconf 83' lang='lat' dir='ltr'>erigant.</span> 
     </span>
     <span class='ocr_line' id='line_1_3' title="bbox 126 531 1051 615; baseline 0.001 -22"><span class='ocrx_word' id='word_1_11' title='bbox 126 531 209 608; x_wconf 79' lang='lat' dir='ltr'>Quin</span> <span class='ocrx_word' id='word_1_12' title='bbox 233 533 330 613; x_wconf 83' lang='lat' dir='ltr'>magis</span> <span class='ocrx_word' id='word_1_13' title='bbox 354 532 556 608; x_wconf 85' lang='lat' dir='ltr'>erubescant,</span> <span class='ocrx_word' id='word_1_14' title='bbox 579 533 663 612; x_wconf 91' lang='lat' dir='ltr'>quod</span> <span class='ocrx_word' id='word_1_15' title='bbox 684 533 874 594; x_wconf 77' lang='lat' dir='ltr'><strong>reclamante</strong></span> <span class='ocrx_word' id='word_1_16' title='bbox 896 536 987 594; x_wconf 85' lang='lat' dir='ltr'>etiem</span> <span class='ocrx_word' id='word_1_17' title='bbox 1008 536 1051 615; x_wconf 93' lang='lat' dir='ltr'>ip·</span> 
     </span>
     <span class='ocr_line' id='line_1_4' title="bbox 126 613 1052 696; baseline 0.001 -20"><span class='ocrx_word' id='word_1_18' title='bbox 126 635 232 677; x_wconf 82' lang='lat' dir='ltr'>sorum</span> <span class='ocrx_word' id='word_1_19' title='bbox 256 621 387 695; x_wconf 88' lang='lat' dir='ltr'>patrono</span> <span class='ocrx_word' id='word_1_20' title='bbox 412 613 464 696; x_wconf 89' lang='lat' dir='ltr'>(ut</span> <span class='ocrx_word' id='word_1_21' title='bbox 484 616 563 676; x_wconf 86' lang='lat' dir='ltr'>falso</span> <span class='ocrx_word' id='word_1_22' title='bbox 587 618 742 690; x_wconf 87' lang='lat' dir='ltr'>iactitant)</span> <span class='ocrx_word' id='word_1_23' title='bbox 775 617 906 677; x_wconf 83' lang='lat' dir='ltr'>necdum</span> <span class='ocrx_word' id='word_1_24' title='bbox 936 617 975 677; x_wconf 89' lang='lat' dir='ltr'>ad</span> <span class='ocrx_word' id='word_1_25' title='bbox 999 637 1052 680; x_wconf 84' lang='lat' dir='ltr'>cor</span> 
     </span>
     <span class='ocr_line' id='line_1_5' title="bbox 126 697 1053 780; baseline 0 -20"><span class='ocrx_word' id='word_1_26' title='bbox 126 699 267 775; x_wconf 84' lang='lat' dir='ltr'>redeunt,</span> <span class='ocrx_word' id='word_1_27' title='bbox 290 697 345 758; x_wconf 90' lang='lat' dir='ltr'>sed</span> <span class='ocrx_word' id='word_1_28' title='bbox 369 700 528 758; x_wconf 89' lang='lat' dir='ltr'>marmoris</span> <span class='ocrx_word' id='word_1_29' title='bbox 544 701 640 760; x_wconf 86' lang='lat' dir='ltr'>instar</span> <span class='ocrx_word' id='word_1_30' title='bbox 651 702 761 780; x_wconf 84' lang='lat' dir='ltr'>rigent,</span> <span class='ocrx_word' id='word_1_31' title='bbox 784 700 864 760; x_wconf 88' lang='lat' dir='ltr'>haud</span> <span class='ocrx_word' id='word_1_32' title='bbox 888 719 992 774; x_wconf 89' lang='lat' dir='ltr'>secus,</span> <span class='ocrx_word' id='word_1_33' title='bbox 1015 719 1053 761; x_wconf 88' lang='lat' dir='ltr'>ao</span> 
     </span>
     <span class='ocr_line' id='line_1_6' title="bbox 127 781 1051 862; baseline 0.002 -21"><span class='ocrx_word' id='word_1_34' title='bbox 127 784 154 842; x_wconf 88' lang='lat' dir='ltr'>si</span> <span class='ocrx_word' id='word_1_35' title='bbox 181 782 257 842; x_wconf 90' lang='lat' dir='ltr'>dura</span> <span class='ocrx_word' id='word_1_36' title='bbox 280 781 359 841; x_wconf 81' lang='lat' dir='ltr'>silex</span> <span class='ocrx_word' id='word_1_37' title='bbox 390 790 442 841; x_wconf 87' lang='lat' dir='ltr'>aut</span> <span class='ocrx_word' id='word_1_38' title='bbox 478 788 540 842; x_wconf 89' lang='lat' dir='ltr'>stet</span> <span class='ocrx_word' id='word_1_39' title='bbox 561 782 714 861; x_wconf 87' lang='lat' dir='ltr'>Marpesia</span> <span class='ocrx_word' id='word_1_40' title='bbox 743 791 857 844; x_wconf 86' lang='lat' dir='ltr'>cautes.</span> <span class='ocrx_word' id='word_1_41' title='bbox 902 786 1004 862; x_wconf 82' lang='lat' dir='ltr'><strong>Atque</strong></span> <span class='ocrx_word' id='word_1_42' title='bbox 1026 785 1051 843; x_wconf 89' lang='lat' dir='ltr'>is</span> 
     </span>
     <span class='ocr_line' id='line_1_7' title="bbox 112 861 1049 947; baseline 0.002 -23"><span class='ocrx_word' id='word_1_43' title='bbox 112 861 270 944; x_wconf 74' lang='lat' dir='ltr'>quidem,</span> <span class='ocrx_word' id='word_1_44' title='bbox 305 884 373 924; x_wconf 89' lang='lat' dir='ltr'>cum</span> <span class='ocrx_word' id='word_1_45' title='bbox 408 864 574 943; x_wconf 87' lang='lat' dir='ltr'>disputatio</span> <span class='ocrx_word' id='word_1_46' title='bbox 606 867 673 945; x_wconf 88' lang='lat' dir='ltr'>ipsa</span> <span class='ocrx_word' id='word_1_47' title='bbox 704 866 752 947; x_wconf 85' lang='lat' dir='ltr'>(ut</span> <span class='ocrx_word' id='word_1_48' title='bbox 779 867 913 946; x_wconf 85' lang='lat' dir='ltr'>ingenue</span> <span class='ocrx_word' id='word_1_49' title='bbox 934 867 1049 940; x_wconf 83' lang='lat' dir='ltr'>fatear]</span> 
     </span>
     <span class='ocr_line' id='line_1_8' title="bbox 127 947 1051 1029; baseline 0.001 -21"><span class='ocrx_word' id='word_1_50' title='bbox 127 949 337 1009; x_wconf 86' lang='lat' dir='ltr'>contentionis</span> <span class='ocrx_word' id='word_1_51' title='bbox 361 966 450 1026; x_wconf 85' lang='lat' dir='ltr'>quam</span> <span class='ocrx_word' id='word_1_52' title='bbox 468 947 691 1009; x_wconf 88' lang='lat' dir='ltr'>aedificationis</span> <span class='ocrx_word' id='word_1_53' title='bbox 713 950 867 1029; x_wconf 85' lang='lat' dir='ltr'>plusprae</span> <span class='ocrx_word' id='word_1_54' title='bbox 890 969 923 1010; x_wconf 89' lang='lat' dir='ltr'>se</span> <span class='ocrx_word' id='word_1_55' title='bbox 940 950 1051 1025; x_wconf 87' lang='lat' dir='ltr'>tulerit,</span> 
     </span>
     <span class='ocr_line' id='line_1_9' title="bbox 126 1031 1050 1112; baseline 0 -21"><span class='ocrx_word' id='word_1_56' title='bbox 126 1051 206 1091; x_wconf 91' lang='lat' dir='ltr'>unus</span> <span class='ocrx_word' id='word_1_57' title='bbox 228 1032 324 1110; x_wconf 91' lang='lat' dir='ltr'>ipsius</span> <span class='ocrx_word' id='word_1_58' title='bbox 346 1031 460 1091; x_wconf 87' lang='lat' dir='ltr'>fructus</span> <span class='ocrx_word' id='word_1_59' title='bbox 484 1031 563 1090; x_wconf 84' lang='lat' dir='ltr'>mihi·</span> <span class='ocrx_word' id='word_1_60' title='bbox 578 1033 661 1092; x_wconf 88' lang='lat' dir='ltr'>visus</span> <span class='ocrx_word' id='word_1_61' title='bbox 685 1040 740 1101; x_wconf 82' lang='lat' dir='ltr'>est,</span> <span class='ocrx_word' id='word_1_62' title='bbox 764 1032 846 1110; x_wconf 89' lang='lat' dir='ltr'>quod</span> <span class='ocrx_word' id='word_1_63' title='bbox 869 1033 936 1112; x_wconf 92' lang='lat' dir='ltr'>ipse</span> <span class='ocrx_word' id='word_1_64' title='bbox 959 1034 1050 1092; x_wconf 91' lang='lat' dir='ltr'>etiam</span> 
     </span>
     <span class='ocr_line' id='line_1_10' title="bbox 126 1113 1052 1193; baseline 0.001 -19"><span class='ocrx_word' id='word_1_65' title='bbox 126 1114 276 1174; x_wconf 67' lang='lat' dir='ltr'>liutherus</span> <span class='ocrx_word' id='word_1_66' title='bbox 290 1113 334 1191; x_wconf 74' lang='lat'>1),</span> <span class='ocrx_word' id='word_1_67' title='bbox 357 1114 402 1173; x_wconf 89' lang='lat' dir='ltr'>vir</span> <span class='ocrx_word' id='word_1_68' title='bbox 426 1133 494 1173; x_wconf 84' lang='lat' dir='ltr'>rara</span> <span class='ocrx_word' id='word_1_69' title='bbox 507 1114 647 1193; x_wconf 80' lang='lat' dir='ltr'>prolecto</span> <span class='ocrx_word' id='word_1_70' title='bbox 671 1114 844 1176; x_wconf 81' lang='lat' dir='ltr'>eruditione</span> <span class='ocrx_word' id='word_1_71' title='bbox 866 1124 897 1176; x_wconf 88' lang='lat' dir='ltr'>et</span> <span class='ocrx_word' id='word_1_72' title='bbox 912 1116 1052 1176; x_wconf 82' lang='lat' dir='ltr'>doctrina</span> 
     </span>
     <span class='ocr_line' id='line_1_11' title="bbox 129 1197 1077 1277; baseline 0 -20"><span class='ocrx_word' id='word_1_73' title='bbox 129 1199 179 1272; x_wconf 85' lang='lat' dir='ltr'>(in</span> <span class='ocrx_word' id='word_1_74' title='bbox 213 1215 304 1276; x_wconf 87' lang='lat' dir='ltr'>quern</span> <span class='ocrx_word' id='word_1_75' title='bbox 335 1203 479 1275; x_wconf 80' lang='lat' dir='ltr'>tanquam</span> <span class='ocrx_word' id='word_1_76' title='bbox 514 1197 546 1257; x_wconf 89' lang='lat' dir='ltr'>in</span> <span class='ocrx_word' id='word_1_77' title='bbox 579 1197 807 1277; x_wconf 81' lang='lat' dir='ltr'>parietatem²l</span> <span class='ocrx_word' id='word_1_78' title='bbox 848 1218 956 1258; x_wconf 91' lang='lat' dir='ltr'>omnes</span> <span class='ocrx_word' id='word_1_79' title='bbox 980 1217 1077 1277; x_wconf 18' lang='lat' dir='ltr'>spes,</span> 
     </span>
     <span class='ocr_line' id='line_1_12' title="bbox 127 1280 1051 1356; baseline 0 -16"><span class='ocrx_word' id='word_1_80' title='bbox 127 1300 199 1340; x_wconf 88' lang='lat' dir='ltr'>suas</span> <span class='ocrx_word' id='word_1_81' title='bbox 221 1280 461 1351; x_wconf 76' lang='lat' dir='ltr'>inclinaverant)</span> <span class='ocrx_word' id='word_1_82' title='bbox 487 1284 548 1340; x_wconf 90' lang='lat' dir='ltr'>tam</span> <span class='ocrx_word' id='word_1_83' title='bbox 566 1281 698 1341; x_wconf 91' lang='lat' dir='ltr'>rotundo</span> <span class='ocrx_word' id='word_1_84' title='bbox 723 1300 786 1356; x_wconf 85' lang='lat' dir='ltr'>ore,</span> <span class='ocrx_word' id='word_1_85' title='bbox 813 1289 875 1341; x_wconf 84' lang='lat' dir='ltr'>tam</span> <span class='ocrx_word' id='word_1_86' title='bbox 898 1282 1051 1342; x_wconf 83' lang='lat' dir='ltr'>constanti</span> 
     </span>
     <span class='ocr_line' id='line_1_13' title="bbox 127 1362 1052 1443; baseline 0 -20"><span class='ocrx_word' id='word_1_87' title='bbox 127 1363 230 1439; x_wconf 87' lang='lat' dir='ltr'>vultu,</span> <span class='ocrx_word' id='word_1_88' title='bbox 263 1369 325 1423; x_wconf 88' lang='lat' dir='ltr'>tam</span> <span class='ocrx_word' id='word_1_89' title='bbox 360 1369 469 1441; x_wconf 84' lang='lat' dir='ltr'>arguta</span> <span class='ocrx_word' id='word_1_90' title='bbox 497 1362 631 1441; x_wconf 90' lang='lat' dir='ltr'>denique</span> <span class='ocrx_word' id='word_1_91' title='bbox 660 1365 781 1424; x_wconf 90' lang='lat' dir='ltr'>ratione</span> <span class='ocrx_word' id='word_1_92' title='bbox 814 1383 870 1423; x_wconf 89' lang='lat' dir='ltr'>eos</span> <span class='ocrx_word' id='word_1_93' title='bbox 903 1384 959 1443; x_wconf 90' lang='lat' dir='ltr'>spe</span> <span class='ocrx_word' id='word_1_94' title='bbox 993 1366 1052 1423; x_wconf 90' lang='lat' dir='ltr'>ista</span> 
     </span>
     <span class='ocr_line' id='line_1_14' title="bbox 126 1445 1050 1526; baseline -0.001 -20"><span class='ocrx_word' id='word_1_95' title='bbox 126 1445 285 1522; x_wconf 79' lang='lat' dir='ltr'>fefellerit,</span> <span class='ocrx_word' id='word_1_96' title='bbox 318 1452 434 1505; x_wconf 91' lang='lat' dir='ltr'>utnon</span> <span class='ocrx_word' id='word_1_97' title='bbox 457 1445 556 1506; x_wconf 91' lang='lat' dir='ltr'>solum</span> <span class='ocrx_word' id='word_1_98' title='bbox 580 1446 702 1525; x_wconf 91' lang='lat' dir='ltr'>publice</span> <span class='ocrx_word' id='word_1_99' title='bbox 724 1447 884 1507; x_wconf 85' lang='lat' dir='ltr'>confessus</span> <span class='ocrx_word' id='word_1_100' title='bbox 907 1449 961 1526; x_wconf 89' lang='lat' dir='ltr'>sit,</span> <span class='ocrx_word' id='word_1_101' title='bbox 996 1446 1050 1507; x_wconf 89' lang='lat' dir='ltr'>sed</span> 
     </span>
     <span class='ocr_line' id='line_1_15' title="bbox 127 1528 1052 1609; baseline 0 -20"><span class='ocrx_word' id='word_1_102' title='bbox 127 1548 198 1590; x_wconf 87' lang='lat' dir='ltr'>curn</span> <span class='ocrx_word' id='word_1_103' title='bbox 221 1528 355 1607; x_wconf 89' lang='lat' dir='ltr'>quodam</span> <span class='ocrx_word' id='word_1_104' title='bbox 387 1529 477 1588; x_wconf 90' lang='lat' dir='ltr'>etiam</span> <span class='ocrx_word' id='word_1_105' title='bbox 514 1529 735 1608; x_wconf 83' lang='lat' dir='ltr'>indignationis</span> <span class='ocrx_word' id='word_1_106' title='bbox 757 1530 863 1609; x_wconf 85' lang='lat' dir='ltr'>spiritu</span> <span class='ocrx_word' id='word_1_107' title='bbox 886 1530 1052 1609; x_wconf 87' lang='lat' dir='ltr'>exprobra-</span> 
     </span>
     <span class='ocr_line' id='line_1_16' title="bbox 126 1611 1051 1673; baseline -0.001 -1"><span class='ocrx_word' id='word_1_108' title='bbox 126 1613 206 1673; x_wconf 89' lang='lat' dir='ltr'>verit</span> <span class='ocrx_word' id='word_1_109' title='bbox 227 1612 435 1672; x_wconf 89' lang='lat' dir='ltr'>Bohemorum</span> <span class='ocrx_word' id='word_1_110' title='bbox 458 1617 567 1670; x_wconf 86' lang='lat' dir='ltr'>contra</span> <span class='ocrx_word' id='word_1_111' title='bbox 588 1613 761 1672; x_wconf 88' lang='lat' dir='ltr'>Romanum</span> <span class='ocrx_word' id='word_1_112' title='bbox 784 1611 964 1673; x_wconf 86' lang='lat' dir='ltr'>Pontificem</span> <span class='ocrx_word' id='word_1_113' title='bbox 986 1631 1051 1673; x_wconf 93' lang='lat' dir='ltr'>cor·</span> 
     </span>
     <span class='ocr_line' id='line_1_17' title="bbox 126 1693 1052 1773; baseline -0.001 -18"><span class='ocrx_word' id='word_1_114' title='bbox 126 1714 217 1755; x_wconf 88' lang='lat' dir='ltr'>neam</span> <span class='ocrx_word' id='word_1_115' title='bbox 249 1693 357 1754; x_wconf 89' lang='lat' dir='ltr'>fibram</span> <span class='ocrx_word' id='word_1_116' title='bbox 390 1712 427 1753; x_wconf 85' lang='lat' dir='ltr'>ec</span> <span class='ocrx_word' id='word_1_117' title='bbox 464 1695 680 1773; x_wconf 81' lang='lat' dir='ltr'>pertinaciam:</span> <span class='ocrx_word' id='word_1_118' title='bbox 716 1695 792 1755; x_wconf 92' lang='lat' dir='ltr'>nihil</span> <span class='ocrx_word' id='word_1_119' title='bbox 824 1695 942 1756; x_wconf 90' lang='lat' dir='ltr'>scilicet</span> <span class='ocrx_word' id='word_1_120' title='bbox 976 1695 1052 1755; x_wconf 86' lang='lat' dir='ltr'>tenti</span> 
     </span>
     <span class='ocr_line' id='line_1_18' title="bbox 127 1777 1051 1857; baseline -0.002 -18"><span class='ocrx_word' id='word_1_121' title='bbox 127 1797 199 1840; x_wconf 88' lang='lat' dir='ltr'>esse</span> <span class='ocrx_word' id='word_1_122' title='bbox 221 1784 365 1857; x_wconf 89' lang='lat' dir='ltr'>oportere</span> <span class='ocrx_word' id='word_1_123' title='bbox 387 1795 539 1856; x_wconf 85' lang='lat' dir='ltr'>asserens,</span> <span class='ocrx_word' id='word_1_124' title='bbox 562 1777 645 1856; x_wconf 90' lang='lat' dir='ltr'>quod</span> <span class='ocrx_word' id='word_1_125' title='bbox 668 1798 724 1837; x_wconf 89' lang='lat' dir='ltr'>nos</span> <span class='ocrx_word' id='word_1_126' title='bbox 746 1778 785 1839; x_wconf 88' lang='lat' dir='ltr'>ab</span> <span class='ocrx_word' id='word_1_127' title='bbox 808 1779 926 1838; x_wconf 87' lang='lat' dir='ltr'>unitate</span> <span class='ocrx_word' id='word_1_128' title='bbox 939 1778 1051 1838; x_wconf 77' lang='lat' dir='ltr'>Christi</span> 
     </span>
     <span class='ocr_line' id='line_1_19' title="bbox 127 1860 646 1939; baseline -0.008 -16"><span class='ocrx_word' id='word_1_129' title='bbox 127 1868 160 1923; x_wconf 92' lang='lat' dir='ltr'>et</span> <span class='ocrx_word' id='word_1_130' title='bbox 182 1861 334 1921; x_wconf 88' lang='lat' dir='ltr'>ecclesiae</span> <span class='ocrx_word' id='word_1_131' title='bbox 358 1879 503 1939; x_wconf 81' lang='lat' dir='ltr'>separare</span> <span class='ocrx_word' id='word_1_132' title='bbox 525 1860 646 1921; x_wconf 88' lang='lat' dir='ltr'>debeat.</span> 
     </span>
    </p>

    <p class='ocr_par' dir='ltr' id='par_1_3' title="bbox 126 1943 1056 3248">
     <span class='ocr_line' id='line_1_20' title="bbox 211 1943 1049 2022; baseline -0.002 -18"><span class='ocrx_word' id='word_1_133' title='bbox 211 1943 272 2004; x_wconf 83' lang='lat' dir='ltr'>Sed</span> <span class='ocrx_word' id='word_1_134' title='bbox 295 1962 352 2003; x_wconf 91' lang='lat' dir='ltr'>nec</span> <span class='ocrx_word' id='word_1_135' title='bbox 375 1943 414 2003; x_wconf 92' lang='lat' dir='ltr'>ob</span> <span class='ocrx_word' id='word_1_136' title='bbox 436 1943 497 2003; x_wconf 89' lang='lat' dir='ltr'>hoc</span> <span class='ocrx_word' id='word_1_137' title='bbox 517 1943 561 2003; x_wconf 92' lang='lat' dir='ltr'>illi</span> <span class='ocrx_word' id='word_1_138' title='bbox 591 1943 647 2004; x_wconf 89' lang='lat' dir='ltr'>sibi</span> <span class='ocrx_word' id='word_1_139' title='bbox 671 1943 829 2022; x_wconf 85' lang='lat' dir='ltr'>placeant,</span> <span class='ocrx_word' id='word_1_140' title='bbox 864 1943 946 2021; x_wconf 92' lang='lat' dir='ltr'>quod</span> <span class='ocrx_word' id='word_1_141' title='bbox 967 1943 1049 2002; x_wconf 89' lang='lat' dir='ltr'>idem</span> 
     </span>
     <span class='ocr_line' id='line_1_21' title="bbox 127 2025 1052 2105; baseline -0.003 -17"><span class='ocrx_word' id='word_1_142' title='bbox 127 2028 250 2089; x_wconf 90' lang='lat' dir='ltr'>Doctor</span> <span class='ocrx_word' id='word_1_143' title='bbox 271 2027 418 2086; x_wconf 82' lang='lat' dir='ltr'>Martinus</span> <span class='ocrx_word' id='word_1_144' title='bbox 453 2027 506 2104; x_wconf 91' lang='lat' dir='ltr'>pio</span> <span class='ocrx_word' id='word_1_145' title='bbox 529 2026 663 2105; x_wconf 89' lang='lat' dir='ltr'>quodam</span> <span class='ocrx_word' id='word_1_146' title='bbox 702 2031 754 2099; x_wconf 80' lang='lat' dir='ltr'>(ut</span> <span class='ocrx_word' id='word_1_147' title='bbox 784 2026 926 2103; x_wconf 84' lang='lat' dir='ltr'>equidem</span> <span class='ocrx_word' id='word_1_148' title='bbox 957 2025 1052 2085; x_wconf 86' lang='lat' dir='ltr'>credi·</span> 
     </span>
     <span class='ocr_line' id='line_1_22' title="bbox 126 2108 1051 2190; baseline -0.003 -19"><span class='ocrx_word' id='word_1_149' title='bbox 126 2108 242 2190; x_wconf 78' lang='lat' dir='ltr'>derim)</span> <span class='ocrx_word' id='word_1_150' title='bbox 277 2109 389 2169; x_wconf 85' lang='lat' dir='ltr'>affectu</span> <span class='ocrx_word' id='word_1_151' title='bbox 423 2109 523 2168; x_wconf 89' lang='lat' dir='ltr'>mirari</span> <span class='ocrx_word' id='word_1_152' title='bbox 551 2128 584 2169; x_wconf 89' lang='lat' dir='ltr'>se</span> <span class='ocrx_word' id='word_1_153' title='bbox 621 2108 712 2184; x_wconf 87' lang='lat' dir='ltr'>dixit,</span> <span class='ocrx_word' id='word_1_154' title='bbox 748 2115 793 2168; x_wconf 90' lang='lat' dir='ltr'>tot</span> <span class='ocrx_word' id='word_1_155' title='bbox 833 2128 938 2168; x_wconf 89' lang='lat' dir='ltr'>eorum</span> <span class='ocrx_word' id='word_1_156' title='bbox 972 2128 1051 2186; x_wconf 85' lang='lat' dir='ltr'>esse,</span> 
     </span>
     <span class='ocr_line' id='line_1_23' title="bbox 127 2192 1048 2273; baseline -0.001 -21"><span class='ocrx_word' id='word_1_157' title='bbox 127 2194 179 2273; x_wconf 91' lang='lat' dir='ltr'>qui</span> <span class='ocrx_word' id='word_1_158' title='bbox 201 2193 345 2252; x_wconf 76' lang='lat' dir='ltr'>bohemis</span> <span class='ocrx_word' id='word_1_159' title='bbox 370 2192 569 2270; x_wconf 85' lang='lat' dir='ltr'>superciliose</span> <span class='ocrx_word' id='word_1_160' title='bbox 591 2193 753 2270; x_wconf 86' lang='lat' dir='ltr'>insultent,</span> <span class='ocrx_word' id='word_1_161' title='bbox 777 2192 918 2271; x_wconf 90' lang='lat' dir='ltr'>maleque</span> <span class='ocrx_word' id='word_1_162' title='bbox 939 2193 1048 2271; x_wconf 90' lang='lat' dir='ltr'>impre-</span> 
     </span>
     <span class='ocr_line' id='line_1_24' title="bbox 129 2274 1051 2354; baseline 0 -19"><span class='ocrx_word' id='word_1_163' title='bbox 129 2284 252 2352; x_wconf 80' lang='lat' dir='ltr'>centur,</span> <span class='ocrx_word' id='word_1_164' title='bbox 287 2277 440 2335; x_wconf 89' lang='lat' dir='ltr'>neminem</span> <span class='ocrx_word' id='word_1_165' title='bbox 464 2294 552 2352; x_wconf 87' lang='lat' dir='ltr'>vere,</span> <span class='ocrx_word' id='word_1_166' title='bbox 581 2278 631 2354; x_wconf 92' lang='lat' dir='ltr'>qui</span> <span class='ocrx_word' id='word_1_167' title='bbox 656 2276 768 2334; x_wconf 91' lang='lat' dir='ltr'>mitiori</span> <span class='ocrx_word' id='word_1_168' title='bbox 791 2294 845 2335; x_wconf 88' lang='lat' dir='ltr'>eos</span> <span class='ocrx_word' id='word_1_169' title='bbox 868 2275 988 2334; x_wconf 87' lang='lat' dir='ltr'>calamo</span> <span class='ocrx_word' id='word_1_170' title='bbox 1013 2274 1051 2336; x_wconf 89' lang='lat' dir='ltr'>ab</span> 
     </span>
     <span class='ocr_line' id='line_1_25' title="bbox 127 2357 1052 2439; baseline -0.005 -19"><span class='ocrx_word' id='word_1_171' title='bbox 127 2377 232 2420; x_wconf 89' lang='lat' dir='ltr'>errore</span> <span class='ocrx_word' id='word_1_172' title='bbox 254 2357 447 2434; x_wconf 77' lang='lat' dir='ltr'>dehortetur,</span> <span class='ocrx_word' id='word_1_173' title='bbox 488 2361 620 2417; x_wconf 87' lang='lat' dir='ltr'>maxime</span> <span class='ocrx_word' id='word_1_174' title='bbox 650 2377 717 2416; x_wconf 89' lang='lat' dir='ltr'>curn</span> <span class='ocrx_word' id='word_1_175' title='bbox 747 2357 904 2439; x_wconf 20' lang='lat' dir='ltr'>humanus·</span> <span class='ocrx_word' id='word_1_176' title='bbox 933 2359 1052 2416; x_wconf 85' lang='lat' dir='ltr'>animus</span> 
     </span>
     <span class='ocr_line' id='line_1_26' title="bbox 127 2439 1052 2520; baseline -0.005 -17"><span class='ocrx_word' id='word_1_177' title='bbox 127 2441 284 2504; x_wconf 88' lang='lat' dir='ltr'>blanditiis</span> <span class='ocrx_word' id='word_1_178' title='bbox 315 2443 417 2520; x_wconf 89' lang='lat' dir='ltr'>potius</span> <span class='ocrx_word' id='word_1_179' title='bbox 451 2439 521 2498; x_wconf 90' lang='lat' dir='ltr'>duci</span> <span class='ocrx_word' id='word_1_180' title='bbox 557 2459 646 2519; x_wconf 84' lang='lat' dir='ltr'>quam</span> <span class='ocrx_word' id='word_1_181' title='bbox 683 2442 771 2499; x_wconf 90' lang='lat' dir='ltr'>minis</span> <span class='ocrx_word' id='word_1_182' title='bbox 805 2448 858 2500; x_wconf 86' lang='lat' dir='ltr'>aut</span> <span class='ocrx_word' id='word_1_183' title='bbox 886 2441 1052 2500; x_wconf 88' lang='lat' dir='ltr'>terroribus</span> 
     </span>
     <span class='ocr_line' id='line_1_27' title="bbox 129 2523 1055 2604; baseline -0.003 -20"><span class='ocrx_word' id='word_1_184' title='bbox 129 2526 201 2604; x_wconf 84' lang='lat' dir='ltr'>cogi</span> <span class='ocrx_word' id='word_1_185' title='bbox 224 2525 305 2585; x_wconf 89' lang='lat' dir='ltr'>velit.</span> <span class='ocrx_word' id='word_1_186' title='bbox 341 2523 522 2600; x_wconf 83' lang='lat' dir='ltr'>Complures</span> <span class='ocrx_word' id='word_1_187' title='bbox 546 2525 626 2582; x_wconf 92' lang='lat' dir='ltr'>enim</span> <span class='ocrx_word' id='word_1_188' title='bbox 647 2530 719 2581; x_wconf 91' lang='lat' dir='ltr'>tunc</span> <span class='ocrx_word' id='word_1_189' title='bbox 741 2523 1055 2601; x_wconf 81' lang='lat' dir='ltr'>Eccius,Theologns</span> 
     </span>
     <span class='ocr_line' id='line_1_28' title="bbox 129 2605 1052 2682; baseline -0.004 -15"><span class='ocrx_word' id='word_1_190' title='bbox 129 2615 217 2668; x_wconf 88' lang='lat' dir='ltr'>extra</span> <span class='ocrx_word' id='word_1_191' title='bbox 247 2607 347 2666; x_wconf 88' lang='lat' dir='ltr'>aleam</span> <span class='ocrx_word' id='word_1_192' title='bbox 381 2606 507 2682; x_wconf 89' lang='lat' dir='ltr'>doctus,</span> <span class='ocrx_word' id='word_1_193' title='bbox 542 2605 581 2665; x_wconf 91' lang='lat' dir='ltr'>ad</span> <span class='ocrx_word' id='word_1_194' title='bbox 610 2606 761 2664; x_wconf 84' lang='lat' dir='ltr'>calculum</span> <span class='ocrx_word' id='word_1_195' title='bbox 785 2607 925 2680; x_wconf 89' lang='lat' dir='ltr'>vocavit,</span> <span class='ocrx_word' id='word_1_196' title='bbox 959 2607 1052 2665; x_wconf 90' lang='lat' dir='ltr'>veluti</span> 
     </span>
     <span class='ocr_line' id='line_1_29' title="bbox 128 2683 1055 2769; baseline -0.004 -18"><span class='ocrx_word' id='word_1_197' title='bbox 128 2683 344 2769; x_wconf 79' lang='lat' dir='ltr'>Capistranum</span> <span class='ocrx_word' id='word_1_198' title='bbox 367 2688 537 2764; x_wconf 81' lang='lat' dir='ltr'>Cusanum,</span> <span class='ocrx_word' id='word_1_199' title='bbox 572 2708 608 2748; x_wconf 90' lang='lat' dir='ltr'>ac</span> <span class='ocrx_word' id='word_1_200' title='bbox 637 2689 771 2766; x_wconf 88' lang='lat' dir='ltr'>reliquos</span> <span class='ocrx_word' id='word_1_201' title='bbox 801 2697 964 2748; x_wconf 82' lang='lat' dir='ltr'>veteranos</span> <span class='ocrx_word' id='word_1_202' title='bbox 1005 2696 1055 2753; x_wconf 77' lang='lat' dir='ltr'>lut</span> 
     </span>
     <span class='ocr_line' id='line_1_30' title="bbox 129 2770 1053 2850; baseline -0.003 -17"><span class='ocrx_word' id='word_1_203' title='bbox 129 2774 169 2833; x_wconf 90' lang='lat' dir='ltr'>de</span> <span class='ocrx_word' id='word_1_204' title='bbox 190 2771 426 2848; x_wconf 87' lang='lat' dir='ltr'>recentioribus,</span> <span class='ocrx_word' id='word_1_205' title='bbox 465 2774 586 2850; x_wconf 90' lang='lat' dir='ltr'>tuisque</span> <span class='ocrx_word' id='word_1_206' title='bbox 613 2772 707 2850; x_wconf 89' lang='lat' dir='ltr'>ipsius</span> <span class='ocrx_word' id='word_1_207' title='bbox 742 2770 943 2831; x_wconf 91' lang='lat' dir='ltr'>concionibus</span> <span class='ocrx_word' id='word_1_208' title='bbox 976 2771 1053 2830; x_wconf 88' lang='lat' dir='ltr'>salu-</span> 
     </span>
     <span class='ocr_line' id='line_1_31' title="bbox 128 2854 1054 2934; baseline -0.002 -18"><span class='ocrx_word' id='word_1_209' title='bbox 128 2857 266 2918; x_wconf 89' lang='lat' dir='ltr'>berrimis</span> <span class='ocrx_word' id='word_1_210' title='bbox 289 2856 338 2915; x_wconf 91' lang='lat' dir='ltr'>hic</span> <span class='ocrx_word' id='word_1_211' title='bbox 361 2860 510 2932; x_wconf 82' lang='lat' dir='ltr'>taceam),</span> <span class='ocrx_word' id='word_1_212' title='bbox 534 2857 584 2934; x_wconf 90' lang='lat' dir='ltr'>qui</span> <span class='ocrx_word' id='word_1_213' title='bbox 618 2875 679 2914; x_wconf 89' lang='lat' dir='ltr'>non</span> <span class='ocrx_word' id='word_1_214' title='bbox 702 2855 895 2933; x_wconf 78' lang='lat' dir='ltr'>importuno,</span> <span class='ocrx_word' id='word_1_215' title='bbox 920 2854 973 2913; x_wconf 90' lang='lat' dir='ltr'>sed</span> <span class='ocrx_word' id='word_1_216' title='bbox 997 2855 1054 2914; x_wconf 89' lang='lat' dir='ltr'>Dei</span> 
     </span>
     <span class='ocr_line' id='line_1_32' title="bbox 128 2938 1052 3018; baseline -0.004 -18"><span class='ocrx_word' id='word_1_217' title='bbox 128 2941 236 3018; x_wconf 88' lang='lat' dir='ltr'>spiritu</span> <span class='ocrx_word' id='word_1_218' title='bbox 259 2945 291 2999; x_wconf 92' lang='lat' dir='ltr'>et</span> <span class='ocrx_word' id='word_1_219' title='bbox 312 2938 439 2998; x_wconf 86' lang='lat' dir='ltr'>lenitate</span> <span class='ocrx_word' id='word_1_220' title='bbox 462 2938 635 2998; x_wconf 82' lang='lat' dir='ltr'>Christiana</span> <span class='ocrx_word' id='word_1_221' title='bbox 658 2957 711 2998; x_wconf 89' lang='lat' dir='ltr'>eos</span> <span class='ocrx_word' id='word_1_222' title='bbox 736 2944 906 2997; x_wconf 87' lang='lat' dir='ltr'>erratorum</span> <span class='ocrx_word' id='word_1_223' title='bbox 930 2957 1052 2996; x_wconf 90' lang='lat' dir='ltr'>suorum</span> 
     </span>
     <span class='ocr_line' id='line_1_33' title="bbox 129 3020 1056 3099; baseline -0.004 -17"><span class='ocrx_word' id='word_1_224' title='bbox 129 3021 376 3099; x_wconf 82' lang='lat' dir='ltr'>admonuerunt,</span> <span class='ocrx_word' id='word_1_225' title='bbox 407 3029 437 3080; x_wconf 94' lang='lat' dir='ltr'>et</span> <span class='ocrx_word' id='word_1_226' title='bbox 459 3023 489 3079; x_wconf 94' lang='lat' dir='ltr'>in</span> <span class='ocrx_word' id='word_1_227' title='bbox 512 3024 591 3081; x_wconf 86' lang='lat' dir='ltr'>viam</span> <span class='ocrx_word' id='word_1_228' title='bbox 615 3020 761 3080; x_wconf 89' lang='lat' dir='ltr'>reducere</span> <span class='ocrx_word' id='word_1_229' title='bbox 784 3022 887 3079; x_wconf 81' lang='lat' dir='ltr'>conati</span> <span class='ocrx_word' id='word_1_230' title='bbox 909 3028 996 3097; x_wconf 85' lang='lat' dir='ltr'>sunt,</span> <span class='ocrx_word' id='word_1_231' title='bbox 1025 3025 1056 3078; x_wconf 91' lang='lat' dir='ltr'>et</span> 
     </span>
     <span class='ocr_line' id='line_1_34' title="bbox 131 3104 1054 3184; baseline -0.004 -19"><span class='ocrx_word' id='word_1_232' title='bbox 131 3113 233 3165; x_wconf 89' lang='lat' dir='ltr'>tamen</span> <span class='ocrx_word' id='word_1_233' title='bbox 269 3105 364 3164; x_wconf 91' lang='lat' dir='ltr'>nihilo</span> <span class='ocrx_word' id='word_1_234' title='bbox 399 3105 498 3163; x_wconf 87' lang='lat' dir='ltr'>secius</span> <span class='ocrx_word' id='word_1_235' title='bbox 525 3111 762 3184; x_wconf 88' lang='lat' dir='ltr'>promoverunt,</span> <span class='ocrx_word' id='word_1_236' title='bbox 799 3122 888 3181; x_wconf 89' lang='lat' dir='ltr'>quam</span> <span class='ocrx_word' id='word_1_237' title='bbox 924 3104 948 3161; x_wconf 89' lang='lat' dir='ltr'>si</span> <span class='ocrx_word' id='word_1_238' title='bbox 988 3104 1054 3180; x_wconf 87' lang='lat' dir='ltr'>quis</span> 
     </span>
     <span class='ocr_line' id='line_1_35' title="bbox 130 3183 609 3248; baseline -0.01 0"><span class='ocrx_word' id='word_1_239' title='bbox 130 3188 224 3248; x_wconf 91' lang='lat' dir='ltr'>surdo</span> <span class='ocrx_word' id='word_1_240' title='bbox 247 3195 350 3247; x_wconf 88' lang='lat' dir='ltr'>narret</span> <span class='ocrx_word' id='word_1_241' title='bbox 372 3186 516 3248; x_wconf 82' lang='lat' dir='ltr'>fabulam.</span> <span class='ocrx_word' id='word_1_242' title='bbox 607 3183 609 3188; x_wconf 73' lang='grc'>’</span> 
     </span>
    </p>

    <p class='ocr_par' dir='ltr' id='par_1_4' title="bbox 131 3268 1056 3599">
     <span class='ocr_line' id='line_1_36' title="bbox 215 3268 1055 3348; baseline -0.004 -18"><span class='ocrx_word' id='word_1_243' title='bbox 215 3270 317 3344; x_wconf 76' lang='lat' dir='ltr'>Quare</span> <span class='ocrx_word' id='word_1_244' title='bbox 345 3290 407 3329; x_wconf 91' lang='lat' dir='ltr'>non</span> <span class='ocrx_word' id='word_1_245' title='bbox 438 3277 500 3345; x_wconf 90' lang='lat' dir='ltr'>est,</span> <span class='ocrx_word' id='word_1_246' title='bbox 540 3268 622 3348; x_wconf 92' lang='lat' dir='ltr'>quod</span> <span class='ocrx_word' id='word_1_247' title='bbox 658 3269 851 3348; x_wconf 89' lang='lat' dir='ltr'>supercilium</span> <span class='ocrx_word' id='word_1_248' title='bbox 881 3275 1055 3328; x_wconf 89' lang='lat' dir='ltr'>nostrorum</span> 
     </span>
     <span class='ocr_line' id='line_1_37' title="bbox 131 3351 1056 3430; baseline -0.006 -16"><span class='ocrx_word' id='word_1_249' title='bbox 131 3361 280 3414; x_wconf 89' lang='lat' dir='ltr'>accusent</span> <span class='ocrx_word' id='word_1_250' title='bbox 296 3355 339 3425; x_wconf 75' lang='grc'>3).</span> <span class='ocrx_word' id='word_1_251' title='bbox 391 3352 537 3425; x_wconf 78' lang='lat' dir='ltr'>Quamvis</span> <span class='ocrx_word' id='word_1_252' title='bbox 571 3351 642 3430; x_wconf 89' lang='lat' dir='ltr'>quid</span> <span class='ocrx_word' id='word_1_253' title='bbox 674 3359 757 3412; x_wconf 85' lang='lat' dir='ltr'>vetet</span> <span class='ocrx_word' id='word_1_254' title='bbox 789 3359 850 3411; x_wconf 83' lang='lat' dir='ltr'>tem</span> <span class='ocrx_word' id='word_1_255' title='bbox 883 3357 1056 3430; x_wconf 84' lang='lat' dir='ltr'>opportune</span> 
     </span>
     <span class='ocr_line' id='line_1_38' title="bbox 132 3435 1055 3516; baseline -0.003 -20"><span class='ocrx_word' id='word_1_256' title='bbox 132 3456 223 3515; x_wconf 89' lang='lat' dir='ltr'>quam</span> <span class='ocrx_word' id='word_1_257' title='bbox 246 3438 437 3516; x_wconf 89' lang='lat' dir='ltr'>importune,</span> <span class='ocrx_word' id='word_1_258' title='bbox 470 3437 555 3495; x_wconf 84' lang='lat' dir='ltr'>iuxta</span> <span class='ocrx_word' id='word_1_259' title='bbox 577 3436 768 3514; x_wconf 86' lang='lat' dir='ltr'>apostolum,</span> <span class='ocrx_word' id='word_1_260' title='bbox 805 3435 901 3494; x_wconf 86' lang='lat' dir='ltr'>duree</span> <span class='ocrx_word' id='word_1_261' title='bbox 929 3435 1055 3494; x_wconf 90' lang='lat' dir='ltr'>cervicis</span> 
     </span>
     <span class='ocr_line' id='line_1_39' title="bbox 131 3519 1055 3599; baseline -0.004 -19"><span class='ocrx_word' id='word_1_262' title='bbox 131 3520 273 3580; x_wconf 87' lang='lat' dir='ltr'>homines</span> <span class='ocrx_word' id='word_1_263' title='bbox 296 3529 462 3599; x_wconf 86' lang='lat' dir='ltr'>appetere,</span> <span class='ocrx_word' id='word_1_264' title='bbox 497 3519 661 3597; x_wconf 88' lang='lat' dir='ltr'>omniaque</span> <span class='ocrx_word' id='word_1_265' title='bbox 682 3520 764 3597; x_wconf 87' lang='lat' dir='ltr'>prius</span> <span class='ocrx_word' id='word_1_266' title='bbox 790 3519 936 3597; x_wconf 81' lang='lat' dir='ltr'>experiri,</span> <span class='ocrx_word' id='word_1_267' title='bbox 965 3537 1055 3596; x_wconf 90' lang='lat' dir='ltr'>quam</span> 
     </span>
    </p>
   </div>
   <div class='ocr_carea' id='block_1_3' title="bbox 132 3726 1057 3874">
    <p class='ocr_par' dir='ltr' id='par_1_5' title="bbox 132 3726 1057 3874">
     <span class='ocr_line' id='line_1_40' title="bbox 206 3726 1057 3799; baseline -0.008 -14"><span class='ocrx_word' id='word_1_268' title='bbox 206 3730 238 3798; x_wconf 89' lang='lat'>1)</span> <span class='ocrx_word' id='word_1_269' title='bbox 259 3729 341 3799; x_wconf 89' lang='lat' dir='ltr'>Apud</span> <span class='ocrx_word' id='word_1_270' title='bbox 374 3729 501 3783; x_wconf 67' lang='lat' dir='ltr'>boesas:</span> <span class='ocrx_word' id='word_1_271' title='bbox 549 3727 690 3780; x_wconf 85' lang='lat' dir='ltr'>Martinus.</span> <span class='ocrx_word' id='word_1_272' title='bbox 753 3728 785 3794; x_wconf 74' lang='lat'>2)</span> <span class='ocrx_word' id='word_1_273' title='bbox 813 3726 893 3780; x_wconf 80' lang='lat' dir='ltr'>lbidt</span> <span class='ocrx_word' id='word_1_274' title='bbox 931 3732 1057 3795; x_wconf 84' lang='lat' dir='ltr'>tanquam</span> 
     </span>
     <span class='ocr_line' id='line_1_41' title="bbox 132 3800 612 3874; baseline -0.004 -20"><span class='ocrx_word' id='word_1_275' title='bbox 132 3805 276 3874; x_wconf 88' lang='lat' dir='ltr'>parietem.</span> <span class='ocrx_word' id='word_1_276' title='bbox 314 3803 346 3870; x_wconf 84' lang='lat'>3)</span> <span class='ocrx_word' id='word_1_277' title='bbox 368 3800 450 3855; x_wconf 87' lang='lat' dir='ltr'>ibid:</span> <span class='ocrx_word' id='word_1_278' title='bbox 470 3806 612 3855; x_wconf 88' lang='lat' dir='ltr'>excusent.</span> 
     </span>
    </p>
   </div>
   <div class='ocr_carea' id='block_1_4' title="bbox 0 0 1187 4208">
    <p class='ocr_par' dir='ltr' id='par_1_6' title="bbox 0 0 1187 4208">
     <span class='ocr_line' id='line_1_42' title="bbox 0 0 1187 4208; baseline 0 0"><span class='ocrx_word' id='word_1_279' title='bbox 0 0 1187 4208; x_wconf 95' lang='lat' dir='ltr'> </span> 
     </span>
    </p>
   </div>
  </div>
 </body>
</html>
