2346 4208
404 263 501 314 contra
518 274 628 314 errores
647 259 680 314 Μ.
698 259 777 315 Luth.
993 254 1056 324 271

175 443 285 522 quihus
307 432 395 507 ultro
410 447 577 509 interirent.
621 446 740 508 Laudas
762 447 891 525 factum,
918 444 1056 525 Decime,

175 531 208 586 et
225 527 372 606 pietatem
396 530 566 590 solareris
589 529 707 592 videri?
737 537 769 590 et
789 529 900 590 Christi
924 548 993 590 esse
1014 531 1056 590 vi·

173 609 295 669 carius?
329 609 419 672 Certe
446 615 526 673 enim
560 614 721 694 singularis
761 618 809 674 est
835 610 913 673 haec
940 611 1055 690 feritas,

147 722 150 729 ·
173 691 318 773 probare,
340 694 422 774 quod
436 694 548 755 effusus
569 696 744 777 sitsanguis
757 695 955 775 Christianus,
977 713 1056 774 cum,

173 780 209 834 nt
228 773 400 856 Cyprianus
432 785 555 858 monet,
591 780 800 840 conscientiae
823 779 961 858 episcopi
984 795 1054 838 con-

116 880 121 887 ·
172 858 294 936 veniat,
328 859 402 921 dare
441 880 583 942 operam,
621 880 662 922 ne
695 863 762 942 quis
798 863 932 941 ipsorum
966 862 1056 941 culpa

171 947 289 1019 pereat.

172 1020 209 1104 c)
232 1023 350 1086 Laudat
372 1024 555 1087 adulatrices
579 1026 796 1087 meretriculas.

171 1104 211 1184 d)
235 1106 395 1168 Romanae
417 1110 582 1189 piraticae,
615 1116 646 1169 et
668 1107 849 1170 Pontificiae
880 1108 950 1168 dico
972 1126 1055 1188 gras-

170 1195 304 1252 saturae.

171 1280 208 1344 a)
234 1272 292 1334 Ubi
308 1272 457 1352 dootriua,
480 1273 552 1352 Leo,
571 1274 747 1336 ubiveritas
768 1275 799 1333 in
824 1275 860 1334 iis
884 1273 1055 1350 enituit¹)?

170 1355 242 1416 Non
265 1362 295 1416 te
316 1354 412 1437 pudet
434 1355 472 1415 de
494 1357 604 1417 talibus
623 1358 745 1437 ineptiis
759 1362 820 1416 tam
843 1357 1055 1437 gravemferre

171 1439 377 1499 sententiam?

170 1521 201 1595 f)
227 1519 324 1596 Quam
348 1519 507 1601 pulchrum
535 1527 583 1582 est
610 1521 737 1602 palpare
759 1520 932 1581 Romanum
954 1520 1056 1582 Ponti-

170 1602 272 1667 ficem.
318 1603 381 1665 Sed
402 1623 460 1664 noa
484 1604 560 1664 nihil
581 1610 693 1666 movet.
705 1605 859 1664 sententia
872 1604 917 1664 sic
938 1604 1056 1683 leviter,
1169 1651 1171 1656 .

177 1689 223 1748 sic
244 1693 366 1767 praeter
385 1685 530 1747 iudicium
553 1687 624 1748 lata.
646 1687 712 1746 Nec
726 1685 815 1749 nobis
838 1687 968 1767 eripient
982 1685 1055 1747 Ger·

128 1812 133 1823 ·
174 1771 311 1831 maniam
333 1769 720 1850 garrulacDocticnlorum¹
733 1769 869 1848 scholae,
890 1775 1055 1850 postquam

175 1853 273 1914 semel
295 1852 483 1914 liberandam
507 1854 707 1933 suscepimus.

175 1940 211 2018 g)
236 1935 310 1996 Vult
331 1937 433 1996 literas
456 1937 533 1995 scire
555 1935 714 1996 viderihic
727 1935 873 2015 Oopiista,
896 1941 926 1994 et
947 1934 1057 2014 plenus

176 2025 225 2080 est
245 2037 345 2078 rerum
370 2020 535 2098 antiquitus
558 2027 724 2100 gestarum.

217 2101 277 2162 Pro
299 2103 463 2182 pastoralis
486 2103 577 2183 igitur
598 2101 732 2178 officiis)
759 2100 862 2161 divina
883 2098 981 2181 gratis
1002 2118 1056 2159 no-

131 2188 180 2252 bis
203 2185 331 2245 iniuncti
360 2185 494 2265 curab),
525 2203 616 2264 quam
646 2186 796 2265 gerimus,
829 2183 1055 2264 praedictorum

130 2287 270 2334 errorum
297 2268 376 2328 virus
399 2269 615 2348 pestiferumc)
641 2268 767 2328 ulterius
790 2264 977 2346 tolerared),
1003 2283 1055 2324 sen
1100 2313 1104 2321 .

131 2351 341 2422 dissimulare,
373 2353 439 2412 siue
462 2351 654 2412 Christianae
676 2352 833 2432 religionis
856 2355 990 2427 notae),
1014 2356 1056 2409 et·

132 2458 195 2520 que
221 2433 414 2495 orthodoxae
437 2433 508 2494 fidei
530 2434 639 2494 iniuria
660 2434 745 2494 nullo
769 2433 861 2493 modo
884 2451 1055 2513 possumus.

130 2521 251 2584 Eorum
274 2524 374 2577 autem
398 2515 570 2598 error-unis)
596 2517 717 2594 aliquos
738 2516 950 2596 praesentibus
973 2514 1057 2574 duxi·

104 2656 108 2661 .
133 2623 205 2671 mus
227 2600 413 2679 inferendos,
435 2618 562 2678 quorum
585 2606 675 2659 tenor
696 2602 831 2679 sequitur
851 2607 883 2661 et
905 2607 952 2661 est
973 2601 1058 2661 talis:

177 2690 215 2762 a)
241 2683 378 2744 Tandem
403 2682 536 2743 osticium
558 2683 645 2742 facit:
680 2682 733 2742 sed
757 2684 842 2761 vide,
864 2702 903 2743 ne
924 2684 1058 2744 abutaris

175 2774 334 2851 potestate
356 2774 494 2829 tuanen
516 2768 545 2826 in
569 2765 828 2842 aedificationem,
862 2766 917 2826 sed
952 2768 984 2827 in
1008 2766 1057 2827 de·

176 2853 387 2913 structionem.
432 2851 522 2910 Certe
545 2850 714 2910 sacerdotis
745 2856 805 2925 est,
839 2856 873 2909 ut
893 2849 1057 2912 Ambrosio

176 2936 308 3012 videtur,
331 2933 405 2993 nulli
428 2952 551 3013 nocere,
573 2933 722 3014 prodesse
744 2933 824 2992 velle
846 2933 995 2994 omnibus.

174 3019 215 3096 b)
239 3015 375 3077 Atteude
398 3018 593 3076 commissam
615 3016 712 3077 Leoni
734 3018 836 3076 ovium
860 3035 974 3076 curam.

175 3105 212 3181 c)
238 3100 343 3161 Potius
366 3101 515 3160 salutares
539 3100 781 3176 admonitiones,
818 3098 901 3178 quod
929 3105 962 3158 tu
983 3117 1057 3178 quc-

174 3204 236 3265 que
258 3186 369 3262 sentis,
394 3191 424 3244 et
445 3183 600 3260 ediceres,
635 3184 693 3242 nisi
716 3189 813 3243 totum
835 3180 1009 3261 possideret
1027 3189 1057 3242 te

173 3268 327 3349 pecuniae
347 3266 491 3344 studium,
514 3273 544 3325 et
567 3265 740 3327 ambitionis
762 3273 871 3328 tumor.
915 3263 1056 3343 Proinde,

173 3351 241 3411 Vae
264 3351 369 3428 vohis,
392 3351 442 3429 qui
466 3349 566 3408 dicitis
590 3349 702 3408 malum
725 3347 855 3427 bonum,
889 3356 920 3409 et
940 3347 1055 3409 bouum

173 3433 299 3512 malum,
323 3441 475 3514 ponentes
499 3431 640 3492 tenebras
663 3432 773 3509 lucem,
796 3438 827 3491 et
849 3432 947 3490 lucem
972 3437 1057 3490 tene-

171 3517 264 3595 bras,
303 3522 452 3593 ponentes
490 3535 626 3574 arnarnm
661 3516 691 3573 in
715 3514 820 3592 dulce,
861 3521 893 3574 et
914 3513 1002 3574 dulce
1025 3515 1056 3573 in

171 3620 319 3663 amarum.

358 3737 567 3746 m

203 3792 235 3857 1)
255 3790 286 3842 In
305 3788 348 3843 ed.
370 3789 445 3842 lem:
464 3789 584 3841 enititur.
