2346 4208
191 248 256 316 430
440 315 442 321 ,
504 245 661 328 Disputatio
674 247 713 313 D·
730 245 766 303 ti.
787 249 814 310 L.

147 508 149 511 .
254 437 305 500 40.
333 435 413 496 Nam
436 434 515 496 haec
532 441 583 495 est
606 436 724 514 peccati
754 436 816 511 vis,
843 440 880 499 ,ιι
899 433 1014 502 Partus
1036 433 1112 512 dicit,

189 504 276 606 qnod
305 525 466 614 peccatum
489 526 536 578 est
562 518 687 580 aculeus
720 524 800 579 mort
801 519 844 595 is,
877 524 911 578 et
939 517 994 578 lex
1026 519 1113 578 virum

215 601 323 669 eccati.

192 623 212 683 p
254 684 306 747 41.
334 683 469 743 Edamus
503 684 595 762 igitur
626 681 846 761 bibamusque,
885 688 917 749 et
953 681 1010 742 sub
1053 682 1115 741 istis

194 766 348 847 magistris
372 773 545 826 cantemus:
568 766 687 844 Pereat,
709 767 762 845 qui
786 767 922 827 crastina
944 771 1041 825 curat.

257 851 307 912 42.
330 848 458 909 Sublata
479 855 526 908 est
514 849 628 908 tenim
650 849 702 908 lex
723 850 818 908 virtus
840 850 973 929 peccati,
997 855 1028 908 et
1048 866 1115 911 con

194 938 359 1012 sequenter
381 930 502 992 sublata
533 932 562 990 vi
591 933 711 1012 peccati
745 951 829 1003 mors
862 949 990 1010 quoque
1018 939 1050 991 et
1076 932 1115 989 in-

194 1015 296 1078 fernus
319 1015 485 1096 perierunt.

257 1100 306 1162 43
328 1097 398 1158 Non
419 1116 475 1176 per
497 1097 677 1192 sanguinem
700 1095 755 1155 lilii
776 1097 834 1156 Dei
848 1095 950 1176 legem
967 1097 1114 1157 servantis

195 1188 227 1248 et
246 1180 413 1261 implentis,
435 1178 490 1241 sed
511 1181 596 1258 quia
605 1198 663 1253 nos
684 1198 833 1260 negamus
851 1197 921 1249 esse
937 1179 1040 1260 legem
1053 1180 1115 1254 Dei

196 1282 276 1344 quae
296 1261 468 1343 impleatur
1165 1334 1167 1338 .

258 1347 308 1407 44.
330 1345 443 1406 Omnis
464 1364 570 1405 eorum
594 1343 633 1404 de
647 1352 786 1442 peccato,
808 1345 1014 1424 poenitentia,
1036 1344 1114 1405 Chri

195 1434 243 1491 sto
266 1437 298 1490 et
318 1429 500 1489 remissione
522 1429 622 1503 sunt
614 1430 819 1508 impurissima
852 1435 883 1488 et
904 1431 1059 1489 satanae'
1052 1447 1114 1508 ipso

196 1509 374 1593 dignissima
396 1510 567 1588 mendacia.

258 1596 308 1658 45
333 1594 398 1654 Lex
420 1595 519 1670 enim,
546 1598 580 1653 ut
599 1593 657 1653 fuit
678 1601 749 1654 ante
772 1594 943 1672 Christum,
974 1612 1035 1654 nos
1058 1595 1115 1672 qui·

197 1677 267 1741 dem
289 1696 454 1756 accusans,
477 1676 532 1741 snb
556 1676 678 1737 Christo
645 1680 802 1756 toautem
825 1697 881 1757 per
901 1678 1115 1738 remissionem

103 1837 104 1840 Ἴ
148 1770 154 1778 “
196 1767 393 1843 peccatorum
415 1761 548 1841 placata,
572 1766 603 1819 st
624 1760 770 1840 deinceps
794 1759 907 1840 Spiritu
928 1760 1098 1841 implenda.

258 1845 308 1908 46.
337 1843 383 1904 lta
411 1850 484 1924 post
505 1843 661 1903 ,Christum
694 1845 725 1902 in
756 1843 858 1909 futura
891 1844 955 1904 vita
983 1844 1117 1904 manebit

196 1928 324 2008 impleta
345 1927 460 1992 factat
462 1945 521 2004 ιιι
542 1927 619 2006 ipsa,
642 1926 725 2005 quod
746 1926 866 1988 interim
891 1927 1013 2007 exegit,
1036 1947 1117 1988 crea-

197 2017 470 2168 luralimvtluare
473 2091 524 2152 lex
556 2110 712 2186 nunquam
744 2091 775 2158 in
805 2096 965 2153 aeternum
994 2094 1118 2169 tollitur

198 2176 254 2238 sed
276 2175 412 2236 manebit
434 2175 482 2235 vel
505 2173 689 2255 implenda'
682 2194 712 2233 ιι
734 2173 895 2254 damnatis,
919 2176 969 2235 vel
992 2140 1118 2258 impleti

199 2262 230 2320 iss
251 2259 383 2403 14ιέῗῇίειιι
407 2339 479 2400 ver'o
502 2348 629 2400 satanae
653 2339 793 2419 discipuli
816 2338 957 2400 videntur
975 2346 1120 2422 cogitare,

199 2425 300 2505 legem
323 2443 391 2483 esse
407 2423 619 2503 temporalem,
642 2441 721 2501 quae
736 2423 791 2482 sub
807 2424 927 2485 Christo
942 2428 1120 2507 cessaverit,

199 2508 294 2572 veluti
316 2514 364 2568 est
386 2507 586 2568 circumcisio

240 2690 468 2770 Disputatio
502 2689 619 2751 tertia
656 2688 693 2748 D.
726 2687 886 2747 Martini
917 2685 1081 2749 Lutheri

456 2778 594 2832 contra
616 2771 860 2831 Antinomos.

502 2889 549 2948 De
573 2886 814 2968 poenitentiall.

214 3042 216 3046 ·
285 3029 311 3088 1.
339 3024 533 3084 Poenitentia
555 3023 763 3102 Papistarum,
785 3022 970 3100 Turcarum,
997 3024 1123 3086 ludaeo-

200 3128 277 3183 rum,
299 3113 330 3167 et
352 3107 487 3167 omnium
505 3105 677 3166 ¹infidelium
700 3113 731 3166 et
746 3105 982 3186 'hypocritarum
1007 3117 1056 3169 est
1071 3129 1124 3189 per

200 3193 304 3252 omnia
326 3189 467 3252 similis«

263 3276 290 3336 2.
313 3272 360 3334 Ea
382 3280 430 3333 est
451 3273 490 3332 de
501 3272 605 3351 aliquo
618 3272 668 3332 vel
681 3271 832 3350 aliquibus
846 3274 985 3352 peccatis
999 3275 1125 3335 actuali-

201 3354 257 3419 bus
280 3355 386 3416 dolere
408 3362 439 3415 et
460 3354 654 3433 satisfacere,
685 3365 796 3435 postea
828 3373 897 3414 esse
920 3375 1065 3417 securum
1088 3358 1126 3419 de

200 3440 268 3501 aliis
290 3439 434 3520 peccatis,
457 3457 512 3498 san
534 3437 674 3518 originali
698 3444 837 3518 peccato.

254 3680 284 3749 t)
304 3679 390 3734 Deest
408 3680 476 3733 haec
494 3683 653 3748 inscriptio:
680 3679 722 3733 De
741 3681 920 3748 poenitentia,
939 3684 969 3732 in
989 3681 1034 3734 ed.
1047 3684 1130 3752 1538,

197 3756 318 3832 repetita
337 3759 381 3812 est
398 3770 436 3810 ex
456 3752 499 3809 su.
518 3753 610 3810 titt..
