2346 4208
398 269 504 326 ascrae
520 272 555 326 o.
576 271 655 327 um.
674 271 797 327 maan.
823 292 826 297 ·
937 272 940 278 '
1012 270 1052 336 21

123 457 198 517 mihi
233 457 344 519 blosius
379 463 448 517 tuus
489 457 597 519 eadem
637 456 833 536 impudentia
865 455 1052 518 obiioiebat?

122 539 269 622 Nunquid
290 540 361 601 binc
383 541 532 619 sequitur,
560 559 609 600 me
632 539 838 602 Bohemorum
862 559 1050 601 consensum

122 625 154 685 in
169 642 239 684 mea
256 623 403 704 dogmata
423 632 519 702 (quae
536 624 596 684 alia
617 642 679 684 non
702 631 832 702 possunt
855 643 934 699 esse,
957 642 1050 702 quam
1096 622 1099 629 ’

124 709 156 768 in
181 707 264 768 libris
288 708 366 769 meis
388 707 471 767 edita
493 707 761 774 circumferuntur)
788 705 974 767 damnasse?

208 789 310 869 Atque
333 799 364 850 ut
393 791 485 857 scias,
517 810 565 850 me
587 797 654 851 tuas
676 789 803 849 insidias
826 790 900 849 nihil
923 788 1047 851 insidio-

123 893 175 934 sas
199 873 272 935 nihil
296 882 447 958 metuere,
477 873 556 935 habe
578 874 631 934 tibi
653 872 729 950 hoc,
759 881 791 933 et
811 872 906 933 illude
927 874 993 933 sive
1016 872 1051 933 il-

121 956 201 1033 lide,
224 958 249 1016 si
271 964 370 1036 potes.
417 956 511 1033 Volo,
535 963 625 1036 opto,
649 974 720 1033 oro,
742 957 856 1034 gratias
880 973 952 1036 ago,
974 975 1048 1036 gau-

123 1039 200 1117 deo,
227 1039 311 1119 quod
340 1060 408 1101 mea
438 1039 584 1121 dogmata
610 1041 734 1119 placent
760 1038 922 1115 Bohemis,
954 1051 1047 1118 atque

124 1124 241 1184 utinam
265 1123 426 1202 placerent
448 1130 479 1183 et
501 1123 619 1183 ludaeis
642 1128 674 1183 et
694 1121 820 1200 Turcis,
850 1124 912 1182 imo
936 1123 1050 1183 utinam

124 1206 223 1266 atlibi
241 1206 390 1284 etEccio,
414 1208 520 1285 positis
542 1207 651 1266 vestris
674 1205 777 1283 impiis
801 1205 963 1279 erroribus,
987 1205 1049 1283 pla·

124 1296 239 1350 serent.
284 1288 364 1364 Quid
395 1289 445 1348 hic
477 1290 592 1351 facies?
632 1289 682 1350 An
713 1286 874 1366 Iudaeum,
908 1287 1050 1366 Turcum,

122 1373 338 1432 Enrserianum
362 1381 392 1433 et
413 1373 580 1432 Eccianum
612 1391 661 1431 me
688 1381 848 1450 patronum
876 1372 1048 1447 excusabis,

124 1457 198 1536 quia
228 1474 337 1516 recuso
371 1456 489 1518 fortiter
524 1475 572 1515 me
610 1455 694 1514 nolle
727 1464 828 1513 vestra
862 1461 893 1513 el
929 1455 1049 1514 illorum

123 1537 227 1599 tueri?
264 1536 345 1613 Quid
372 1537 410 1598 ad
443 1539 512 1599 me?
548 1538 579 1599 Si
604 1537 731 1597 Bohemi
761 1554 879 1596 mecum
903 1540 1049 1615 sentiunt,

123 1628 209 1682 recte
224 1622 368 1697 sentiunt,
391 1621 446 1681 sed
461 1641 521 1682 non
535 1620 607 1681 ideo
621 1639 679 1701 ego
698 1619 819 1678 illorum
842 1619 894 1680 vel
916 1620 1050 1680 schisma

124 1705 175 1765 vel
203 1723 322 1766 errores
343 1705 482 1784 probavi,
506 1723 564 1764 nee
584 1711 636 1764 ιιιο
660 1703 821 1782 patricinio
844 1721 923 1782 opus
946 1702 1048 1781 habui,

124 1807 187 1868 quo
215 1787 274 1847 hac
302 1788 478 1867 suspicione
499 1788 634 1864 levaret,
665 1785 780 1861 idest,
811 1787 1048 1847 contaminaret.

125 1871 204 1931 Nam
229 1889 332 1950 spero,
356 1870 438 1950 quod
462 1869 608 1951 gaudeas,
631 1869 787 1929 Bohemos
811 1878 912 1928 tecum
936 1869 1050 1928 sentire

127 1956 159 2014 in
171 1954 367 2014 confessione
379 1953 546 2032 Trinitatis,
561 1953 682 2028 Christi,
695 1959 726 2011 et
740 1950 882 2011 omnibus
897 1951 965 2010 aliis
978 1950 1049 2011 fidei

125 2037 271 2115 articulis,
294 2056 348 2096 cur
361 2056 435 2118 ergo
450 2056 512 2098 non
528 2056 583 2117 pro
602 2043 633 2096 le
656 2037 723 2115 ipso
747 2035 876 2114 primurn
900 2034 1048 2095 sollicitus

123 2120 302 2200 apologiam
333 2120 415 2195 edis,
446 2138 620 2201 expurgans
649 2126 696 2193 te,
727 2117 810 2196 quod
841 2117 1048 2178 Bohemorum

125 2210 273 2284 patronus
302 2222 364 2262 uon
393 2204 457 2262 sis?
501 2203 532 2263 Si
559 2203 619 2263 hoc
649 2201 773 2261 stultum
804 2207 834 2260 et
856 2219 918 2260 non
943 2219 1048 2260 neces·

125 2289 237 2346 sarium
261 2286 428 2363 arbitraris,
452 2305 512 2364 qua
536 2288 662 2346 caritate
686 2287 891 2344 necessarium
917 2285 967 2343 tibi
991 2303 1047 2364 pro

126 2389 176 2429 me
200 2372 295 2428 visum
322 2377 384 2444 est,
407 2377 439 2429 ιιι
461 2370 596 2445 faceres,
620 2387 682 2428 non
705 2367 852 2447 rogatus?

209 2452 302 2512 Vides
332 2471 405 2532 ergo
435 2453 600 2532 malignam
629 2456 711 2511 tuam
741 2452 869 2530 agnosci
892 2449 1049 2526 invidiam,

125 2537 177 2615 qui
210 2554 278 2595 eum
308 2537 401 2595 scires
435 2536 590 2595 Bohemos
619 2535 650 2592 in
681 2553 729 2592 me
757 2532 831 2591 nihil
862 2531 994 2613 probare
1018 2540 1049 2592 el

125 2622 258 2695 iactare,
289 2638 379 2698 quam
409 2619 556 2698 dogmata
578 2637 661 2690 mea,
690 2624 721 2675 ιιι
745 2635 851 2675 θοπιπι
872 2616 1048 2675 iactantiam

124 2703 207 2761 hanc
230 2701 303 2762 felix
333 2709 436 2762 orator
464 2704 507 2760 sic
536 2700 698 2781 opprimis,
727 2706 760 2757 ut
781 2717 875 2778 neges
897 2718 945 2756 me
968 2717 1048 2757 erro-

124 2803 191 2845 rum
215 2804 337 2845 suorum
361 2804 429 2843 esse
453 2795 635 2864 patronum,
659 2783 746 2859 quasi
769 2781 813 2840 illi
835 2781 895 2840 hoc
916 2800 1048 2858 unquam

124 2869 274 2928 iactarint.
319 2867 481 2928 Oratorum
511 2869 632 2946 insigne
664 2866 757 2925 decus
786 2871 833 2923 est
865 2862 916 2944 (ut
937 2861 1047 2925 Cicero

124 2950 187 3032 ait)
212 2952 353 3030 apposite
377 2950 494 3024 dicere,
524 2959 556 3010 tu
578 2957 680 3010 autem
703 2948 910 3008 Bohemorum
934 2948 1047 3006 iactan-

125 3036 198 3094 tiam
228 3035 452 3113 coufutaturus,
484 3053 574 3112 quam
606 3034 752 3112 optimam
783 3030 898 3090 habent
919 3031 948 3088 in
972 3031 1048 3090 meis

126 3117 339 3197 dogmatibus,
374 3118 513 3177 confutas
544 3118 721 3176 iactantiam
750 3133 885 3174 errorum
913 3132 1048 3188 suorum,

125 3219 217 3280 quam
246 3208 277 3259 tu
304 3199 395 3280 fingis
424 3199 478 3260 sub
508 3201 631 3259 nomine
659 3218 737 3259 meo.
781 3197 892 3256 Nonne
920 3196 980 3255 hoc
1009 3195 1049 3255 ad

124 3283 286 3344 rhombum
323 3303 412 3343 orare
445 3291 508 3356 est,
544 3282 594 3342 ubi
628 3281 665 3341 ad
699 3282 836 3342 dextram
871 3278 924 3339 tibi
957 3278 1049 3338 belua

123 3369 235 3445 iaceat,
258 3373 288 3425 tu
306 3386 411 3425 versus
431 3368 462 3426 in
480 3367 630 3425 sinistram
652 3365 776 3444 egregie
800 3361 961 3423 rhombum
984 3361 1047 3421 lau·

125 3449 202 3510 des?
227 3449 373 3523 Obsecro,
397 3451 421 3509 si
439 3450 585 3528 deinceps
598 3449 714 3508 luscum
731 3447 808 3506 velis
826 3444 961 3519 laudare,
986 3464 1047 3504 non

126 3532 234 3593 laudes
258 3531 397 3607 surdum,
430 3534 520 3592 nain
545 3530 693 3591 discenda
714 3529 867 3589 rhetorica
890 3534 941 3588 tua
963 3528 1047 3588 vide·

124 3617 186 3676 aris
210 3634 335 3695 operam
359 3625 389 3675 et
411 3616 513 3674 oleum
536 3616 655 3692 lusisse,
679 3623 732 3673 aut
745 3617 880 3672 mutuum
893 3611 1049 3690 paulisper

125 3699 293 3760 memoriae
323 3698 475 3759 decianae
513 3698 566 3759 tibi
602 3717 705 3774 sume,
734 3703 766 3755 ut
794 3695 966 3774 argumenti
1000 3714 1048 3754 su-

125 3783 225 3868 scepti
243 3783 353 3844 saltem
374 3784 404 3844 in
427 3783 575 3845 orationis
597 3782 684 3841 initio
707 3798 825 3840 memor
848 3796 916 3839 esee
938 3780 1045 3858 possis.
