2346 4208
306 263 447 335 parandus
465 266 575 329 animur
593 264 629 319 ad
649 269 776 320 morton.
954 262 1017 333 467

94 466 156 527 que
184 447 267 509 dicta
296 468 397 528 nsque
423 450 505 511 facta
531 450 613 511 illiue
635 457 720 530 sunt,
753 450 785 511 id
811 450 894 530 quod
920 449 1017 513 datan

93 530 185 592 nobis
208 531 393 611 persuadere
415 534 528 596 nititur.
581 533 633 596 Sic
655 536 736 594 onim
758 535 909 615 suggerit:
932 533 1016 595 Heus

93 622 135 691 tu,
159 615 280 695 quidsi
303 615 429 697 indigne
452 624 646 678 sacramento
668 637 753 678 esses
777 616 873 679 usna?
896 616 1017 696 quidsi
1113 640 1116 645 ·

93 705 146 757 tua
167 697 332 842 inrpiguitcs
361 706 390 760 te
412 700 668 780 promissionibus
696 700 756 761 illis
781 719 819 762 ac
839 702 938 781 gratie
958 701 1017 780 pri·

92 788 199 843 resset

178 863 408 945 Quamprimum
443 865 516 927 illae
550 867 755 946 cogitationes
785 865 953 927 sollicitare
986 870 1017 925 te

93 949 263 1028 coeperint,
285 949 403 1009 munies
427 955 457 1009 te
478 957 586 1011 sancta
608 968 708 1027 eruce,
731 954 763 1010 ct
776 950 903 1010 missam
922 947 1016 1009 sacice

94 1033 162 1092 sive
183 1031 381 1112 dignitatern,
411 1033 476 1092 sive
501 1031 716 1113 indignitatem
738 1040 837 1110 tuam,
869 1031 930 1092 hoc
953 1038 1017 1092 tsn-

94 1125 158 1175 tum
181 1121 303 1195 specta,
336 1120 369 1175 ut
398 1115 506 1176 eredas
537 1135 607 1176 esse
628 1117 749 1196 signum
771 1115 907 1177 additum
931 1121 1016 1181 certo

93 1205 125 1257 ct
145 1216 220 1259 vero
234 1199 292 1259 Dei
314 1198 419 1281 verbo,
444 1207 476 1259 et
497 1200 653 1279 tumeatis
676 1200 735 1260 cris
750 1198 876 1280 dignus:
898 1197 1017 1278 Dignos

94 1281 177 1340 euim
200 1280 269 1342 sola
289 1280 376 1360 fides,
397 1280 541 1363 indignos
565 1282 633 1343 ecla
654 1282 852 1344 incredulitas
875 1279 976 1342 efficit.

179 1363 272 1425 Satan
294 1371 396 1424 autem
419 1365 490 1426 ideo
513 1372 544 1426 te
569 1365 647 1444 alic,
676 1373 740 1426 tum
761 1364 925 1446 dignitate,
954 1377 1015 1424 tum

93 1446 279 1529 indignitate
301 1455 415 1527 tentat,
437 1454 471 1508 ut
491 1448 582 1508 tidem
605 1454 688 1509 tuam
707 1455 840 1526 evertat,
863 1457 894 1509 et
914 1453 949 1506 ut
970 1465 1018 1509 aa·

93 1536 253 1593 crementa
275 1531 350 1591 nihil
372 1531 425 1591 tibi
446 1533 575 1612 prosint.
612 1531 645 1592 lu
668 1532 743 1592 illud
766 1536 928 1612 praeterea
948 1549 1017 1610 pec·

94 1621 197 1674 catum
220 1620 251 1674 te
274 1615 428 1675 coniicere
451 1616 572 1693 nititur,
606 1622 639 1674 ut
668 1616 766 1675 Deum
798 1612 949 1675 mendacii
972 1633 1017 1675 ar·

94 1716 189 1777 guas3
224 1697 307 1758 Deus
336 1699 419 1757 enirn
446 1716 548 1777 neque
574 1698 701 1758 verbum
723 1717 824 1777 nequa
845 1715 1017 1757 sacramen·

94 1787 158 1840 tum
182 1800 271 1841 suum
301 1787 374 1840 tuoe
401 1780 543 1862 dignitati
565 1781 632 1841 vult
653 1781 757 1858 inniti,
791 1779 846 1840 scd
877 1779 944 1840 vult
963 1797 1019 1859 per

94 1883 182 1929 suam
209 1864 356 1944 gratiam,
394 1871 427 1923 ut
459 1870 490 1924 tu
515 1864 660 1944 indignus
687 1866 719 1925 iu
744 1864 839 1925 verbo
869 1870 901 1923 et
927 1862 1016 1943 signo

94 1965 151 2006 suc
174 1946 304 2008 haereas
326 1965 364 2007 ac
385 1947 501 2025 nitaris,
522 1956 556 2008 ut
577 1949 622 2007 sic
644 1947 746 2008 dicere
768 1947 886 2026 possis:

178 2030 263 2091 Deus
285 2035 345 2100 est,
378 2031 429 2109 qui
458 2031 579 2111 signum
609 2036 641 2092 et
672 2030 798 2091 verbum
828 2048 915 2089 suurn
945 2026 1017 2089 milri

95 2112 194 2191 dedit,
222 2119 255 2173 ut
276 2120 377 2174 certus
400 2132 518 2192 essem,
548 2114 659 2175 Christi
681 2116 791 2192 vitam,
818 2113 964 2194 gratiam,
987 2120 1019 2172 et

95 2196 214 2273 coelos,
234 2198 266 2256 iu
288 2196 398 2275 quibus
420 2204 476 2274 est,
499 2209 636 2277 peccate,
660 2206 790 2258 mortem
814 2207 844 2256 et
865 2195 1016 2256 infernum

96 2298 196 2339 meum
221 2281 398 2358 sustulisse,
432 2283 498 2340 sine
526 2281 618 2341 dubio
641 2283 794 2360 promissa
815 2281 922 2356 faciet,
946 2286 1018 2340 tam·

95 2381 156 2441 que
189 2370 289 2423 certus
325 2382 390 2422 sum
421 2363 459 2423 de
487 2365 523 2423 iis
545 2364 663 2442 verbis,
699 2364 807 2443 quibus
845 2363 917 2422 mihi
951 2381 1020 2423 mea

95 2455 225 2526 peecata.
252 2445 441 2507 condonavit
463 2447 624 2524 sacerdos,
659 2457 751 2526 atque
780 2449 804 2506 si
829 2448 928 2506 Deum
958 2464 1018 2504 me-

96 2548 166 2588 cum
198 2530 374 2609 loquentem
411 2530 586 2590 audiissem.
643 2529 675 2590 Si
709 2531 801 2609 igitur
834 2530 892 2589 Dei
924 2529 1020 2589 verbo

95 2620 182 2690 sunt,
204 2620 289 2673 certo
311 2611 395 2674 tient.
440 2613 497 2672 Hic
518 2614 673 2691 consisto,
696 2613 754 2672 hac
777 2632 831 2691 spe
855 2616 886 2672 et
907 2610 1020 2672 fiducia

96 2703 226 2755 mortem
248 2696 358 2757 lubens
382 2696 485 2757 obibo.
531 2696 598 2756 Hoc
628 2697 708 2756 enim
732 2697 858 2757 omnino
881 2693 945 2755 lieri
968 2694 1019 2755 de-

96 2779 157 2856 bet,
180 2789 214 2838 ut
234 2781 311 2839 tanti
333 2778 502 2840 sacerdotis
527 2780 620 2839 verba
645 2780 750 2857 facias,
774 2786 868 2856 atque
890 2780 914 2837 si
937 2778 1020 2838 Deus

97 2881 153 2941 per
179 2864 323 2943 angeium
352 2880 440 2923 suum
472 2871 524 2922 eut
553 2863 728 2943 apostolum
758 2862 890 2941 aliquem
921 2880 960 2920 ea
980 2859 1019 2921 cd

97 2954 128 3004 te
150 2946 275 3025 perferri
297 2947 444 3022 iussisset,
470 2955 563 3026 atque
585 2948 611 3006 si
633 2948 699 3025 ipse
713 2946 850 3006 Christus
873 2963 1020 3024 praeseus

96 3036 292 3108 praesentem
314 3029 507 3091 absolvisset.
552 3030 681 3090 Utemur
707 3031 787 3090 enim
812 3029 967 3089 communi
990 3034 1021 3088 et

97 3118 173 3173 noto
197 3113 361 3173 vocabule.
959 3172 961 3178 .

181 3195 318 3276 Septimo
342 3196 480 3274 decim0,
516 3196 642 3255 multum
678 3196 769 3277 igitur
797 3215 872 3275 prae
903 3195 972 3254 aliis
994 3196 1020 3254 is

96 3285 145 3339 est
178 3290 380 3358 consecutus,
413 3281 464 3358 qui
493 3287 687 3339 sacramenta
721 3280 934 3358 consequitur,
967 3279 1021 3338 ha-

97 3363 150 3423 bet
172 3365 253 3422 enim
282 3364 371 3443 signa
400 3364 507 3423 aDeo
532 3362 685 3440 exhibita,
720 3363 813 3422 babet
844 3362 1020 3442 promissio-

97 3466 168 3506 nem
182 3447 249 3522 Dei,
273 3446 382 3525 quibus
404 3445 495 3505 fidem
518 3465 603 3505 suam
626 3444 797 3523 confirmet,
819 3465 853 3505 se
874 3448 935 3505 iam
959 3464 1020 3505 om-

97 3531 180 3589 nium
202 3530 325 3589 illorum
348 3549 417 3589 esse
439 3530 551 3589 lactum
574 3530 764 3609 participem,
788 3548 867 3608 quae
882 3529 1020 3589 Christus

97 3613 197 3673 lrabet.
243 3611 302 3686 Qui
327 3620 429 3673 autem
459 3613 537 3673 baec
560 3620 752 3672 sacramenta
773 3631 836 3672 nou
857 3620 928 3672 sunt
949 3631 1020 3672 oon-

97 3698 215 3772 seeuti,
248 3696 290 3754 illi
321 3697 405 3755 nulla
433 3705 562 3757 externa
593 3704 622 3756 et
651 3695 792 3756 sensibus
815 3695 952 3756 subiecta
973 3715 1021 3754 su-

97 3780 271 3840 stentacula
307 3779 379 3840 fidei
408 3799 482 3842 cuae
514 3780 634 3845 hebent,
680 3779 755 3840 Fide
777 3785 879 3841 minen
902 3787 934 3841 ct
955 3799 1022 3839 ccr-

734 3861 801 3932 30*
