2346 4208
149 253 212 319 222
468 254 610 307 maccus
625 253 742 307 :Lutbsri

143 441 226 524 quod
239 442 391 522 propheta
403 439 438 517 *)
456 442 616 502 octonario
639 447 716 522 toto,
739 448 771 503 et
788 442 892 502 multis
908 441 980 502 aliis
994 441 1063 503 loeis

143 533 191 587 tot
212 524 376 607 gemitibus
399 531 430 585 et
452 523 580 585 vocibus
602 526 736 604 suspirat
757 526 928 587 etiuvocat
945 525 1062 587 verbum

142 609 207 672 Dei.
711 649 713 652 -
1075 629 1086 662 s

225 691 341 751 Rursus
369 709 428 751 uec
460 692 584 752 saevior
615 690 708 771 plaga
738 692 803 752 irae
825 692 911 772 Dei,
928 689 1063 775 quw)

144 775 215 836 dum
240 775 332 835 mittit
344 774 456 834 famem
480 773 601 834 auditus
615 773 700 834 verbi
721 776 777 850 sui,
800 777 877 836 utin
899 774 1062 853 Amos‘*)

143 858 233 918 dicit:
265 859 344 919 sicut
378 877 437 918 neo
457 859 623 918 maiorest
641 859 759 978 potia,
787 876 879 938 quam
903 860 931 920 si
953 859 1066 920 emittet

142 941 267 1003 verbum
290 960 392 1020 suum,
415 949 448 1000 ut
469 940 549 1001 Psal.
574 942 633 1004 104
660 947 689 1016 J:
724 941 806 1002 Misit
827 941 958 1002 verbum
981 960 1062 1002 suum

145 1032 176 1085 st
204 1026 326 1085 sanavit
353 1043 423 1103 scs,
457 1031 489 1084 et
517 1025 628 1104 eripuit
655 1042 710 1083 eos
732 1023 771 1083 de
793 1024 1062 1106 interitionibus³)

143 1127 258 1169 eorum.
301 1107 410 1185 Neque
438 1107 573 1168 Christus
602 1106 641 1166 ad
675 1106 757 1166 aliud
786 1105 923 1168 officium
960 1110 1063 1168 missus

144 1199 199 1267 est,
222 1209 312 1269 quam
337 1189 431 1268 verbi,
454 1197 486 1250 ct
501 1190 701 1269 apostolicus,
725 1191 924 1271 episcopalis,
947 1193 1061 1252 univer·

142 1293 255 1353 susque
277 1273 353 1333 ordo
377 1274 555 1334 clericorum
578 1292 641 1332 non
665 1274 722 1333 uisi
743 1275 775 1332 in
797 1275 883 1336 verbi
905 1274 1061 1336 ministcr't

144 1376 194 1417 um
217 1363 346 1418 vocatus
370 1363 401 1416 et
417 1357 572 1422 institutus
597 1363 652 1416 est.

226 1439 362 1515 Quaeres
385 1448 502 1500 autem:
525 1438 689 1514 Quodnam
705 1445 754 1500 est
775 1439 902 1499 verbum
925 1441 999 1520 hoc,
1017 1447 1062 1501 aut

144 1541 204 1602 qua
226 1530 292 1583 orte
315 1522 460 1583 utendum
484 1532 532 1582 est
554 1541 601 1600 eo,
625 1541 694 1581 oum
717 1531 778 1581 tam
802 1523 899 1583 muita
921 1525 987 1584 siut
1003 1542 1060 1583 ver·

143 1606 184 1667 ba
205 1604 284 1666 Dei?
306 1605 517 1686 Respondao:
543 1605 712 1684 Apostolus
735 1605 846 1665 Paulus
867 1606 961 1669 Rom.
989 1612 1015 1670 1.
1035 1604 1061 1666 id

84 1691 86 1694 ’
142 1688 291 1770 explicat,
319 1689 452 1768 seilicet,
481 1688 676 1768 evangelium
701 1688 757 1748 Dei
780 1687 819 1749 de
840 1688 920 1749 Filio
945 1708 1005 1751 suo
1025 1691 1062 1750 iu·

141 1778 277 1850 earuato,
299 1791 403 1853 passo,
425 1772 606 1833 resuscitato
620 1775 650 1832 et
662 1770 835 1852 glorificato
846 1790 904 1851 per
927 1775 1060 1853 spiritum

141 1854 415 1916 sanctificatorem:
439 1855 634 1936 praedicasse
651 1856 732 1915 enim
752 1854 918 1934 Christum,
941 1855 1063 1934 uocari,

141 1941 274 1999 animam
296 1939 438 2018 pavisse,
474 1937 671 2016 iustificasse,
704 1936 853 1998 liberasse
892 1945 925 1998 et
952 1939 1063 2001 salvam

145 2022 266 2100 fecisse,
289 2023 315 2081 si
328 2020 491 2082 crediderit
506 2021 737 2102 praedicationi.
779 2019 870 2081 Fides
897 2023 983 2083 enim
1005 2021 1065 2086 sol·

146 2114 193 2165 est
215 2105 365 2182 saluteris,
389 2114 420 2165 et
440 2104 552 2165 efficax
574 2124 645 2164 usus
657 2102 742 2164 verbi
756 2104 820 2180 Dei,
843 2103 935 2166 Rom.
962 2109 1017 2172 10:
1038 2103 1063 2166 Si

145 2185 320 2249 confitearis
343 2207 396 2248 ore
419 2195 482 2265 tuo,
504 2188 604 2248 Iesum
628 2207 697 2247 esse
718 2187 895 2268 Dominum,
920 2195 954 2248 et
978 2188 1064 2250 corde

144 2281 197 2331 tuo
219 2270 394 2345 credideris,
417 2270 499 2350 quod
514 2272 595 2330 Deus
617 2271 701 2330 iilum
714 2271 873 2330 suscitavit
896 2291 916 2331 a
934 2274 1064 2347 mortuis,

145 2353 248 2413 solvus
271 2355 338 2415 eris.
382 2354 423 2414 Et
442 2352 567 2413 iterum:
596 2354 678 2414 Finis
701 2354 778 2434 legis
801 2352 944 2416 Christus
969 2355 1008 2417 ad
1028 2357 1066 2416 iu·

145 2438 258 2496 stitism
281 2439 364 2496 omni
382 2436 528 2516 credenti,
551 2438 677 2499 etRom.
702 2441 734 2500 1:
757 2438 909 2497 lustusex
932 2437 998 2500 fide
1019 2456 1065 2499 sua

147 2520 239 2580 vivet.
281 2520 390 2599 Neque
411 2522 491 2580 euim
514 2519 640 2581 verbum
664 2520 721 2580 Dei
745 2520 889 2600 operibus
912 2522 997 2600 ultis,
1019 2519 1064 2582 sed

147 2602 216 2663 sola
236 2602 298 2669 fide
319 2605 430 2684 suscipi
453 2611 485 2664 et
518 2605 577 2664 coli
607 2612 718 2684 potest.
762 2603 834 2663 ldeo
875 2604 995 2666 clarum
1017 2613 1064 2680 ast,

145 2693 179 2746 ut
200 2687 268 2747 solo
291 2687 386 2748 verbo
408 2689 512 2746 anime
540 2705 620 2766 opus
643 2686 736 2747 habet
756 2686 794 2747 ad
818 2687 912 2747 vitam
938 2698 972 2749 et
992 2688 1064 2749 iusti·

143 2770 228 2846 tium,
250 2771 293 2830 ita
315 2770 384 2831 sola
405 2769 465 2830 fide
488 2778 519 2830 et
542 2770 632 2830 nullis
656 2770 800 2850 operibus
823 2768 1018 2833 iustificetur.
1038 2769 1065 2832 ti

146 2853 309 2913 animabo
333 2855 477 2933 quopiam
500 2852 657 2914 iusti-ficari
675 2861 789 2932 posset,
813 2852 909 2914 verbo
934 2875 1001 2916 non
1021 2855 1064 2914 ha

148 2935 235 2996 beret
256 2955 345 3016 opus,
366 2956 404 2996 ac
424 2957 480 3016 per
501 2936 562 2996 hoc
584 2955 643 2997 neo
664 2934 732 2997 fide.

227 3019 339 3078 Verum
374 3021 452 3081 haec
482 3019 559 3079 fides
590 3020 756 3080 subsistere
777 3037 903 3100 prorsus
933 3040 998 3082 uon
1020 3039 1065 3102 po·

144 3107 207 3164 test
228 3120 297 3162 cum
319 3102 472 3184 operibus,
495 3103 556 3163 hoc
578 3111 634 3180 est,
657 3104 682 3163 si
704 3121 759 3182 per
782 3120 879 3181 opera
901 3100 1064 3183 (quaeouu

144 3204 203 3265 que
226 3184 310 3266 sunt)
334 3187 424 3247 simul
445 3185 600 3246 iustificari
625 3204 812 3267 praesumas,
837 3186 899 3246 hoc
921 3188 1005 3248 enim
1026 3205 1063 3247 cs

144 3276 192 3329 set
213 3270 244 3328 in
267 3268 343 3329 duas
365 3276 467 3349 partes
490 3268 672 3345 claudicare,
696 3270 772 3330 Baal
793 3268 934 3348 adorare,
960 3277 993 3332 et
1014 3287 1064 3330 ma

147 3372 219 3413 uum
244 3353 392 3431 osculari,
428 3372 508 3432 quae
542 3358 590 3412 est
611 3354 754 3432 iniquitas
776 3353 929 3431 maxima,
968 3362 1001 3414 ut
1019 3351 1063 3414 lot

144 3437 196 3496 ait.
238 3435 312 3497 ldeo
336 3437 407 3497 dum
424 3436 552 3496 eredere
573 3437 693 3516 incipis,
716 3436 805 3497 simul
829 3435 935 3515 discis,
960 3438 1061 3513 omnia

156 3568 565 3590 m

216 3625 248 3691 1)
268 3624 298 3677 in
318 3624 359 3677 sd.
380 3625 446 3680 1521
479 3610 572 3677 deest:
598 3640 691 3692 quom.
728 3623 761 3691 2)
783 3627 815 3676 lu
844 3622 983 3682 ed.Jeu.:
1015 3624 1056 3680 107

146 3696 177 3765 3)
199 3697 229 3748 ln
248 3697 291 3749 ed.
312 3698 393 3752 1521:
412 3697 646 3750 internitiouibus.

217 3768 249 3834 ¹¹)
271 3769 369 3822 Psalm.
394 3769 451 3824 119.
490 3769 540 3837 “)
560 3767 657 3823 Amos.
677 3768 703 3825 8.
