2346 4208
125 254 188 323 258
356 258 447 313 Resol.
471 259 498 313 L.
517 276 603 329 super
619 258 806 329 Proposltion.

129 467 197 523 uos,
221 447 274 507 sed
299 466 408 507 omnes
431 467 498 521 nos,
522 456 553 508 et
574 449 735 509 universae
756 447 894 510 iustitiae
914 453 1025 523 nomas,

130 532 285 590 neminem
301 533 431 610 excepit,
447 538 477 590 et
486 531 602 591 nullam
614 533 759 592 iustitiam
772 530 919 592 mundam
930 530 1026 591 aaran

127 613 212 693 Ergo
236 633 296 673 non
323 621 425 693 potest
443 614 520 673 trahi
544 613 582 675 ad
603 615 733 694 aliquos,
756 615 807 694 qui
823 608 1026 693 nonluerlntll

126 698 224 777 gratia
240 696 404 771 iustificati,
428 716 485 756 neo
496 697 642 758 adsolam
657 696 800 777 legalem,
813 696 868 758 sed
882 696 1028 769 alomna

127 788 157 839 et
180 779 218 838 ad
250 799 373 840 omnem
397 781 541 840 iustitiam
565 799 682 843 eorum.
717 779 759 841 At
780 786 897 841 eertum
918 784 973 857 est,
989 776 1030 839 ab·

127 870 202 940 quot
224 864 303 922 inter
327 882 381 923 eos
403 864 518 941 fuisse,
540 866 591 942 qui
613 864 681 943 plus
703 882 794 942 quam
818 861 913 943 legali
929 858 1030 921 iustitis

128 947 198 1004 iusti
223 953 342 1020 essent,
372 951 404 1005 et
424 947 514 1005 aliam
538 965 628 1025 quam
651 947 797 1006 iustitiam
821 944 954 1026 legalem
972 950 1031 1011 tuat

126 1029 220 1088 luisse
235 1029 336 1107 simul,
359 1040 388 1087 et.
399 1036 500 1088 tamen
514 1028 589 1088 dioit
604 1047 712 1089 omnes
723 1027 911 1105 immundos,
932 1034 963 1088 et
978 1024 1031 1087 ml·

128 1132 232 1170 versas
254 1113 383 1171 iustitias
405 1112 551 1191 pollutas.
595 1111 698 1185 Quare
719 1112 815 1173 vineit
837 1111 918 1189 haee
936 1108 1030 1171 aaut

126 1203 182 1270 tas,
206 1204 237 1253 et
258 1202 319 1254 tam
344 1202 450 1274 aperta
473 1193 567 1254 verba
588 1201 705 1275 dogunt
725 1196 935 1273 cuiuscunque
955 1194 1030 1253 inter·

126 1279 328 1355 pretationem
352 1277 529 1356 posthaberi
552 1297 609 1338 suo
632 1279 827 1358 apertissimo
850 1278 990 1355 sensui..
1036 1270 1050 1321 θ

134 1388 137 1393 ·
207 1359 267 1420 sed
293 1367 324 1419 et
344 1359 418 1418 illud
438 1361 519 1420 malo
532 1360 724 1440 intelligendi
741 1381 796 1420 usu
818 1360 939 1439 dieitur,
959 1354 1028 1439 quod

125 1443 241 1501 iustitia
263 1443 370 1522 legalis
394 1442 484 1502 fuerit
501 1443 660 1503 immunda
681 1443 720 1503 ad
743 1445 891 1504 iustitiam
914 1460 990 1503 avan

127 1525 216 1583 licam
239 1536 427 1605 comparata.
471 1525 550 1599 Quia
578 1526 628 1585 lex
651 1533 806 1605 utounqua
829 1543 954 1587 oeramo
977 1524 983 1539 ⁸
1012 1522 1018 1537 '

127 1615 193 1667 erat
217 1608 308 1685 bona,
331 1616 402 1668 eta
426 1609 490 1668 lteo
513 1610 667 1686 instituta,
701 1628 796 1688 quara
824 1608 944 1670 iustitia
964 1608 1030 1669 ato
1053 1674 1057 1683 ,

124 1693 193 1750 dem
218 1710 279 1750 non
303 1697 371 1751 erat
393 1691 431 1750 de
455 1710 488 1750 se
506 1692 663 1751 immunda
684 1693 747 1752 ullo
762 1691 1031 1770 moda-oanan

124 1794 186 1833 nou
210 1775 308 1833 minus
330 1780 516 1854 oogerentar
543 1770 749 1850 ea‘servara,
780 1793 873 1853 quam
903 1770 1029 1851 doulon

123 1864 299 1936 praesepta.
342 1857 427 1935 ldeo,
449 1858 500 1936 qui
521 1856 561 1917 de
581 1858 698 1917 iustitia
719 1858 797 1938 legis
820 1867 968 1937 tanquam
985 1856 1029 1915 ln·

125 1941 237 1999 munda
260 1940 435 2018 loquuntur,
458 1940 557 2001 solum
570 1942 738 2020 respiciunt
753 1939 792 2001 ad
807 1947 931 2021 tempus
951 1954 1029 2001 aru·

124 2023 206 2101 gelii,
229 2024 259 2081 in
283 2042 344 2100 quo
368 2031 416 2082 est
436 2023 595 2102 abrogata,
618 2043 680 2084 non
705 2024 776 2101 quia
796 2014 1036 2099 immunda-rad.
1071 2060 1074 2069 ·

123 2107 194 2183 quia
216 2104 357 2164 fiduciam
381 2105 550 2184 praebebat
570 2107 670 2166 stultis
692 2112 800 2166 eontra
821 2107 954 2187 gratiam
974 2101 1029 2177 Dei,

124 2195 156 2247 ut
173 2189 342 2267 Apostolus
364 2188 516 2249 adGalat.
539 2197 571 2249 et
586 2190 674 2250 Rom.
697 2188 798 2249 dooet.
842 2188 947 2262 Quare
967 2188 1030 2247 aaut

123 2271 336 2331 oeremonialis
358 2273 474 2331 iustitia
504 2282 571 2332 erat
591 2271 675 2332 bona
697 2279 728 2332 et
748 2278 856 2347 reeta,
888 2278 922 2333 et
941 2278 1029 2333 tamea

124 2353 291 2432 immunda,
324 2355 365 2413 ita
400 2362 431 2415 et
464 2354 606 2434 decalogi
632 2374 741 2416 eorum
763 2356 879 2415 iustitia
900 2360 967 2415 erat
984 2353 1028 2413 iu

124 2436 248 2515 munda,
271 2437 495 2516 quantumlibet
510 2438 601 2498 bona.
625 2438 779 2518 Propheta
800 2440 883 2498 enim
906 2456 964 2519 pm
982 2450 1029 2497 auo

123 2527 263 2599 tempore
284 2520 434 2598 loquitur,
468 2540 529 2599 quo
562 2522 678 2581 iustitia
705 2521 783 2602 legis
811 2519 950 2581 nondum
977 2522 1031 2579 aral

126 2603 292 2683 abrogata,
322 2604 438 2682 alioqui
462 2603 645 2682 dicendum,
679 2604 763 2682 quod
783 2604 868 2664 Deus
891 2606 937 2665 eia
958 2616 1029 2685 pras

122 2689 256 2765 oapisset
282 2687 441 2747 immunda
468 2706 609 2766 servare,
648 2687 729 2766 quod
764 2693 812 2747 est
845 2683 1030 2747 detestabile

120 2769 187 2829 Stat
208 2790 282 2850 ergo
296 2771 421 2829 verbum
435 2772 596 2830 universae
617 2771 753 2830 iustitiae
775 2774 905 2831 nostrae
919 2771 1030 2831 immun·

123 2853 190 2929 dae,
215 2862 246 2913 et
269 2873 377 2913 omnes
401 2873 459 2913 nos
480 2852 639 2913 immundi.

206 2936 365 3009 Secundo,
394 2936 469 2995 illud
498 2936 602 2998 Eoole.
629 2941 665 3001 7:
697 2935 767 2995 Non
801 2938 850 2995 est
882 2936 981 3014 ipatus
1007 2930 1031 2991 ia

122 3028 212 3096 terra,
234 3021 285 3099 qui
299 3019 480 3096 benefaciat,
505 3028 537 3079 et
558 3039 621 3080 non
640 3024 758 3099 peooet
780 3017 870 3079 Solet
890 3016 1033 3079 autema

124 3105 183 3163 lroo
205 3104 330 3163 verbum
354 3104 398 3162 sio
420 3103 517 3179 eludi,
541 3102 624 3182 quod
645 3104 741 3161 iustus
764 3100 932 3181 aliquando
954 3100 1032 3161 bem

121 3188 202 3261 l'aoit,
224 3185 390 3265 aliquando
410 3194 534 3265 peooat,
557 3186 612 3246 sed
635 3185 695 3246 hoo
708 3203 771 3245 non
794 3184 895 3245 stabit.
919 3182 1032 3273 Sinni-4
1066 3198 1074 3211 ²

121 3270 182 3329 boa
204 3270 362 3346 voluisset,
384 3269 548 3329 suffecerat
569 3269 688 3329 dioere:
711 3267 782 3327 Non
804 3274 853 3327 est
873 3268 971 3328 iustus
990 3278 1031 3343 qu

122 3372 183 3412 oon
198 3360 315 3432 peooet,
337 3352 410 3431 quid
434 3354 513 3412 enim
535 3351 736 3431 superflueret
749 3349 860 3423 verbis,
883 3349 971 3429 quasi
988 3344 1031 3407 all·

121 3437 188 3513 quis
211 3438 251 3494 sit
270 3437 385 3512 iustus,
424 3438 475 3514 qui
497 3437 590 3495 t'aoiat
601 3433 633 3518 ²)
659 3433 761 3494 male?
795 3434 965 3494 nonenim
985 3424 1031 3489 noi

121 3521 217 3578 iustus
237 3520 310 3578 l'aoit
320 3519 409 3596 bene,
431 3529 462 3579 et
483 3538 502 3577 a
516 3517 749 3578 benefaciendo
772 3517 870 3577 iustus
882 3523 946 3577 eet·
960 3512 1031 3587 ideo,

128 3609 161 3661 nt
182 3603 335 3681 exprimat
357 3603 474 3679 vitium,
497 3601 597 3679 addit,
619 3603 670 3680 qui
694 3600 787 3660 laniat
808 3598 904 3677 bene,
933 3600 965 3660 et'
981 3608 1030 3655 non

122 3724 410 3735 ——0----———.-
417 3722 538 3731 --------

159 3778 189 3844 1)
212 3777 240 3829 lu
260 3776 304 3829 ed.
326 3777 412 3843 orig.:
432 3777 550 3825 luerunt.
586 3771 619 3840 2)
641 3770 671 3823 ln
692 3770 734 3824 ed.
754 3768 929 3825 ‚leuatam
