2346 4208
13 2294 22 2333 l

323 245 420 295 contra
438 255 547 296 errores
565 239 600 295 ld.
621 241 697 294 Luth.
917 233 980 304 267

98 425 224 487 Domini
243 443 305 487 non
328 431 472 506 pascant,
484 479 487 486 .
501 424 557 488 sod
570 424 758 506 ,dispergant
782 430 812 484 et
833 423 979 487 lacerent.

99 506 167 569 Vos
189 508 289 586 enim,
310 507 391 587 Leo,
418 527 476 569 vos
502 505 539 590 (o
563 509 704 586 miseria)
730 507 923 568 convertistis
948 506 980 565 in

98 590 333 652 amaritudinem
356 591 509 669 iudicium,
533 599 564 653 ct
577 592 705 652 fructum
718 592 852 651 iustitiae
874 590 906 650 in
929 588 980 651 ab·

98 673 267 755 synthium.
309 674 375 754 Vis,
398 672 479 753 qnod
502 676 590 755 petis,
613 672 797 754 impetrare?

98 755 128 834 l)
154 755 264 817 Adhuc
294 757 369 817 nihil
402 756 517 836 oravit,
550 757 632 837 quod
652 759 848 838 impetratum
876 753 980 830 vellet,

100 840 324 901 conscientiam
346 839 479 900 hominis
513 840 648 920 appelle.
690 841 758 900 Vae
782 837 979 899 desideranti-

98 921 158 983 bus
186 921 266 983 diem
290 922 430 999 Domini,
464 920 562 984 Amos
585 927 614 987 5.
636 923 780 999 Namtu,
814 922 891 1000 Leo,
928 918 982 982 ubi

98 1003 254 1087 regnabis,
275 1005 300 1065 si
322 1003 673 1087 quandoremcrgatilla
694 1005 822 1068 anobis
844 1004 984 1066 demersa

99 1086 282 1149 Sanctorum
305 1087 459 1149 ecclesia?
892 1103 894 1108 ’

143 1168 265 1231 Dudum
274 1168 307 1254 a)
334 1170 501 1251 siquidem,
524 1171 605 1251 quod
627 1192 702 1251 prae
723 1172 818 1232 animi
840 1169 982 1250 angustia

58 1259 90 1314 et
113 1271 255 1314 moerore
266 1260 302 1331 b)
328 1255 500 1334 exprimere
520 1254 572 1314 vix
593 1274 767 1334 possumus,
788 1253 849 1315 fide
873 1253 979 1334 digno·

57 1356 125 1397 rum
146 1335 247 1396 relatu·
266 1354 303 1396 ac
334 1337 416 1398 sama
435 1336 560 1417 publica
581 1338 749 1414 referente,
783 1336 822 1398 ad
844 1343 982 1397 nostrum

58 1419 202 1500 pervenit
223 1416 411 1502 auditumss),
434 1420 496 1481 imo
521 1440 603 1498 vero,
627 1421 704 1501 proh
719 1417 862 1497 dolord),
885 1418 981 1480 oculis

57 1501 173 1562 nostris
196 1500 325 1562 vidimus
348 1521 385 1563 ac
408 1502 555 1583 legimus,
587 1503 698 1563 multos
719 1521 756 1563 ac
777 1504 878 1563 varios
902 1519 982 1562 erro·

58 1603 120 1660 res,
143 1582 294 1664 quosdam
320 1584 465 1646 videlicet
478 1586 538 1646 iam
560 1605 616 1666 per
629 1586 821 1664 Conciliae),
843 1603 880 1644 ac
894 1583 982 1644 Prae·

59 1668 258 1727 decessorum
297 1674 471 1729 nostrornm
500 1666 771 1750 constitutionesf)
811 1667 982 1744 damnatos,

58 1749 212 1811 haeresim
226 1750 317 1811 etiam
332 1749 520 1812 Graecorum
533 1758 564 1811 et
575 1751 816 1822 Bohemicame)
837 1766 983 1829 expresse

60 1833 269 1912 continentes,
290 1833 368 1894 alios
393 1853 465 1895 vcro
487 1831 702 1917 respectiveh)
728 1833 776 1894 vel
799 1833 982 1908 haereticos,

59 1915 112 1976 vel
133 1915 246 1994 falsos,
269 1915 318 1976 vel
341 1915 560 1993 scandalosos,
587 1916 638 1978 vel
659 1918 777 1998 piarum
799 1917 916 1976 aurium
938 1914 982 1974 oi-

63 1998 218 2080 iensivos,
248 1997 296 2058 vel
332 1999 515 2080 simplicium
537 2000 683 2060 mentium
712 1997 940 2078 seductivosil,
964 2017 983 2056 a

58 2077 188 2160 falsisk)
213 2077 285 2141 fidei
307 2080 489 2158 cultoribus,
512 2085 562 2162 qui
585 2103 639 2162 per
660 2078 857 2163 superbaml)
882 2080 978 2141 curio-

60 2164 184 2224 sitalem
195 2165 259 2240 111),
297 2163 444 2233 mundio)
469 2165 640 2247 gloriamo)
666 2167 840 2244 cupientes,
873 2169 981 2224 contra

59 2244 208 2325 Apostoli
221 2245 401 2327 doctrinam,
411 2247 480 2328 plus
492 2268 600 2329 sapere
613 2249 730 2326 volunt,
744 2268 834 2328 quarn
843 2250 877 2324 P)
895 2265 984 2327 opor·

59 2335 143 2390 teat:
177 2346 304 2407 quorum
327 2329 492 2409 garrulitas
513 2330 564 2412 (ut
584 2332 682 2410 inquit
711 2326 982 2411 Hieronymum»

58 2413 130 2472 sine
153 2409 374 2490 Scripturarum
397 2415 560 2475 autoritate
598 2433 660 2473 non
697 2413 859 2490 haheretr)
883 2411 986 2486 fidem,

10 2540 14 2580 ,
57 2495 121 2554 nisi
145 2491 321 2554 viderentur
342 2513 517 2574 perversam
526 2495 552 2576 s)
581 2495 771 2573 doctrinam,
794 2496 887 2557 etiarn
910 2493 983 2554 divi-

58 2579 110 2637 nis
123 2578 318 2655 testimoniis,
332 2577 444 2652 malet)
471 2584 573 2639 tamen
590 2580 807 2658 interpretatis,
828 2577 984 2639 roborare.
1010 2646 1015 2653 ,

56 2659 87 2721 Α
111 2677 241 2738 quorum
266 2660 362 2720 oculis
384 2660 442 2722 Dei
464 2659 601 2742 timoru)
627 2662 763 2737 recessit,
786 2659 912 2721 humani
934 2677 984 2740 ge-

54 2743 143 2805 neris
154 2739 285 2824 hostex)
301 2751 496 2824 suggerente,
518 2745 638 2804 noviter
653 2745 826 2821 suscitatos,
849 2749 880 2804 et
890 2761 987 2822 nuper

50 2823 142 2907 apud
164 2823 314 2904 quosdam
336 2825 512 2905 leviorcsy)
536 2828 567 2886 in
589 2824 734 2910 inclitaz)
760 2827 887 2887 natione
910 2824 984 2885 Ger·

52 2907 184 2972 manica
205 2909 382 2970 seminatos.

103 2991 141 3066 a)
165 2989 299 3052 Attende
327 2991 498 3053 Romanam
526 2991 710 3054 facundiam.
734 2991 771 3068 b)
796 2990 913 3052 Dolore
941 2991 985 3049 in·

82 3074 232 3154 ⁴terccpti
253 3073 338 3134 lucri.
367 3078 402 3151 c)
425 3075 520 3136 Plane
542 3075 661 3153 vidisti,
696 3076 720 3135 si
750 3074 822 3154 quid
852 3091 985 3151 unquam

104 3153 201 3215 vides.
224 3153 261 3238 d)
287 3156 406 3217 Scimus
428 3176 491 3218 non
515 3159 582 3218 sine
601 3177 712 3239 magno
736 3167 788 3219 tuo
812 3155 921 3217 dolore
944 3157 986 3217 vi·

103 3237 188 3297 disse
210 3246 254 3318 te,
288 3239 343 3300 sed
366 3239 405 3301 ob
428 3240 457 3301 id
481 3242 642 3302 veritatem
664 3241 808 3302 deserere
829 3259 893 3300 nou
916 3256 985 3318 pos-

102 3339 218 3382 sumus.
978 3366 984 3381 .

104 3408 142 3478 e)
168 3404 389 3467 Conciliabula.
434 3406 460 3482 f)
486 3406 720 3484 Pulchrasillas,
743 3406 853 3467 acsuis
876 3404 985 3486 dignas

104 3487 272 3548 autoribus.
296 3497 333 3568 g)
360 3487 483 3566 Quales,
508 3489 671 3565 oOhriste,
693 3489 857 3550 haereses?
889 3501 899 3560 t
924 3487 988 3549 Ex·

103 3587 221 3650 presse,
243 3571 423 3650 respective,
446 3572 583 3653 pulchre,
597 3572 746 3634 Romans.
768 3569 797 3654 i)
812 3571 848 3637 In
859 3590 986 3650 summa,

104 3671 211 3712 sanam
225 3661 256 3712 et
271 3653 476 3714 orthodoxam
492 3656 680 3734 opinionem,
703 3654 756 3714 sed
775 3653 889 3716 idcirco
905 3654 986 3714 dam-

52 3786 55 3791 .
105 3734 250 3815 nondam,
274 3737 345 3815 quia
365 3755 422 3819 per
442 3737 616 3800 huiusmodi
637 3736 808 3801 doctrinam
830 3757 894 3800 non
916 3737 986 3798 lice-
