2346 4208
125 245 168 310 14
310 246 470 318 Disputatio
486 252 514 301 st
531 248 679 301 Excusstio
698 248 809 302 Luthori

126 433 263 498 fidelium
284 452 341 516 per
360 434 496 513 ltaliam,
526 434 746 515 Germaniam,
768 433 919 514 Galliam,
940 437 1056 518 Hispa·

126 519 225 595 niam,
253 519 413 600 Angliam,
447 518 586 597 aliasque
608 521 761 600 regiones.
808 521 906 581 Unum
920 516 1047 581 ⁴tantum

126 602 302 662 aDomino
325 620 450 683 precor,
473 621 513 662 ne
536 622 670 682 unquam
692 605 773 663 sinat
795 622 845 663 me
866 602 969 663 dicere
993 611 1047 664 aut

125 686 256 762 sentire,
292 684 375 764 quod
406 685 519 763 Eccio,
551 688 603 765 qui
631 705 713 745 nuno
742 691 805 762 est,
837 689 977 766 placeat,
1009 706 1047 747 ne

124 767 203 828 forte
225 787 281 848 pro
303 767 401 829 libero
423 768 548 829 arbitrio
572 768 723 829 Christum
746 769 841 829 filium
866 771 925 829 Dei
946 777 1047 830 osten·

126 850 168 910 tui
190 851 333 928 habeam,
356 859 387 911 et
407 868 463 931 pro
486 853 576 912 Rom.
599 851 740 912 Ecclesia
762 853 914 912 Christum
944 855 974 911 in
1000 853 1046 912 ln-

125 931 177 993 dia
198 941 230 993 et
250 932 376 994 Oriente
397 935 502 994 vivere
524 944 555 995 et
574 954 704 1015 regnare
726 954 848 1015 negem,
873 953 937 1012 seu,
962 945 996 994 ut
1018 943 1049 995 et

125 1035 185 1096 ego
207 1017 279 1095 quid
301 1018 538 1097 aenigmatinem
559 1017 669 1079 festivo
687 1019 758 1077 huic
772 1019 988 1098 aenigmatisti,
1008 1036 1047 1077 ne

124 1117 193 1159 cum
225 1101 321 1161 Eccio
354 1101 493 1160 cloacam
531 1099 907 1180 Constantinopolitanam
942 1101 1045 1161 denuo

123 1183 297 1261 recludam,
331 1190 363 1243 et
391 1183 430 1243 de
457 1185 590 1262 antiquis
612 1184 741 1243 Africae¹
762 1183 935 1244 homicidiis
964 1203 1047 1244 nova

126 1265 278 1326 celebrem
301 1265 453 1326 ecclesiae
476 1268 630 1346 martyria.

205 1349 284 1424 Nam
307 1356 342 1408 ut
362 1351 507 1409 venenati
529 1351 576 1408 sui
599 1349 782 1430 aenigmatis
805 1347 953 1409 scandalo
982 1368 1045 1410 non

124 1429 272 1510 laedaris,
295 1434 393 1510 scias,
416 1433 456 1491 mi
479 1432 593 1510 lector,
624 1435 704 1492 inter
726 1432 871 1493 articulos
894 1432 1046 1492 iohannis

123 1513 204 1574 Husa
237 1516 356 1577 censeri
390 1517 482 1576 etiam
513 1516 710 1576 anennullis
737 1515 828 1590 hunc,
852 1515 934 1594 quod
956 1516 1045 1576 Rom.

123 1596 281 1657 Pontillcis
304 1597 446 1676 papalem
469 1599 684 1659 excellentiam
699 1618 717 1658 a
733 1599 866 1658 Caesare
889 1616 958 1657 esse
982 1597 1045 1656 dix-

124 1682 200 1757 erit,
234 1680 317 1760 quod
345 1691 376 1740 et
396 1682 517 1751 Platina
540 1683 701 1742 manifeste
722 1682 837 1744 scribit.
880 1681 948 1760 Ego
973 1699 1046 1740 vero

123 1782 189 1823 non
210 1765 378 1841 caesareis,
408 1764 465 1824 sed
486 1758 653 1844 pontificiis
676 1764 806 1824 decretis
830 1763 959 1824 eandem
983 1781 1046 1823 rno-

123 1846 279 1907 narchiam
303 1848 425 1927 probari
449 1850 549 1928 posui.
594 1853 637 1908 tta
658 1866 733 1907 sane
760 1849 892 1926 ipsamet
913 1845 1047 1907 ecclesia

122 1929 338 1990 Lateranensis
360 1932 390 1990 in
415 1933 490 1991 urbe
512 1932 551 1990 de
573 1932 681 1991 frontis
700 1930 1045 2009 suae'peripheriacan-

123 2020 178 2091 tat,
200 2014 345 2093 dogmate
368 2015 470 2094 papali
493 2014 583 2073 simul
605 2023 637 2073 et
656 2013 807 2092 imperiali
836 2032 870 2072 se
892 2032 961 2072 esse
983 2031 1044 2071 ma
1115 2038 1122 2054 ι

37 2106 39 2113 “
123 2104 198 2156 trem
228 2096 426 2156 ecclesiarum
456 2103 514 2158 etc.
566 2097 639 2157 Noti
672 2104 743 2156 sunt
770 2096 919 2160 versiculi.
964 2094 1043 2168 Quid

121 2179 231 2259 igitur?
272 2179 410 2240 Necesse
431 2187 488 2258 est,
509 2186 544 2240 ut
564 2182 632 2260 ipsa
655 2198 779 2258 quoqne
801 2179 932 2238 ecclesia
949 2177 1044 2238 Eccio

122 2264 163 2323 sit
182 2262 317 2340 Hussita,
339 2270 371 2322 et
390 2265 489 2343 igniat
510 2267 638 2341 cineres,
660 2261 782 2338 deinde,
805 2265 877 2341 quia
899 2260 1044 2321 mandato

120 2363 224 2427 papae
245 2364 399 2405 consensu
422 2345 620 2407 cardinalium
651 2347 744 2407 totius
766 2347 885 2406 Romae
918 2352 950 2404 et
980 2346 1044 2402 uni·
1121 2340 1127 2357 '

122 2429 444 2508 versallsecclesiae,
466 2430 586 2489 illasio
609 2437 729 2509 cantat,
762 2429 836 2488 nihil
860 2430 983 2503 mirum,
1019 2428 1044 2485 si

122 2511 233 2571 Eccius
256 2511 392 2572 fastidiat
412 2515 556 2595 antiquos
569 2514 704 2589 cineres,
722 2518 753 2572 et
774 2530 831 2592 pro
850 2511 954 2571 oiiicio
972 2528 1044 2569 con·

122 2596 304 2655 secretionis
332 2614 406 2655 suae
437 2614 620 2656 consecrare
653 2595 778 2655 anhelet
810 2613 923 2653 novum
958 2593 1043 2652 holo·

122 2686 261 2738 caustum
284 2679 349 2738 aedi
372 2679 578 2758 apostolicae,
603 2679 697 2738 semel
721 2697 849 2758 papam,
872 2676 1044 2736 cardinales

121 2762 283 2841 ipsamque
305 2761 467 2821 ecclesiam
487 2762 725 2822 Lateranenserir
749 2766 778 2821 in
802 2762 922 2820 cineres
944 2777 1043 2818 novos

121 2842 309 2905 redacturus.
355 2846 422 2904 Dec
445 2848 560 2926 gratia,
590 2847 671 2925 quod
695 2866 772 2904 unus
801 2843 913 2903 saltem.
933 2842 1044 2902 Eccius

121 2927 257 3006 reliquus
281 2934 344 3005 ast,
378 2929 430 3008 qui
444 2929 613 2989 ‘catholice
636 2930 752 3009 sapiat,
784 2926 1044 3006 singularissimus

121 3010 174 3070 ille
202 3011 422 3091 singularitatis
452 3021 647 3092 persecutor,
679 3013 789 3072 ceteris
819 3009 960 3070 omnibus
989 3028 1045 3088 per

122 3095 205 3153 virus
227 3095 374 3155 Boemiae
397 3095 532 3174 perditis.

151 3213 163 3223 ·-
206 3176 266 3237 Sed
290 3178 362 3257 quid
386 3181 504 3250 mirum,
526 3177 793 3258 quod-sophistae
815 3175 968 3235 eiusmodi
1000 3175 1044 3234 hi·

122 3261 233 3321 storias
255 3262 409 3338 ignorent,
433 3262 556 3341 quando
580 3280 651 3320 suas
667 3260 897 3340 propositiones
919 3267 1043 3338 catego-

89 3365 92 3368 ’
121 3345 200 3404 riuos
222 3362 284 3404 non
307 3344 503 3425 intelligunt?
546 3344 615 3423 Ego
638 3343 762 3423 quidem
786 3343 865 3402 hanc
886 3343 1044 3402 materiam

122 3446 277 3507 nunquam
307 3430 435 3489 tractavi
471 3447 529 3488 nec
559 3428 695 3507 cogitavi
727 3427 902 3506 disputare,
937 3446 1043 3508 verum

121 3510 249 3590 Eccius,
280 3513 345 3572 iam
376 3513 426 3571 diu
449 3513 631 3592 gravissima
657 3513 689 3570 in
712 3509 761 3570 nie
783 3510 978 3570 exulceratus
1000 3511 1043 3568 in-

122 3593 213 3670 vidia,
236 3596 291 3655 has
312 3596 439 3656 odio'sas
462 3615 531 3655 esse
552 3594 782 3674 propositiones
796 3595 908 3671 sciens,
929 3611 998 3652 curn
1012 3594 1043 3651 in

122 3683 232 3740 ceteris
254 3680 433 3760 desperaret
454 3680 632 3754 victoriam,
665 3677 715 3739 hic
743 3677 852 3739 saltem
876 3676 948 3737 mihi
971 3694 1044 3735 con-

123 3762 227 3826 cidere
249 3764 385 3844 speravit
405 3762 669 3843 indignationem,
693 3762 803 3823 doctus
825 3761 958 3823 catulum
993 3763 1045 3838 (ut
