2346 4208
119 251 183 335 tro
472 270 716 328 damtunam

124 461 293 540 imponere.
316 460 391 521 Cum
405 463 484 521 enim
492 461 571 541 apud
580 462 677 521 Deum
692 462 777 522 nulla
783 481 912 542 prorsus
924 465 966 524 sit
976 483 1043 545 ope-

120 563 187 603 rum
201 542 382 624 differentia,
402 546 451 624 qui
471 564 532 605 non
555 545 721 605 secundum
737 547 984 625 magnitudinem
998 546 1045 607 vel

122 627 345 689 multitudinem
358 647 495 709 operum,
512 628 565 688 sed
581 628 748 689 secundum
758 628 904 690 affectum
918 649 1046 710 operans

121 712 160 772 tis
171 710 294 786 iudicat,
308 719 348 786 et,
361 719 393 772 ut
406 713 549 791 scriptum
563 719 618 788 est,
631 713 789 792 spirituum
797 712 993 792 ponderator
1004 719 1048 774 est

124 794 285 872 Dominus,
307 796 359 874 qui
381 797 502 875 saepius
525 794 649 855 artificis
671 795 786 857 sordidi
800 796 949 858 manuale
971 815 1047 878 opus

120 877 255 958 praefert
274 879 388 939 ieiunio
412 885 464 938 aut
474 879 607 939 orationi
624 879 802 957 sacerdotia,
829 886 925 941 utest
947 899 1047 941 exem

123 960 207 1042 plum
237 962 266 1020 in
290 960 320 1022 S.
343 962 480 1023 Antonio
503 969 533 1022 et
555 961 765 1023 Alexandrino
794 964 945 1025 coriario:
983 964 1048 1044 quis

123 1043 237 1106 audeat
250 1063 455 1123 praesumere,
479 1063 512 1104 se
524 1044 605 1106 velle
617 1052 720 1106 votum
743 1047 773 1105 in
789 1045 899 1106 melius
923 1045 1047 1127 aliquod

122 1145 199 1206 opus
222 1128 435 1188 commutare?
465 1127 525 1189 Sed
554 1128 631 1188 haec
652 1128 713 1188 alio
735 1128 806 1188 loeo
829 1128 966 1191 dicenda
986 1130 1049 1190 ine·

120 1217 198 1272 runt.
241 1210 299 1270 Hic
334 1212 414 1269 enim
443 1210 645 1272 confessionis
678 1213 767 1271 ritum
804 1212 843 1272 ad
879 1218 1047 1293 praecepta

120 1292 178 1353 Dei
200 1291 349 1353 duntaxat
370 1293 561 1355 referendum
582 1296 771 1374 suscepimus
792 1314 849 1375 pro
874 1295 1047 1376 quietandis

121 1373 406 1457 componendisque
429 1379 625 1439 conscientiis
648 1378 844 1457 scrupulosis.

203 1459 303 1520 Unum
335 1465 451 1520 tautum
487 1460 646 1538 adiiciam,
678 1468 798 1521 struunt
829 1460 916 1521 multi
957 1463 1048 1523 etiam

121 1543 295 1623 coniugatis
316 1544 506 1623 periculosos
536 1543 679 1624 laqueos,
710 1545 890 1623 praesertim
920 1546 952 1604 in
975 1563 1049 1606 casu

120 1626 274 1704 incestus,
308 1632 341 1687 ut
362 1628 387 1687 si
417 1628 484 1707 quis
510 1635 598 1701 (nam
620 1627 685 1686 fieri
708 1627 786 1688 haee
807 1633 957 1708 possunt,
987 1629 1048 1688 imo

120 1708 181 1770 heu
203 1708 293 1792 fiunt)
318 1729 456 1771 sororem
486 1712 590 1770 uxoris
619 1730 694 1770 suae
722 1716 776 1770 aut
803 1729 927 1772 socrum
950 1729 1047 1788 suam,

120 1797 174 1853 aut
194 1792 256 1855 alio
279 1794 424 1872 quopiam
446 1793 543 1874 gradu
566 1793 841 1873 consanguinitatis
865 1795 1047 1874 contingen·

121 1882 182 1935 tem
210 1876 371 1954 polluerit,
401 1895 473 1937 mox
503 1883 611 1937 arcent
637 1897 655 1936 a
681 1878 746 1936 iure
766 1875 923 1957 'exigendi
954 1876 1048 1937 debiti

121 1959 364 2036 matrimonialis,
409 1965 440 2020 et
462 1967 563 2020 tamen
586 1961 689 2019 sinunt
710 1978 799 2038 eum,
836 1961 899 2020 imo
932 1965 1049 2041 cogunt

120 2042 225 2103 uxoris
253 2043 374 2103 thorum
411 2061 474 2103 non
512 2041 662 2103 deserere.
713 2041 848 2103 Obsecro
887 2042 974 2120 quod
1004 2050 1051 2104 est

121 2125 181 2186 hoc
203 2124 398 2204 portentum?
421 2144 501 2205 quae
523 2125 676 2186 medicina
697 2127 816 2204 peccati
838 2125 946 2186 nova?
969 2125 1048 2201 Qua·

120 2209 158 2268 lis
181 2209 347 2269 satislaetio
360 2208 500 2288 peccati?
522 2208 633 2269 Nonne
655 2215 793 2289 apparet,
815 2207 874 2268 hos
897 2214 1048 2287 tyrannos

121 2291 241 2352 alienae
268 2291 435 2352 infirmitati
463 2311 570 2353 secure
601 2293 767 2370 imperare,
801 2298 832 2351 et
853 2310 931 2352 suae
960 2294 1050 2353 nimis

121 2374 302 2454 indulgere?
326 2376 373 2435 Da
395 2375 603 2455 legislatorem
616 2376 810 2453 quantumvis
832 2376 1047 2454 poenitentem

121 2464 314 2532 encastum,
353 2459 403 2536 qui
426 2458 506 2518 hano
535 2458 635 2538 legem
663 2457 741 2516 ferat
763 2457 820 2516 sibi
853 2459 957 2520 statui.
1002 2457 1050 2518 Ad

122 2542 225 2621 ignem
248 2548 368 2621 ponunt
381 2541 498 2601 aridum
511 2541 638 2621 lignum,
662 2547 693 2600 et
707 2539 821 2617 dicunt,
843 2540 907 2599 noli
930 2540 1049 2603 ardere.

125 2624 159 2684 ln
182 2625 281 2684 sinum
305 2624 439 2684 mulieris
461 2624 563 2684 nudae
590 2624 686 2683 virum
711 2622 881 2701 collocant,
916 2629 950 2684 et
984 2642 1050 2704 pro

121 2707 244 2783 hibent,
276 2727 315 2767 ne
335 2715 458 2787 tangat,
480 2726 539 2767 nec
561 2712 747 2787 cognoscat,
782 2715 812 2765 et
831 2704 862 2764 id
885 2709 1052 2767 autoritate

69 2814 72 2819 ·
122 2792 247 2869 propria
269 2792 343 2850 citra
367 2790 542 2851 mandatum
563 2790 632 2865 Dei,
654 2788 725 2868 quid
748 2788 910 2848 insanius?

206 2874 255 2933 Ille
279 2874 406 2933 consule
429 2880 540 2936 caveat
570 2873 730 2933 confessor
750 2870 788 2932 ab
808 2872 855 2932 his
878 2874 1050 2952 tyrannicis

124 2956 190 3016 sive
224 2956 355 3017 decretis
390 2957 455 3016 sive
484 2956 610 3018 iuribus.
651 2955 692 3016 Et
728 2973 795 3014 cum
818 2953 934 3015 fiducia
957 2957 1050 3016 talem

122 3057 182 3119 pec
190 3044 324 3099 catorem
353 3046 406 3099 aut
427 3039 488 3100 alia
509 3039 700 3119 poenitentia
722 3037 863 3114 mulctet,
898 3045 953 3099 aut
976 3039 1053 3099 desi·

125 3128 180 3182 nat
200 3124 307 3201 punire
320 3124 351 3182 in
367 3129 474 3199 totum,
495 3122 623 3183 liberum
646 3123 674 3182 ei
685 3121 861 3199 relinquens
883 3123 931 3182 ius
952 3121 1054 3183 matri·

126 3207 237 3283 monii,
268 3205 351 3284 quod
375 3225 437 3265 non
460 3206 572 3282 homo,
603 3204 657 3264 sed
680 3205 762 3264 Deus
793 3205 820 3263 ei
843 3203 938 3265 dedit.
983 3205 1052 3266 Non

124 3288 219 3348 habet
247 3295 432 3368 potestatem
468 3288 546 3348 ullus
575 3287 704 3367 angelus
727 3289 756 3346 in
794 3286 901 3364 coelo,
938 3287 1052 3349 nedum

124 3372 218 3432 homo
249 3374 279 3431 in
312 3381 392 3432 terra
421 3373 501 3432 hanc
539 3372 760 3450 poenitentiam
785 3367 828 3448 (id
852 3376 909 3447 est,
932 3370 1053 3451 peccati

124 3454 239 3514 assidui
262 3455 506 3515 ardentissimam
526 3454 739 3522 occasionem)
758 3453 927 3532 iniungere.
953 3453 1054 3528 Quare

126 3557 184 3598 nec
207 3537 351 3598 audiendi
374 3546 445 3599 sunt
468 3535 652 3611 ullomodo,
676 3536 728 3614 qui
750 3535 825 3594 talia
847 3534 912 3595 lieri
936 3537 1053 3611 volunt,

126 3627 157 3679 et
179 3619 331 3681 confitens
360 3621 398 3680 ab
421 3622 481 3681 hoc
504 3619 648 3699 scrupulo
673 3625 704 3678 et
725 3616 862 3698 periculo
887 3637 958 3679 cum
982 3618 1054 3680 lida-

126 3704 175 3763 cia
197 3703 381 3768 liberandus.

184 3785 272 3857 ἱ8εά
294 3789 361 3868 quis
393 3804 502 3850 omnes
526 3783 704 3866 tyrannides
734 3787 913 3865 recenseat,
949 3787 1056 3868 quibus
