2346 4208
350 237 412 292 hab.
432 240 461 291 in
480 242 599 306 promet.
618 237 759 292 Doctorali
778 237 875 294 Theol.
992 233 1054 301 319

134 425 192 486 sub
215 427 319 505 specie
342 426 435 511 doni,
469 446 577 489 revera
599 424 766 487 secundum
787 427 923 489 rationes
945 434 1054 490 contra

134 508 261 570 donum.
305 510 385 570 Hine
406 519 494 571 uatus
523 520 570 571 est
599 518 629 571 et
650 510 870 588 Antiehristus,
907 513 957 590 qui
979 508 1083 572 nihil·

134 611 199 652 nou
221 601 345 672 arrogat
357 594 414 655 sibi
436 596 466 653 in
479 595 643 674 theologia.
685 593 842 654 Habentes
854 601 956 655 autam
969 596 1054 656 theo·

133 675 250 756 logiam
272 696 328 755 pro
351 676 445 754 dono,
467 697 529 737 non
551 698 607 757 pro
630 683 747 755 natura,
770 697 831 738 non
848 677 941 738 modo
963 678 1054 739 facile

133 760 300 838 patiuntur,
323 760 377 820 sed
399 760 553 820 humiliter
576 767 685 841 optant
707 759 842 839 iudicari,
865 760 1052 821 sieutDavid

135 841 224 901 dicit:
254 841 406 924 Corripiet
428 864 490 918 me,
513 844 584 903 hino
606 863 668 903 non
693 842 814 904 deficiet
837 843 938 903 oleum
961 845 1052 924 capiti

134 943 216 985 meo.
239 924 300 986 Sed
322 946 404 987 nuno
416 946 477 987 non
501 935 548 986 est
568 928 604 985 iis
618 926 715 1005 loous,
737 946 901 1008 pergamus
913 928 943 987 in
956 927 1050 988 verbo

133 1007 256 1068 Christi.
278 1009 395 1088 Dabo,
417 1011 530 1089 iuquit,
554 1009 663 1070 vobis
685 1028 726 1069 os
750 1019 787 1070 et
808 1011 1051 1090 sapientiam.

132 1091 203 1151 Duo
226 1090 300 1152 dicit
333 1113 387 1172 per
408 1093 596 1173 theologiam
626 1092 706 1172 dari,
740 1113 775 1153 os
807 1100 838 1152 et
859 1095 1052 1173 sapientiem.

131 1173 274 1234 Laudant
310 1183 341 1235 et
371 1176 531 1256 gentilium
566 1177 678 1255 scripta
712 1182 743 1236 et
770 1195 892 1254 quoque
926 1175 1052 1254 dictant,

133 1258 195 1318 duo
218 1276 287 1318 esse
310 1261 484 1319 necessaria
505 1259 588 1320 bono
624 1259 755 1334 rhetori,
790 1259 883 1321 verba
915 1267 946 1322 et
976 1280 1051 1321 rem.

131 1341 237 1401 Verba
258 1343 324 1402 siha
346 1362 379 1402 re
399 1342 499 1403 bullas
521 1361 637 1421 aquae,
659 1344 736 1402 etsi
759 1342 829 1419 quid
853 1345 960 1403 vanius
983 1363 1051 1403 esse

130 1429 245 1504 potest,
268 1425 452 1486 arbitrantur
474 1445 552 1502 esse,
573 1444 638 1484 rem
659 1428 725 1484 sine
748 1425 847 1485 verbis
871 1429 1052 1487 miserantur
1101 1500 1105 1508 ἡ

130 1514 163 1567 et
185 1506 366 1586 deplorant,
393 1509 497 1587 quod,
524 1516 558 1568 nt
579 1508 608 1571 S.
632 1508 820 1587 Augustinus
843 1508 930 1587 dioit,
965 1511 1051 1570 noxii

129 1592 253 1670 patroni
276 1603 346 1651 sunt
368 1593 487 1652 veritati
510 1599 541 1651 et
561 1592 746 1671 sapientiae,
780 1593 805 1651 si
829 1592 963 1653 destituti
986 1613 1050 1654 ver·

129 1674 196 1751 bis,
234 1675 278 1733 ita
300 1693 422 1734 causam
452 1674 560 1755 frigide
584 1682 687 1754 agant,
720 1682 753 1733 ut
784 1694 843 1735 nee
876 1677 1049 1758 intelligere

129 1757 223 1816 liceat
243 1776 301 1816 nee
324 1758 447 1818 credere
470 1758 578 1830 libeat,
612 1759 789 1836 praesertim
820 1759 844 1817 si
867 1760 977 1820 ardens
999 1760 1050 1820 ad·

126 1841 281 1901 versarius
311 1841 461 1901 mendacii
495 1853 526 1900 et
547 1842 693 1901 stultitiae
723 1859 846 1900 eausam
882 1844 927 1902 sio
949 1843 1049 1905 verbis

127 1928 229 1997 ornet,
252 1933 284 1983 ut
299 1923 468 1984 auditorem
483 1933 616 2003 moveat,
629 1924 770 1999 delectet,
783 1923 887 1985 flectat
899 1933 930 1985 et
942 1930 1049 2006 rapiat.

213 2003 395 2085 Quanquam
409 2008 545 2068 Christus
568 2026 629 2067 non
652 2008 803 2067 hocloco
827 2008 865 2067 de
888 2009 1049 2088 splendida

127 2089 184 2149 illa
206 2092 333 2150 rationis
357 2092 553 2171 eloquentia,
578 2093 655 2150 siout
678 2110 778 2169 neque
801 2091 839 2151 de
861 2091 981 2153 illorum
1005 2094 1048 2153 lo·

126 2175 245 2252 quitur,
275 2173 369 2248 sedl)
395 2176 534 2255 potentia
557 2174 658 2252 verbi,
681 2174 720 2234 de
741 2174 810 2253 illo,
832 2176 972 2253 inquam,
994 2196 1047 2256 po·

125 2257 225 2318 tentia
257 2256 407 2337 loquitur,
443 2277 520 2336 quae
551 2261 635 2317 omni
666 2256 770 2337 gladio
803 2259 929 2337 ancipiti
956 2280 1048 2339 pene-

124 2339 267 2417 trante²t
293 2348 324 2400 et
346 2341 507 2402 discretuix
541 2351 587 2401 est
614 2342 768 2419 cordium,
801 2343 977 2422 pertingens
1008 2343 1047 2402 ad

124 2423 309 2483 divisionem
333 2428 453 2484 animae
487 2433 517 2484 et
539 2426 677 2504 spiritus,
713 2423 751 2484 de
783 2442 844 2502 qua
865 2425 939 2484 nihil
962 2428 1048 2486 novit

124 2525 229 2584 neque
256 2507 400 2587 intelligit
430 2508 607 2585 eloquentia
636 2507 796 2567 verborum
830 2508 982 2587 humana,
1015 2511 1045 2568 in

124 2591 213 2650 omni
237 2610 292 2649 sua
324 2610 438 2670 pompa
478 2597 508 2649 et
530 2591 636 2670 gloria.
681 2591 804 2669 Alioqui
832 2592 892 2653 hoo
921 2612 956 2652 os
979 2612 1047 2672 pro-

125 2674 254 2732 missum
276 2693 338 2734 nou
362 2682 445 2734 esset
467 2692 580 2735 novum
602 2673 717 2734 donum
740 2692 832 2753 supra
855 2682 993 2735 usturam
1016 2684 1047 2737 et

124 2780 162 2822 os
187 2767 321 2819 naturae.

210 2842 384 2916 Vidimus³)
410 2844 489 2902 eninr
522 2850 553 2901 et
584 2841 738 2918 videmus,
775 2841 1045 2920 eloquentissimos

124 2927 210 3005 viros
233 2924 538 3002 lioeatnominari¹t‚
560 2925 731 3000 Erasmum,
754 2923 944 3003 sadotetum,
966 2926 1044 2986 Lon·

123 3008 259 3089 golium,
289 3009 397 3087 quibus
420 3006 547 3088 ournf’),
583 3009 634 3068 ubi
657 3007 744 3067 deest
764 3007 825 3068 hoo
847 3010 959 3069 donum
984 3012 1044 3070 oris

124 3099 157 3152 et
191 3093 360 3171 sapientiae
388 3091 516 3167 Christi,
551 3094 593 3152 ito
621 3098 752 3151 tractant
779 3090 972 3171 theologica,
1012 3100 1045 3153 ut

125 3176 218 3255 plane
238 3175 370 3234 infantes
400 3182 431 3233 et
453 3175 656 3234 balbutientes
680 3193 778 3234 meras
802 3176 919 3254 glacies
942 3184 973 3235 et
995 3176 1042 3235 tri·

122 3278 202 3338 gera
225 3257 337 3317 dicant.
367 3256 456 3317 Adeo
471 3265 542 3316 sunt
562 3259 621 3318 ista
643 3259 703 3317 duo
726 3259 755 3317 in
779 3276 1043 3338 unaquaquepro·

122 3342 260 3401 sessione
284 3342 457 3418 coniuncta,
481 3348 513 3399 ut
534 3347 617 3401 reete
639 3341 749 3401 dixerit
771 3343 877 3421 poeta:
909 3341 1042 3402 Altera

325 3433 466 3440 -—-——--

201 3474 227 3525 lt
251 3473 414 3525 Schneider:
435 3474 569 3539 loquitnr3
583 3467 647 3522 sed.
684 3469 714 3530 2)
736 3467 898 3520 Schneider:
920 3472 1043 3532 penetra·

122 3544 215 3598 bilior.
252 3544 283 3612 3)
306 3545 471 3598 Schneider:
492 3541 619 3596 Vidimus
637 3542 710 3592 enim
732 3548 759 3592 et
777 3541 902 3591 videmus
916 3537 1044 3605 eloquen-

123 3619 247 3669 tissimos
268 3619 351 3683 viros,
373 3618 454 3670 liceat
474 3617 611 3667 nominari
631 3613 786 3674 Erasmum,
807 3619 858 3664 cte.
878 3610 910 3677 4)
933 3610 1041 3661 Schnei-

123 3691 173 3740 der
192 3692 361 3756 snspicntur:
380 3691 531 3741 nominare.
552 3688 584 3740 ὁὶ
606 3683 757 3737 Schneider
776 3683 923 3753 legendum
941 3687 1040 3736 censet:

123 3761 170 3829 qui
189 3762 335 3822 interdurn,
355 3763 400 3813 ubi
421 3761 498 3813 deest
515 3767 566 3812 etc.
