2346 4208
397 266 489 316 contra
507 274 616 318 errores
635 262 667 314 Μ.
690 261 769 318 buth.
988 248 1055 328 283

142 443 293 525 -quidem
321 466 385 510 uon
419 452 572 530 sequitur,
606 451 660 512 sed
694 455 816 532 egestas
851 447 905 509 tibi
928 448 1050 529 tuisque

167 528 392 593 Protonctan'is
414 539 446 594 et
457 536 604 596 creaturis
623 533 778 595 incumbit.
822 531 856 615 r)
880 531 975 607 Quasi
995 549 1050 593 ne·

166 613 249 673 sciat
269 613 362 693 orbis,
384 635 443 678 nec
466 619 506 678 sit
525 618 556 678 in
574 618 698 700 publica
719 616 864 697 querela,
885 614 964 676 haec
985 631 1049 676 om-

169 696 225 756 nis
244 696 310 758 lieri
333 717 415 760 nunc
434 700 554 763 Romae
567 701 811 763 Florentinomm
828 699 982 780 instinctu,
1006 704 1050 760 ab

167 796 231 858 que
250 796 344 842 uuum
365 788 399 843 et
419 782 547 845 alterum
565 785 696 846 civitatis
719 791 790 846 tuae
811 781 974 843 ecclesiam
996 798 1050 863 gu·

167 860 308 942 Munus,
331 865 432 948 ipsum
454 869 590 934 lectiam
607 874 730 950 praeter
741 867 863 928 illorum
877 866 1050 946 praescrip·
1107 932 1110 938 ,

154 945 297 1007 :tunilail
319 966 421 1028 agere.
465 949 594 1026 Quoties
616 952 708 1033 igitur
729 948 900 1011 monendus
922 967 973 1026 es,
1009 965 1051 1010 ne

155 1034 255 1089 -tuum
286 1039 475 1094 conventum
514 1034 746 1115 malignantium
783 1038 922 1094 sanctam
953 1049 1049 1093 voces

166 1111 1049 1260 ecclesiamls)Sbenuuspropugnatorevunrgelicecdcc

166 1195 269 1258 tunae
279 1204 328 1258 est
338 1198 492 1262 Decimus.
507 1205 537 1278 t)
553 1200 661 1282 Neque
678 1201 822 1263 nouerit.
871 1199 1049 1279 equentin·

167 1278 247 1339 iuria
267 1287 426 1360 potentem
449 1283 601 1366 deponet,
624 1304 663 1346 ne
684 1285 789 1366 gravis
810 1280 1049 1362 sis=bumilibus,

168 1379 248 1441 quos
258 1364 417 1446 exaltabit,
432 1371 578 1448 tuumque
587 1368 701 1430 fastum
712 1367 895 1447 confringet,
908 1371 940 1426 et
948 1364 1048 1446 phari·

166 1447 284 1506 saicum
295 1446 372 1508 illud
394 1449 588 1530 supercilium
612 1449 830 1532 complanabit.
854 1447 946 1509 Videt
967 1449 1049 1508 enim

165 1527 311 1608 incusum
340 1530 406 1593 fleri
428 1551 485 1595 vos
514 1534 718 1615 speculationi
750 1539 782 1594 et
807 1533 886 1592 sicut
912 1537 977 1592 rete
995 1549 1050 1592 ex-

165 1630 298 1692 pansum
312 1633 405 1695 super
414 1616 548 1696 Thabor,
570 1617 611 1679 ob
623 1617 716 1696 idque
727 1616 823 1677 dicet:
846 1614 958 1676 Nonne
978 1631 1049 1696 cog·

165 1705 300 1758 nossent
321 1715 448 1778 omues,
482 1701 534 1781 qui
569 1707 735 1782 operantur
755 1699 963 1779 iniquitatem,
994 1696 1047 1778 qui

165 1776 320 1842 devorent
346 1780 470 1863 plebem
500 1802 599 1846 meam
622 1785 701 1844 sicut
728 1801 831 1844 escam
854 1780 951 1862 panis.
997 1780 1046 1842 Vi·

165 1860 281 1942 detque
302 1881 422 1927 summa
449 1885 517 1928 cum
539 1868 648 1928 iniuria
671 1866 863 1928 christianae
884 1861 982 1944 plebis
1005 1869 1049 1945 ty-

164 1945 326 2008 rannidem
356 1966 503 2011 exercere
525 1969 599 2029 vos,
631 1958 662 2011 et
689 1949 788 2010 dicet:
828 1948 860 2009 si
889 1946 1049 2008 uolueritis

164 2028 283 2108 audire,
305 2036 338 2092 et
358 2032 384 2092 si
406 2032 564 2094 uolueritis
583 2051 701 2115 ponere
715 2046 807 2114 super
828 2049 892 2109 cor,
915 2036 948 2091 ut
969 2029 1048 2091 detis

164 2110 299 2192 gloriam
320 2115 437 2176 nomini
460 2133 548 2195 meo,
581 2118 700 2178 mittum
731 2118 762 2177 iu
789 2133 845 2176 vos
868 2119 1048 2257 egestatem,

165 2199 199 2255 et
220 2194 401 2258 maledicam
425 2199 689 2261 benedictionibus
717 2200 836 2261 vestris.
906 2215 947 2278 go
965 2196 1047 2257 euim

164 2277 333 2358 Dominus,
357 2281 418 2342 boc
440 2288 503 2361 est,
525 2303 638 2344 nomen
661 2302 776 2362 meum,
794 2281 923 2363 gloriam
947 2299 1047 2341 meam

164 2360 254 2422 alleri
278 2382 340 2425 nou
363 2364 455 2429 dabo.
499 2365 551 2427 oic
573 2367 733 2427 nobiscum
756 2367 814 2426 erit
835 2365 934 2440 Deus,
963 2362 1046 2442 quod

165 2444 225 2504 uisi
246 2445 450 2508 indubitatum
472 2449 690 2526 nobisiuisset,
713 2467 776 2510 non
799 2449 844 2508 sic
857 2445 1049 2508 confidenter

164 2525 315 2590 obsistere
338 2531 392 2591 tibi
419 2533 558 2612 aggressi
579 2551 727 2594 essemus.
771 2534 807 2608 u)
832 2530 963 2608 Eorum,
997 2530 1047 2590 dic

164 2611 398 2693 episcoporum,
430 2615 481 2694 qui
504 2615 666 2676 ecclesiam
699 2633 827 2696 regnum
850 2620 919 2674 es'se
941 2613 1046 2673 volue-

163 2701 249 2772 runt,
271 2701 365 2776 atque
386 2697 457 2758 huic
478 2717 512 2759 se
533 2717 622 2779 reges
644 2698 864 2778 praefecerunt.
909 2700 948 2770 x)
975 2695 1044 2771 Quo

163 2776 260 2838 trahis
282 2787 420 2842 sanctum
434 2781 621 2862 maityrem?
642 2780 712 2842 Non
724 2780 807 2841 dicet
828 2778 1046 2841 testimouium.

206 2853 292 2937 Dect
327 2864 495 2925 eorundem
522 2866 627 2944 itaque
659 2863 879 2925 venerabilium
907 2862 1044 2922 Fratrum

122 2949 298 3005 nostrorum
323 2948 454 3009 consilio
478 2955 509 3009 et
530 2966 657 3009 escensu
680 2966 717 3008 uc
734 2947 868 3008 omnium
893 2952 924 3006 et
944 2946 1045 3026 singu-

124 3027 225 3088 lorum
249 3030 475 3108 praedictorum
498 3038 616 3092 matura
638 3030 859 3092 deliberatione
874 3028 1044 3109 praedicta,

121 3111 332 3187 autoritateb)
359 3115 585 3194 omnipotentis
614 3115 687 3189 Dei,
722 3120 753 3174 ct
782 3113 940 3174 beatorum
968 3130 1044 3193 apo·

121 3193 271 3254 stolorum
294 3196 374 3257 Petri
397 3204 428 3258 et
449 3197 544 3274 Pauli,
569 3204 599 3258 et
620 3204 736 3275 nostra,
757 3196 913 3278 praefatos
935 3202 966 3256 et
986 3196 1046 3256 sin·

120 3275 213 3358 gulos
236 3279 382 3341 articulos
410 3299 464 3341 seu
488 3300 607 3342 errores
637 3287 782 3361 tanquam
809 3278 860 3362 (ut
881 3280 1047 3359 praemitti·

121 3357 190 3442 tur)
214 3365 386 3441 respective
407 3363 579 3425 haereticos
602 3371 655 3424 cut
675 3363 893 3439 scandalosos,
916 3368 969 3422 aut
989 3361 1045 3423 lal-

121 3461 192 3521 sos,
232 3450 284 3505 aut
317 3447 435 3526 piarum
469 3437 601 3511 aunum
620 3447 803 3526 assensium,
846 3445 896 3506 vel
928 3444 1042 3525 simpli-

120 3527 201 3587 cium
237 3530 382 3590 mentium
422 3529 598 3592 seductivos
638 3537 669 3591 et
710 3531 829 3592 veritati
871 3528 1043 3591 catholicae

120 3609 302 3690 obviantes,
329 3612 524 3693 damnamus,
552 3613 770 3694 reprobamus,
804 3620 896 3693 utque
917 3614 1044 3675 omnino

119 3693 289 3773 reiioimus,
322 3715 360 3757 ac
380 3715 438 3776 pro
461 3696 629 3774 damnatis,
653 3696 842 3777 reprobatis,
872 3703 903 3758 et
923 3697 1044 3758 reiectis

119 3775 159 3839 ab
182 3777 324 3841 omnibus
352 3780 509 3862 utriusque
542 3800 635 3842 sexus
658 3778 911 3844 christifidelibus
938 3779 1044 3844 baberi
