2346 4208
188 254 252 322 452
412 257 446 312 V.
466 256 572 313 &ocio
591 257 680 312 nl
698 257 728 308 L.
744 256 783 310 'tie
803 259 924 310 matrim.

187 452 224 507 ct
243 445 454 524 utilissimum,
485 447 569 524 quod
590 464 653 506 non
676 446 777 507 solum
798 445 903 506 debita
923 443 1112 505 matrimonii

187 536 223 589 et
242 529 507 608 imperfectiones,
529 548 636 589 verum
657 530 750 589 etiam
772 530 878 590 omnia
897 528 960 588 alia
979 533 1112 608 peccam

188 611 328 689 tolleret,
364 614 391 672 ri
423 611 516 672 modo
540 611 636 688 falsus
662 631 750 674 amor
770 612 878 692 lupm
898 617 1026 671 naturae
1046 627 1110 669 non

191 694 388 773 usqueadeo
411 696 596 755 obcaecaret
617 696 746 756 miseros
767 702 922 776 parentes,
944 695 996 773 qui
1016 693 1111 773 pluris

178 777 306 841 ¹fuciunt
325 797 491 857 puerorum
514 797 663 858 corpora,
691 796 782 858 quam
804 779 934 840 animos.
956 777 1037 836 Hinc
1058 775 1110 836 Sa-

190 860 295 922 lomon
307 861 361 936 *):
383 860 444 936 Qui
463 863 686 942 parcitvirgae,
710 863 737 921 is
759 861 826 922 odit
837 861 931 921 filium
942 860 1111 940 proprium,

191 946 294 1023 etqui
316 944 416 1024 diligit
437 943 544 1024 filium,
564 947 689 1025 saepius
710 946 850 1026 castigat.
873 944 952 1005 Sunt
971 944 1003 1003 in
1016 940 1111 1002 corde

186 1029 277 1107 pueri
299 1027 392 1087 stulta
413 1026 538 1088 decreta
571 1037 604 1088 et
630 1029 776 1106 puerilia,
810 1047 890 1107 quas
917 1046 974 1107 per
992 1027 1110 1105 virgam

190 1110 347 1171 tolluntur.
389 1109 470 1171 Hinc
488 1110 587 1174 idem:
618 1111 650 1172 si
677 1112 764 1191 virga
790 1111 979 1191 percusseris
1005 1107 1112 1185 filium,

187 1191 320 1254 redimes
342 1194 476 1254 animam
498 1195 563 1254 eius
585 1193 624 1254 ab
646 1195 778 1255 inferno.

271 1276 407 1338 Necesse
429 1285 494 1355 est,
521 1284 556 1337 nt
576 1276 753 1358 diligentius
782 1285 814 1338 et
839 1275 1029 1355 frequentius
1048 1290 1111 1334 nc·

177 1357 322 1420 uitentur
343 1362 507 1440 coniuges,
539 1379 620 1439 quae
648 1361 739 1421 saluti
770 1348 894 1421 animae
912 1357 1110 1432 conducunt,

189 1459 279 1521 qnam
304 1461 383 1521 quae
406 1443 556 1525 corporis.
598 1443 706 1523 Itaque
735 1443 859 1504 tandem
891 1444 935 1502 sic
961 1440 1016 1502 tibi
1044 1459 1111 1520 pcr-

188 1525 294 1602 suade,
317 1526 399 1605 quod
422 1546 500 1606 puer
520 1532 569 1586 est
589 1545 646 1586 ceu
669 1527 829 1587 thesaurus
853 1526 984 1587 eximius
1006 1543 1026 1583 a
1041 1523 1110 1585 Deo

189 1610 372 1669 commissus
395 1609 680 1690 magnadiligentia
696 1608 925 1689 custodiendus,
948 1627 989 1668 ne
1008 1626 1028 1667 a
1049 1605 1112 1666 dia

188 1690 273 1771 bolo,
295 1692 411 1754 mundo
433 1693 484 1754 vel
505 1711 599 1753 carne
616 1694 715 1773 possit
735 1695 851 1772 seduci,
875 1700 907 1753 et
927 1690 1010 1771 quod
1028 1690 1111 1749 hunc

187 1774 364 1836 ¹thesaurum
394 1776 424 1835 in
453 1784 553 1837 morte
589 1783 620 1836 et
653 1783 791 1838 extrem
822 1775 936 1836 indicio
966 1780 1110 1834 accurato

190 1860 333 1919 examine
355 1861 539 1938 repetiturus
561 1860 601 1918 sit
621 1859 716 1920 Deus.
759 1859 849 1921 Unde
876 1860 956 1919 enim
988 1858 1111 1916 misera-

189 1940 258 2001 bilis
281 1942 421 2018 eiulatus,
444 1950 476 2002 et
487 1941 657 2002 horrendus
679 1942 770 2004 fletus
793 1962 908 2018 earum,
930 1959 1011 2020 quas
1024 1940 1110 2020 plan·
1162 1961 1164 1965 ·

188 2031 272 2105 gont,
294 2023 515 2102 dicentes*‘):
547 2025 634 2085 Beati
657 2032 796 2104 ventres,
818 2027 870 2106 qui
892 2043 954 2085 non
984 2041 1111 2104 pepere

188 2114 273 2185 runt,
303 2114 335 2167 et
355 2107 447 2168 beata
470 2105 574 2179 ubera,
597 2127 677 2188 quae
699 2129 762 2171 uon
784 2105 995 2170 lactaverunt?
1038 2105 1111 2166 Pro·

189 2189 238 2249 cul
266 2189 360 2250 dubio
394 2209 434 2249 ex
455 2191 531 2268 hoc,
566 2192 648 2270 quod
677 2191 758 2254 tilios
789 2193 970 2253 commissos
1003 2189 1111 2250 aDeo

189 2274 323 2351 pessime
345 2272 522 2335 educarunt.
567 2274 593 2334 0
616 2284 754 2336 sanctam
778 2275 988 2336 conditionem
1011 2273 1112 2332 matri-

189 2356 294 2432 monii,
317 2357 342 2415 si
365 2366 458 2436 recte,
481 2359 634 2436 miseram,
656 2360 681 2419 si
704 2359 785 2419 male
806 2359 897 2420 fuerit
918 2356 1092 2417 observata.

271 2438 355 2498 Haeo
385 2441 500 2520 siquis
527 2441 801 2522 animadverteret,
834 2441 978 2501 facillime
1001 2456 1112 2498 concu-

189 2522 370 2601 piscentiam
393 2525 493 2585 carnis
515 2524 692 2603 refrenaret,
716 2532 748 2586 et
768 2525 908 2585 fortassis
929 2524 1019 2583 citius
1040 2522 1112 2581 arri·

189 2611 276 2684 peret
296 2607 466 2667 institutum
489 2608 688 2688 virginitatis,
712 2627 802 2689 quam
826 2607 1022 2669 matrimonii.
1066 2604 1110 2664 lu-

188 2695 297 2748 ventas
330 2690 528 2769 cupiditatum
563 2710 680 2770 sequax
717 2692 795 2752 haec
823 2710 880 2752 ceu
904 2708 999 2771 parva
1020 2687 1110 2748 aesti-

189 2779 267 2850 mat,
300 2772 383 2833 Deus
413 2780 514 2834 autem
545 2793 608 2835 non
638 2776 704 2854 sic,
743 2776 795 2854 qui
823 2777 902 2835 iuste
922 2773 1110 2833 iudicaturus

86 2938 88 2943 ,
188 2856 393 2936 magnifaciet.

580 2939 715 3002 Summa.

270 3021 302 3082 Si
325 3023 370 3081 vis
392 3042 497 3083 veram
525 3043 619 3103 agere
640 3024 879 3103 poenitentiam,
910 3040 1045 3082 summas
1067 3021 1111 3080 in·

189 3103 363 3185 dulgentias
380 3104 431 3165 hio
452 3113 484 3166 et
505 3106 578 3167 alibi
593 3108 761 3186 acquirere,
777 3106 908 3166 feliciter
917 3106 1005 3182 mori,
1026 3110 1109 3164 tuam

186 3189 361 3268 prosapiam
384 3191 489 3269 augeri
520 3199 552 3249 et
573 3188 768 3270 amplificari,
801 3209 920 3249 summa
940 3188 1126 3268 diligentis,

188 3272 261 3330 totis
283 3270 397 3331 viribus
420 3291 555 3350 conare,
589 3280 622 3332 ut
642 3275 729 3352 pueri
750 3273 830 3334 bene
852 3274 1062 3349 instituantur,
1085 3271 1111 3329 si

186 3361 294 3434 perte
316 3373 378 3413 non
402 3365 508 3434 potes,
531 3357 769 3419 uterealiorum
793 3374 902 3436 opera,
926 3357 977 3435 qui
1000 3355 1109 3429 sciant,

187 3438 310 3516 possint
341 3444 372 3496 et
399 3439 511 3517 velint,
540 3457 599 3520 nec
626 3458 719 3519 parce
745 3439 860 3518 labori,
898 3439 1036 3518 pecuniis
1059 3444 1112 3497 aut

187 3522 329 3599 sumptui.
374 3520 458 3582 Haec
480 3528 550 3582 sunt
571 3522 690 3597 altaria,
712 3528 911 3600 testamenta,
933 3521 1058 3602 vigiliae
1080 3525 1112 3579 et

187 3603 299 3663 missas
326 3602 548 3683 defunctorum,
579 3606 651 3667 item
681 3607 814 3684 luminc,
845 3623 926 3684 quae
953 3603 1008 3666 tibi
1030 3602 1109 3663 luce-

259 3791 291 3860 '')
310 3789 442 3889 Proverb.
462 3792 503 3848 13.
542 3790 591 3862 ·*)
613 3791 702 3847 Lucae
721 3794 765 3850 22.
