2346 4208
287 955 509 1053 Resolntio
539 948 807 1050 Lutheriana

111 1170 189 1239 sopor
208 1155 431 1240 Proposttiona
453 1155 539 1222 XIII.
563 1156 601 1222 de
636 1156 799 1239 potestate
821 1156 925 1240 Papae
954 1156 1013 1241 pe'r

309 1274 314 1282 -
365 1240 509 1307 autorem
528 1238 735 1323 locupletata.

104 1562 125 1613 ·'
186 1543 238 1633 Ex
259 1571 540 1653 propositionibus,
563 1590 638 1650 6666
661 1572 809 1633 Luthems
835 1573 919 1634 Eooii
942 1574 1006 1634 166-

104 1656 172 1719 sibus
204 1659 396 1737 opposuerat
419 1654 526 1735 (Luth.
553 1654 632 1734 Epp.
665 1655 703 1715 de
732 1655 837 1717 Wette
859 1656 888 1735 I,
921 1656 1012 1738 262),

104 1741 268 1819 praesertim
302 1739 392 1799 tertia
424 1737 544 1796 deoima
575 1745 606 1797 et
635 1737 783 1819 Spalstini
815 1745 846 1799 et
872 1739 1013 1820 aliorum,

104 1822 142 1901 pri
165 1824 198 1885 in
226 1821 299 1883 aula
319 1819 472 1881 Eieotoris
495 1819 651 1881 Saxoniae
676 1822 890 1901 versabantur,
928 1830 1014 1884 moto

104 1902 140 1967 1111
159 1906 341 1968 miratione
368 1903 540 1984 trepidatio.
583 1903 669 1966 Haeo
690 1906 863 1985 propositio
897 1912 944 1966 est
974 1906 1013 1967 de

104 1994 245 2051 rotestate
283 2006 400 2067 papae,
430 1994 461 2046 et
489 1985 621 2047 Luthero
662 1989 718 2061 (de
740 1988 845 2049 Wette
866 1989 897 2066 I,
931 1991 1010 2068 261)

104 2080 154 2135 ret
174 2073 299 2133 extorta
319 2089 376 2150 per
399 2069 524 2146 thesim,
555 2089 646 2148 quam
668 2071 780 2130 Eooius
809 2085 1013 2151 proposuerat

104 2154 239 2217 ultimam.
285 2153 317 2212 ln
340 2152 620 2232 propositionibus,
644 2173 720 2232 quas
742 2154 852 2214 Eooius
876 2161 1011 2216 exeunte

104 2257 171 2300 inno
200 2240 279 2302 1518
301 2238 331 2295 in
355 2235 641 2316 vulgus-ediderat,
676 2237 755 2297 haeo
784 2245 849 2297 erat
871 2237 1013 2298 duode-

104 2322 205 2400 iima,
226 2323 258 2380 in
282 2320 335 2395 iia,
360 2338 435 2397 quas
459 2338 565 2378 mense
587 2319 696 2379 Martio
719 2340 747 2382 a.
773 2324 851 2385 1619
875 2321 1010 2401 divulga-

104 2413 182 2482 remo,
207 2403 332 2463 tertia
354 2401 482 2461 deoim
496 2421 524 2473 a,
549 2420 609 2479 quo
632 2402 746 2474 iactum
771 2410 826 2476 est,
849 2412 882 2463 61
903 2404 1014 2464 Luthe-

104 2506 138 2548 us
149 2486 246 2548 modo
263 2486 406 2564 loquatur
421 2484 459 2544 de
474 2486 688 2564 propositione
702 2485 895 2562 duodeoima,
920 2487 1012 2546 modo

104 2568 132 2630 16
151 2571 244 2631 tertia
266 2568 395 2635 deoima,
439 2565 588 2646 Spalatini
606 2570 739 2628 animum
765 2577 798 2628 ut
819 2569 1014 2648 tranquillum

104 2652 249 2729 redderet,
276 2650 437 2723 Lutherus
456 2650 501 2709 bis
525 2650 564 2709 ad
582 2670 649 2710 eum
673 2651 757 2712 dedit
787 2652 933 2731 epistolas
958 2650 1016 2734 (de

104 2734 195 2797 Wette
219 2738 240 2812 1,
262 2737 324 2798 260
339 2740 369 2793 61
392 2735 449 2794 261
475 2731 572 2813 sqq),
594 2735 624 2792 in
644 2752 770 2812 quarum
790 2735 887 2795 altera
909 2753 1015 2795 mense

104 2818 221 2880 116166.
245 2820 326 2881 1519
350 2835 423 2895 prae
452 2818 561 2875 ueteris
585 2817 612 2874 ei
635 2819 770 2895 aperuit,
805 2837 865 2895 qua
896 2820 947 2877 via
978 2837 1015 2876 uo

104 2903 211 2962 ratione
233 2901 346 2960 thesim
371 2899 410 2957 de
432 2903 588 2977 potestate
602 2919 701 2979 papae
718 2903 908 2980 propositam
933 2909 1016 2960 esset

106 2981 283 3046 defensurus.
338 2981 412 3042 Cum
445 2999 518 3041 vero
550 2985 658 3061 partim
697 2990 814 3043 mature
849 2983 1036 3062 incepisset

109 3083 163 3142 pro
192 3066 470 3146 disputatione
498 3084 566 3123 sua
598 3063 1014 3126 deoretaPontifioum

110 3166 272 3225 versare,
306 3155 398 3226 atque
422 3150 518 3226 magis
543 3150 702 3227 magisque
724 3149 780 3208 sibi
803 3149 1016 3228 persuasisset,

113 3232 204 3292 misere
225 3235 256 3291 in
280 3233 327 3290 his
350 3231 480 3289 deoretis
500 3238 674 3310 corruptum
694 3240 724 3290 et
747 3232 923 3291 oruoifixum
948 3250 1017 3291 esse

114 3309 245 3374 Chrismm
280 3313 328 3391 (id
365 3322 412 3372 est
449 3317 640 3387 veritatem),
668 3322 697 3373 et
744 3335 782 3373 ex
811 3315 921 3376 affeetu
955 3333 1016 3374 um-

114 3389 177 3458 hitae
204 3396 378 3478 tyrannidis
405 3398 580 3477 postposita
613 3397 769 3476 Scriptura
803 3399 843 3458 ibi
876 3396 1016 3457 conditas

116 3490 169 3540 osse
202 3482 289 3561 leges
315 3480 371 3545 (oi.
402 3479 487 3542 Luth.
521 3479 578 3559 Ep.
612 3480 649 3539 ad
674 3480 789 3559 666161.
829 3481 867 3541 de
895 3478 1016 3544 die13.
1062 3536 1064 3540 ,

114 3551 194 3623 Martii
226 3564 283 3634 (de
305 3561 411 3622 Wette
434 3563 465 3638 l,
489 3565 584 3641 239),
621 3564 729 3642 partim
753 3567 887 3624 maximo
915 3563 1016 3624 studio

112 3654 346 3728 pommovereour
366 3655 536 3725 perpetuo,
570 3653 602 3705 ut
624 3646 868 3707 adversariorum
894 3647 1016 3707 sedaret

110 3729 240 3791 rudiam
263 3735 295 3791 et
314 3728 514 3809 trepidationi
536 3729 712 3790 consuleret
741 3730 925 3806 aulioorum,
955 3729 1017 3789 iam
