2346 4208
120 257 183 328 272
354 256 448 318 Resol.
470 258 495 315 L.
516 276 599 331 snper
616 250 804 333 Propositied.

121 432 258 505 remittit,
280 431 415 511 etfacit,
437 439 471 493 ut
491 439 671 511 peccatores
693 450 756 492 non
778 433 842 493 sint
854 435 1037 512 peccatores,

122 514 306 595 negantibus
328 523 431 591 aptent
454 524 590 578 reservat
611 521 642 576 et
663 514 747 594 lacit,
768 521 802 575 ut
821 514 895 575 iusti
913 510 1038 589 nonsint

123 597 203 660 iusti.
247 596 381 659 Proinde
402 596 541 659 delinitio
563 598 635 658 iusti
656 598 687 658 in
709 598 769 657 hac
794 599 858 659 vita
873 602 938 681 'est
956 594 1038 655 hnc:

121 680 222 740 Iustus
244 682 343 759 primo
366 687 529 742 accusator
551 690 598 741 est
619 681 676 759 sui,
697 680 769 741 ideo
791 681 911 741 iustitio
922 676 1038 739 Christi·

122 782 182 823 ana
211 768 258 823 est
283 765 440 824 accusatio
471 765 534 842 sui,
564 783 655 842 quam
684 765 745 824 cito
774 764 854 844 perit
889 760 1038 827 adnuntio

122 847 178 925 sui,
200 848 302 907 statim
324 847 441 906 recedit
457 865 580 926 quoque
601 847 724 908 iustitia.
768 847 833 908 Hoc
849 844 1038 907 confessores

121 928 259 990 Christus
281 936 383 1009 gestat
403 931 434 989 in
464 928 617 1009 triumpho
644 949 717 989 suo:
753 930 844 991 lesus
865 928 1038 989 Nemean

120 1011 189 1072 Rex
210 1011 414 1090 ludaeorum,
435 1011 466 1072 id
488 1018 546 1093 est,
571 1013 793 1074 confessorum.
816 1011 888 1073 Hoc
910 1017 962 1072 ost
981 1026 1038 1071 non

122 1094 192 1155 bum
217 1094 331 1155 bonum
354 1102 385 1155 et
406 1110 510 1174 suave,
533 1095 614 1174 qnod
629 1096 799 1175 Apostolus
822 1091 1037 1159 1.'l'imotb.l.

121 1176 339 1238 iucundissime
362 1186 501 1239 resonat:
524 1177 637 1238 Fidelis
655 1198 767 1257 sermo,
790 1186 822 1239 et
838 1178 1038 1255 omniaoocp·

122 1261 240 1321 tatione
262 1259 390 1341 diguus,
426 1262 498 1340 quia
518 1261 609 1322 lesus
633 1257 772 1347 Christus
800 1260 943 1331 venitin
964 1258 1039 1319 bunt

123 1343 249 1404 modum
271 1351 452 1423 peccatores
474 1345 577 1405 salvos
609 1343 729 1425 facere,
763 1363 895 1423 quorum
929 1343 1038 1423 primns

124 1445 185 1507 ego
208 1445 282 1486 sum.

207 1544 302 1624 lgitnr
322 1550 384 1604 stat
406 1564 475 1604 urea
496 1543 634 1605 secunda
656 1544 846 1625 propositio,
879 1549 914 1603 et
943 1540 1037 1611 clarel

122 1626 280 1706 quomodo
309 1634 470 1706 peccatum
499 1638 658 1687 remaneat
677 1636 749 1707 post
771 1627 979 1707 baptismum,
1013 1628 1038 1681 et

122 1711 153 1770 in
177 1711 260 1769 omni
283 1728 377 1790 opere
407 1710 491 1771 bono
518 1713 558 1771 sit
579 1716 742 1791 peccatum
768 1710 811 1783 (si
834 1704 1037 1769 misericordia

122 1812 184 1853 non
207 1794 406 1861 succurrerit)
431 1794 561 1857 mortale
584 1792 741 1854 etnullum
765 1810 836 1853 csse
856 1796 972 1852 nittnra
992 1804 1037 1849 sno

120 1875 249 1939 veniale.
298 1875 401 1950 Quare
438 1877 547 1936 iterum
586 1875 758 1952 stabilitur,
792 1872 877 1954 quod
911 1870 1035 1933 multo¹l

124 1960 222 2039 magis
244 1967 331 2018 actus
353 1960 516 2038 impiorum
545 1967 616 2020 sunt
636 1978 720 2019 mere
741 1958 830 2036 mali,
861 1964 896 2018 et
917 1956 966 2019 sio
986 1970 1037 2017 on·

123 2043 170 2102 nis
192 2048 279 2101 actus
302 2049 355 2101 aut
376 2041 476 2103 bonus
490 2042 526 2113 2)
544 2049 597 2103 aut
617 2042 715 2103 malus
733 2047 842 2102 contra
863 2038 1039 2101 determino·
1081 2094 1083 2101 .

123 2126 239 2186 tionem
261 2123 383 2185 concilii
398 2125 652 2203 Constantiensis,
675 2125 705 2184 id
729 2131 785 2197 est,
805 2123 1038 2195 Thomtsnrun,

122 2226 198 2288 quos
221 2208 263 2268 ibi
285 2227 434 2289 regnasse
456 2216 592 2289 apparet.
684 2220 694 2248 ⁴
807 2222 811 2235 ⁸

206 2324 256 2384 Ex
277 2325 324 2384 his
348 2327 440 2386 etiam
464 2327 614 2402 infertur,
649 2325 775 2387 liberum
800 2324 963 2385 arbitrium
985 2336 1041 2383 ettt

123 2426 208 2467 mere
231 2408 388 2487 passivum
412 2411 442 2468 in
465 2411 550 2470 omni
585 2418 656 2470 actu
678 2428 753 2485 suo,
782 2409 834 2486 qui
856 2406 942 2469 velle
965 2420 1041 2466 voot-

124 2498 186 2567 tur,
221 2499 252 2551 et
284 2490 406 2573 frustra,¹
433 2494 540 2572 garn-iri
570 2492 798 2553 distinctionem
820 2489 1039 2570 Sophistnrutn:

123 2573 234 2633 Actum
258 2572 373 2634 bonnm
396 2594 465 2635 esse
489 2582 586 2636 totum
609 2576 722 2651 aDeo,
743 2574 797 2636 sed
821 2592 885 2635 non
906 2570 1039 2633 totaliter.

121 2656 178 2716 Est
200 2658 281 2716 enim
322 2664 405 2719 totus
428 2664 460 2718 et
489 2657 626 2719 totaliter
647 2679 666 2718 a
688 2658 772 2735 Dec,
807 2656 882 2736 quia
904 2652 1039 2745 volunta

122 2740 222 2820 gratia
235 2737 266 2822 ³)
292 2760 355 2801 non
379 2742 438 2800 nisi
460 2745 592 2822 rapitur,
625 2740 769 2817 trahitur,
805 2746 968 2817 movetur,
999 2750 1039 2815 qu

122 2831 237 2883 tractus
262 2823 438 2883 redundans
468 2826 496 2884 in
522 2825 657 2886 membra
685 2831 717 2884 et
747 2824 831 2887 vires,
851 2841 907 2883 seu
929 2820 1038 2883 onium

123 2925 177 2966 seu
199 2908 337 2987 corporis
366 2913 414 2967 est
436 2909 501 2968 eius
525 2908 686 2982 activitas,
709 2913 741 2967 ct
761 2905 847 2966 nulla
867 2904 953 2983 alia;
973 2902 1038 2963 sioni

122 2996 236 3050 tractus
259 3009 362 3050 serrae
385 2992 518 3051 secantis
539 2992 654 3073 lignum
678 2996 725 3050 est
746 3007 851 3050 serrae
876 3006 963 3049 mere
982 2998 1036 3067 ps*

121 3073 244 3132 sivusc
272 3082 410 3142 sectore,
444 3092 502 3134 nec
535 3075 573 3134 ad
610 3081 739 3134 tractum
768 3090 857 3133 suunt
881 3068 1034 3152 quidquam

123 3163 317 3236 cooperatur,
341 3156 394 3216 sed
407 3165 508 3217 tamen
526 3164 623 3217 tracta
635 3158 696 3227 ianr
709 3159 740 3215 in
752 3155 871 3236 lignum
895 3158 1035 3235 operator,

121 3240 255 3321 impulsa
276 3241 373 3320 magis
396 3260 487 3320 quam
509 3240 691 3321 impellens,
714 3257 792 3318 quae
815 3238 947 3299 serratio
969 3246 1033 3325 opu}

123 3324 188 3383 eius
212 3342 280 3383 oum
303 3332 453 3385 ser-ratore
476 3323 603 3402 dicitur,
639 3342 706 3384 cum
735 3329 837 3381 tamen
866 3338 952 3383 more
970 3318 1030 3399 pti*

122 3413 199 3467 atur.
243 3405 310 3479 Sed¹
327 3407 366 3468 de
387 3407 448 3467 hcc
470 3425 525 3467 suc
549 3414 689 3487 tempore
712 3404 812 3465 latius.

19 3750 22 3755 ,
159 3698 187 3763 1)
207 3697 235 3748 ln
255 3695 377 3750 editione
397 3695 485 3762 orig.:
506 3690 663 3745 multorum.
683 3690 715 3749 2)
735 3689 765 3742 In
786 3689 829 3744 ed.
846 3686 909 3744 Jeo.
929 3704 955 3741 n.
974 3676 1026 3737 tttl

122 3767 211 3823 deest:
232 3777 280 3821 nut
298 3769 398 3821 bonus.
418 3766 448 3829 3)
464 3764 532 3818 lbid.
553 3764 678 3833 legitur:
700 3764 828 3832 gratiam.

411 4098 431 4143 Ι
