2346 4208
272 273 552 342 protuberantibus
571 279 598 327 et
616 273 752 328 Oneratiss
920 267 983 335 119

57 477 159 519 remus
175 465 214 518 *et
234 457 393 530 nobiseum
416 460 496 520 taeta
520 479 608 537 esse,
637 461 710 522 nihil
734 461 894 536 sciremus,
924 474 986 521 nee·

58 560 213 602 memores
233 558 388 618 essemus,
424 562 491 602 eum
514 543 593 604 baeo
613 563 676 604 uon
706 543 796 604 aliter
817 542 906 603 nobis
928 545 983 603 inr-

58 643 157 705 peuse
178 634 249 687 sunt
264 624 310 704 Ι),
331 644 425 704 ‘quern
448 628 473 685 si
495 626 732 704 dormientibus,
759 628 820 687 imo
844 629 988 699 mortuiss

57 727 96 768 ao
117 708 219 786 potius
250 708 385 770 nondum
420 710 500 769 natis
535 709 800 789 impenderentur,
833 717 986 788 quantum.

57 790 96 850 ad
121 796 259 851 nostram
284 793 417 870 pertinet
438 793 587 853 notitiem.

141 873 189 933 Ita
208 873 362 952 videmus,
397 893 487 953 quam
519 876 587 936 siue
614 875 703 936 nobis
733 895 789 935 nos
825 876 983 954 exeipiant

58 956 182 1016 divinae
206 958 418 1018 miserationes
441 966 472 1019 et
494 958 733 1020 consolationes.
766 958 875 1019 Adhue
897 957 986 1017 dubis

57 1046 170 1117 temus,
192 1042 347 1101 autetiam
364 1040 574 1120 desperemus,
593 1042 689 1101 nostri
702 1060 804 1101 euram
827 1041 983 1120 illiusque

56 1121 152 1183 hodie
173 1141 251 1186 esse.
296 1122 328 1185 Si
351 1143 440 1202 quem
470 1124 547 1184 bees
576 1124 767 1203 experientia
794 1144 856 1184 non
884 1123 983 1186 erudit

58 1223 117 1264 nee
138 1213 258 1279 movet,
290 1209 396 1266 neseio
425 1207 497 1285 quid
521 1207 641 1267 erudire
671 1214 702 1266 et
725 1226 850 1268 movere
873 1209 981 1286 possit.

56 1288 146 1348 Hane
172 1290 253 1348 eninr
287 1288 424 1349 videmus
458 1292 572 1369 passim
602 1292 632 1349 in
661 1289 802 1350 omnibus
825 1291 986 1350 infantulis

55 1373 306 1449 praesentissime
329 1371 422 1432 nobis
442 1373 632 1452 expositam,
659 1373 703 1432 ita
731 1380 763 1432 ut
790 1381 918 1433 nostrae
935 1376 980 1433 in-

56 1455 218 1533 sipientiae
241 1462 271 1515 et
294 1454 424 1515 duritiae
448 1463 494 1514 lot
515 1455 658 1534 exempla
690 1458 850 1534 proposita
872 1459 980 1516 merito

57 1536 149 1597 nobis
171 1535 306 1598 debeant
328 1556 396 1597 esse
409 1556 522 1618 magno
542 1537 660 1617 pudori,
683 1538 708 1597 si
726 1536 907 1615 dubitemus,
932 1540 981 1599 vel

56 1621 244 1680 levissimum
275 1621 389 1681 bonum
425 1622 473 1680 vel
504 1622 615 1680 malum
645 1621 711 1680 sine
741 1621 886 1701 singulari
909 1642 980 1680 eura

59 1703 118 1763 Dei
141 1703 231 1764 nobis
254 1706 443 1824 contingere

140 1785 251 1847 SioB
281 1784 416 1847 Petrus²
423 1798 437 1865 i
472 1789 496 1848 1
521 1786 584 1846 Pet
607 1790 641 1850 5;
674 1782 804 1847 Omnem
832 1784 977 1844 sollieitu-

55 1867 160 1930 dinem
183 1869 408 1948 proiieientes
400 1891 431 1929 in
454 1890 539 1946 eum,
577 1871 722 1947 quoniam
757 1868 815 1947 ipsi
839 1875 885 1927 est
907 1887 978 1927 oure

56 1952 96 2012 de
118 1952 228 2032 vobis,
262 1960 294 2013 et
330 1953 409 2013 Psel.
433 1954 472 2017 36
490 1953 538 2026 3);
576 1953 660 2013 laeta
694 1971 786 2031 super
812 1951 977 2011 Dominum

56 2054 160 2095 euram
189 2042 270 2094 tuam
294 2038 412 2115 etipse
435 2044 464 2095 te
487 2036 626 2095 enutriet.
670 2035 711 2095 Et
732 2035 765 2094 B.
788 2032 978 2113 Augustinus

56 2117 97 2178 ad
119 2118 252 2177 animem
277 2138 361 2178 suern
384 2120 413 2177 iu
438 2117 593 2178 Contere:
625 2117 704 2193 Quid
733 2125 824 2197 super
852 2126 882 2176 te
905 2123 979 2194 stas,

58 2207 90 2260 et
111 2218 175 2260 nou
198 2201 283 2260 stas?
307 2202 421 2280 proiice
444 2209 473 2260 te
496 2203 525 2260 in
539 2221 618 2275 eum,
641 2204 803 2262 nonenim
824 2200 981 2259 subtrahet

60 2302 194 2362 manum,
217 2291 250 2342 ut
270 2303 356 2362 ruas,
380 2285 539 2344 etiterum
566 2288 591 2346 l.
614 2285 677 2344 Pet.
700 2284 735 2346 4:
769 2285 875 2363 ltaque
898 2292 928 2342 et
950 2284 980 2341 lri

59 2367 111 2445 qui
135 2368 290 2445 patiuntur
310 2367 477 2427 seeundum
500 2367 690 2426 voluntatem
703 2367 770 2442 Dei,
791 2366 874 2426 fideli
897 2385 979 2427 orea-

59 2450 117 2509 tori
141 2449 359 2510 commendent
379 2452 497 2510 animas
522 2470 593 2509 suas
615 2451 645 2508 in
670 2450 846 2512 beneiaotis.

142 2531 216 2593 Osi
240 2534 306 2610 quis
335 2534 394 2593 bae
421 2535 540 2592 ratione
563 2533 663 2592 Deum
692 2552 778 2590 suum
799 2533 829 2605 Ἰ)
866 2551 979 2612 eogno-

59 2624 169 2686 seeret,
192 2634 282 2694 quarn
297 2635 433 2692 securus,
456 2625 545 2694 qua'm
564 2617 694 2694 quietus,
719 2634 808 2692 quem
832 2614 980 2674 iucundus

59 2705 176 2778 ageret
210 2698 267 2759 Hie
288 2700 469 2759 vereDeum
493 2698 630 2771 haberet,
653 2700 753 2756 seieus
770 2705 853 2756 oerto
878 2700 980 2756 omnia

60 2801 125 2858 sua,
159 2800 360 2860 quaeeunque
391 2783 445 2841 illa
467 2789 586 2857 essent,
614 2781 695 2840 illius
724 2782 905 2840 suavissime
927 2799 981 2839 vo-

60 2865 176 2924 luntate
199 2864 383 2944 disponente
405 2866 461 2924 sibi
485 2865 632 2944 obtigisse
655 2870 686 2924 et
708 2864 876 2943 obtingere,
915 2863 983 2924 Stat

59 2946 148 3008 firma
164 2949 317 3007 sententie
340 2948 436 3007 Petri:
460 2948 520 3027 lpsi
543 2956 590 3008 est
611 2966 684 3008 eura
707 2946 744 3006 de
769 2946 863 3007 vobis,
901 2946 980 3020 Quid

58 3030 120 3105 boo
143 3031 237 3091 verbo
261 3030 379 3090 duloius
401 3030 506 3090 audire
528 3031 716 3111 possumus?
744 3029 818 3089 ldeo
842 3029 980 3108 proiieite

60 3131 195 3190 omnem,
218 3115 327 3191 inquit,
349 3113 587 3174 sollicitudinem
611 3115 641 3173 iu
665 3133 744 3174 eum.

144 3195 283 3270 Quodsi
306 3196 366 3255 hoo
389 3216 451 3256 uon
473 3197 612 3274 lauimus,
635 3204 666 3256 et
688 3215 745 3256 nos
767 3196 825 3274 ipsi
848 3213 904 3274 pro
928 3213 981 3253 no·

59 3278 105 3339 bis
129 3278 253 3338 solliciti
276 3297 397 3352 sumus,
421 3279 492 3356 quid
515 3278 597 3338 aliud
620 3280 762 3349 feeimus,
786 3296 876 3356 quarn
899 3276 981 3356 quod

59 3370 92 3421 et
110 3361 169 3422 Dei
199 3381 302 3420 euram
331 3361 480 3441 impedire
513 3381 675 3438 conamur,
709 3368 740 3421 et
773 3360 862 3420 simul
892 3359 981 3419 nobis

58 3451 194 3507 aetatem
217 3451 353 3504 nostram
370 3446 497 3520 tristem,
520 3444 716 3523 laboriosam,
742 3446 864 3505 anxiam
881 3443 982 3503 multis

58 3527 240 3603 timoribus,
279 3529 377 3604 euris,
413 3527 590 3588 tumultibus
624 3528 775 3588 facimus?
818 3527 919 3603 Atque
952 3526 982 3587 id

133 3750 164 3813 1)
186 3750 215 3801 ln
236 3749 369 3803 eddon:
389 3752 453 3802 sint.
490 3749 523 3814 2)
544 3750 627 3804 lbrd
656 3750 807 3863 SPetrus
847 3749 982 3818 3)1b1u

58 3824 104 3879 55.
142 3820 173 3885 4)
193 3821 261 3876 ibid.
281 3821 372 3876 deest:
392 3836 506 3875 suurn.¹
603 3848 605 3855 ·
