2346 4208
222 233 257 289 dc
275 234 324 289 illo
343 234 417 303 dioto
437 235 472 290 ad
491 236 565 304 nor„
579 238 624 304 ιξιι
643 236 725 294 Dom.
744 239 799 299 ιιι.
821 238 882 292 heri
902 245 951 292 eto.
982 237 1046 302 455

187 424 237 487 36.
257 423 320 483 lsta
341 427 372 483 et
394 422 506 484 similia
534 431 679 520 portenta
712 425 785 485 satis
820 424 1046 505 demonstrant,

123 526 188 568 non
211 525 280 566 esse
310 507 388 566 inter
424 524 483 566 nos
505 513 537 567 et
563 508 648 589 ipsos
670 516 787 568 tantum
816 508 903 571 verbi
926 515 1046 571 contro·

124 590 267 668 versiam
291 596 323 649 ut
343 606 427 649 nunc
447 589 571 669 quidam
593 590 705 689 limasti
721 590 867 652 conciliat
855 600 937 653 tores
962 613 1046 683 prae

124 679 259 734 sumunt.

186 754 236 820 37.
258 754 331 816 Non
352 762 399 816 est
428 757 640 816 controversia
667 755 816 835 verbalis,
850 757 901 819 ubl
924 776 980 818 nos
1006 757 1048 817 di-

124 841 240 915 cimus,
264 840 368 898 omnia
389 837 496 899 Matth.
519 837 548 902 ι).
573 858 642 898 ιιιι
665 848 847 919 praecepta,
800 839 914 900 tilli
935 848 1047 917 antem,

123 941 212 984 esse
209 921 369 1000 quaedem
393 921 542 998 consilia,
573 940 627 982 seu
649 933 683 982 ut
704 922 845 984 Sor-bona
867 912 1047 984 Parisiensis

122 1007 156 1068 in
180 1004 379 1066 damnatione
400 1004 522 1064 Lntheri
546 1003 696 1083 decrevit,
732 1025 802 1066 esse
823 1006 913 1066 nimis
941 1024 1048 1067 onera-

123 1090 189 1150 tiva
209 1087 288 1168 legis
311 1087 511 1149 Christianae¹

146 1171 238 1234 „38
261 1169 331 1232 Non
355 1177 403 1231 est
423 1172 635 1232 controversie
656 1171 801 1250 verbalis,
823 1171 874 1231 ubi
896 1179 1047 1251 asserunt,

124 1253 325 1316 dubitandum
352 1272 438 1332 esse,
470 1274 510 1313 an
545 1255 639 1313 simus
668 1256 838 1334 ingratia,
885 1253 968 1334 qnod
990 1266 1047 1316 no's

125 1338 258 1398 dicimus
279 1355 350 1398 esse
371 1336 463 1415 idem,
487 1335 569 1415 quod
593 1354 707 1416 negare
730 1337 891 1401 Ohristunr.

187 1419 238 1485 39.
260 1420 330 1481 Non
353 1426 401 1481 est
421 1422 633 1480 controversia
655 1419 797 1499 verbalia,
821 1420 871 1481 uhi
894 1423 1045 1482 securita-

125 1511 242 1565 temet
268 1502 413 1564 malitiam
444 1511 475 1563 et
496 1504 761 1582 impoenitentiam
790 1505 988 1582 continuant,
1017 1504 1047 1565 in

127 1592 213 1648 tento
237 1587 387 1666 sanguine
408 1587 486 1646 fuso‘
502 1604 557 1665 per
577 1587 679 1665 ipsos,
702 1592 828 1668 propter
849 1605 955 1647 eorum
979 1607 1047 1667 por·

127 1676 216 1731 tems.
236 1676 267 1730 et
288 1668 496 1749 blasphemias
516 1668 691 1748 praedictas
714 1669 923 1731 stabiliendos.

190 1755 240 1818 40.
262 1752 331 1813 Non
356 1759 403 1812 est
424 1753 635 1812 controversia
658 1753 800 1830 verbalis,
823 1752 895 1812 dum
911 1753 955 1813 illi
980 1772 1049 1833 pro-

127 1837 295 1898 fessionem
325 1836 527 1896 monasticam
563 1842 714 1915 sequent,
746 1854 803 1896 seu
838 1837 941 1917 potins
955 1855 1048 1919 praa

126 1920 229 1981 ferunt
249 1919 434 2000 baptismati,
459 1924 490 1978 ιι
502 1936 559 1979 nos
575 1918 657 1979 hoc
649 1938 748 2000 rpsnm
772 1938 840 1980 esse
863 1918 1048 2001 sacrilegum

131 2008 164 2064 et
184 2002 447 2064 antichristianum
471 2001 632 2062 dicimus.

191 2087 242 2148 41.
264 2085 406 2147 Nont
358 2091 406 2145 est
427 2084 618 2165 negandum,
641 2068 862 2146 miraculafieri
885 2100 979 2165 posse
995 2105 1051 2166 per

129 2169 242 2249 impios
264 2170 295 2228 in
318 2167 379 2228 lide
400 2174 536 2246 mortua,
554 2175 693 2248 praesert
681 2170 733 2228 tim
756 2171 781 2229 si
803 2169 924 2229 suntin
948 2166 1050 2228 officio

131 2252 182 2312 vel
208 2259 299 2312 coetu
322 2251 544 2330 ecclesiastico,

191 2334 596 2402 monasteriorum
618 2341 650 2394 et
668 2334 796 2397 verbnm
821 2332 870 2410 (id
892 2328 959 2411 e'st,
989 2335 1052 2394 vita

130 2423 287 2497 aeterna),
311 2435 390 2497 quse
412 2424 558 2497 superant
580 2418 683 2496 omnia
698 2418 854 2496 miracula,
877 2381 970 2478 etiarh
996 2422 1051 2497 per'

130 2500 244 2562 Iudam
261 2500 432 2578 scharioth,
456 2498 619 2559 conterunt
607 2507 662 2561 t.ur

87 2619 93 2626 =
195 2585 245 2648 43.
268 2584 355 2644 Etsi
379 2583 455 2643 tales
478 2582 535 2643 sibi
558 2583 700 2662 privatim
722 2583 788 2642 istis
811 2582 953 2663 operibus
971 2582 1047 2643 nihil

132 2668 261 2748 prosint,
283 2669 346 2727 imo
359 2674 505 2743 noceant,
525 2673 630 2726 temen
647 2671 694 2725 rat
695 2685 745 2724 nm
764 2673 820 2744 est,
835 2664 916 2744 quod
934 2666 1051 2726 faciunt

132 2749 215 2830 apud
237 2751 336 2810 Deum
359 2757 390 2810 et
412 2749 564 2810 homines.

147 2835 246 2896 ·.44
267 2835 314 2894 lta
341 2833 453 2893 Paulus
489 2835 517 2894 1.
551 2831 733 2892 Corinthl
719 2833 766 2895 13.
799 2831 941 2911 privatim
976 2828 1051 2911 ipsis

132 2915 209 2976 nihil
230 2916 379 2997 prodesse
407 2914 496 2993 dicit,
529 2916 580 2993 qui
613 2914 674 2975 flde
713 2909 769 3021 sira
803 2915 894 2985 etiam
929 2920 1052 2976 montes

136 2999 328 3062 transferant

197 3085 309 3147 4o.t
269 3082 309 3143 ιιι
331 3081 500 3143 Christos
492 3080 614 3161 iniquos
640 3099 659 3140 a
681 3099 750 3140 sese
772 3078 932 3142 discedere
952 3079 1048 3160 iubet,

136 3167 239 3246 quiin
261 3167 388 3226 nomine
409 3183 467 3224 sno
488 3165 615 3224 virtutes
639 3163 749 3223 multas
771 3163 927 3224 fecissent.

195 3251 243 3314 46.
267 3249 436 3309 lactatores
468 3247 571 3327 potins
607 3245 678 3307 fidei
712 3248 804 3308 sentit
837 3245 950 3306 Paulus
986 3265 1055 3306 esse

138 3351 205 3411 eos,
227 3333 277 3411 qui
300 3330 391 3391 fidem
414 3350 469 3412 per
491 3331 599 3391 caritat
600 3349 649 3390 em
672 3344 734 3391 non
756 3329 871 3391 habent
886 3327 1055 3409 efficacem,

138 3422 171 3475 et
189 3434 270 3495 quae
292 3432 348 3475 sna
368 3413 463 3474 suntl
472 3424 482 3487 )
508 3420 668 3492 quaerunt.

443 3501 534 3556 Anno
557 3496 596 3559 M.
618 3497 654 3557 D.
677 3495 750 3560 xnl.

159 3678 329 3686 ...m

213 3764 244 3830 1)
263 3763 295 3817 In
315 3763 358 3818 ed.
377 3762 454 3816 lesa:
474 3763 536 3817 sint.
