2346 4208
463 267 498 324 n.
517 267 552 324 u.
570 267 688 326 naues.
965 217 968 220 ¹
986 256 1049 337 165

121 461 210 540 ipsos
231 457 414 534 illudamus,
428 464 480 520 ‘et
501 460 687 520 sacramenti
708 457 859 520 beneflcio
882 461 1049 541 privemus,

122 561 163 603 eo
187 543 321 603 maxime
342 543 460 622 studio,
489 561 551 622 quo
574 542 709 603 maxime
730 559 877 620 quaerere
898 543 1050 606 videmur.-

207 625 303 687 Huins
325 625 441 687 farinae
463 631 549 702 sunt,
584 626 635 705 qui
663 624 806 686 horarum
829 627 1048 689 canonicarum

122 708 299 789 neglectum
329 728 428 790 prope
464 709 672 770 irremissibile
706 714 867 789 peccatum
900 709 1048 790 fecerunt,

122 810 193 852 cum
216 793 337 853 interim
364 792 584 854 fornicationes
618 799 728 853 contra
748 792 805 852 Dei
839 799 1048 874 praeceptum,

122 881 177 943 aut
200 876 347 936 ammissa
369 876 470 937 studia
492 894 566 956 erga
585 876 759 956 proximum
772 875 863 936 facile
883 877 1048 938 remittant.

208 958 371 1038 invenias,
389 961 445 1038 ,qui
467 958 498 1021 S.
519 957 658 1020 Severini
681 958 731 1019 vel
750 960 902 1019 somnium
925 959 975 1021 vel
997 979 1048 1020 ex·

121 1040 258 1121 emplum
267 1060 305 1103 eo
320 1041 461 1122 probent,
475 1049 508 1103 ut
519 1041 652 1102 sehoras
664 1042 831 1102 canonicas
842 1060 901 1103 nec
910 1050 1048 1104 antever-

122 1133 189 1186 tere
203 1143 262 1186 nec
272 1131 345 1205 post
358 1126 514 1207 complere
527 1126 593 1185 sine
607 1130 736 1204 peccato
748 1123 932 1186 arbitrentur
944 1145 1049 1207 posse,

121 1207 244 1268 etiamsi
256 1209 420 1269 iustissima
434 1228 527 1270 causa
543 1207 672 1270 fuissent
690 1206 829 1289 legitimo
848 1227 954 1270 eorum
974 1218 1048 1270 tem-

146 1309 202 1352 ore
220 1290 368 1372 impediti,
395 1293 511 1353 scilicet
530 1290 692 1353 serviendo
710 1292 842 1371 proximi
859 1294 1049 1354 necessitati·

122 1311 191 1452 Eua,
199 1373 230 1434 id
243 1380 299 1452 est,
313 1376 428 1436 meritis
440 1374 616 1438 melioribus
627 1375 811 1454 sexcenties,
821 1393 911 1453 quam
919 1375 1049 1437 fuissent

123 1475 230 1518 eorum
250 1457 482 1540 frigidissimae,
510 1466 541 1520 et
563 1458 642 1521 forte
664 1457 914 1519 damnatissimae
937 1459 1048 1521 oratio·

120 1559 186 1604 nes.
231 1540 320 1603 Adeo
343 1561 406 1604 non
428 1541 600 1621 attendunt,
621 1543 652 1601 in
666 1541 791 1602 servitio
808 1542 941 1620 proximi
962 1561 1047 1603 man·

122 1623 229 1684 datum
251 1624 309 1685 Dei
330 1623 444 1687 debere
465 1625 612 1705 praeferri
634 1622 782 1684 mandato
803 1622 980 1704 hominum,
1013 1626 1045 1685 in

122 1705 267 1768 lallandis
290 1707 390 1769 verbis
411 1709 555 1769 horarum
578 1709 643 1768 eine
667 1706 834 1768 intellectu.

207 1789 274 1851 Huc
295 1792 467 1870 pertinent,
501 1793 553 1872 qui
573 1793 655 1852 intra
676 1808 844 1868 canonem,
872 1790 964 1851 etiam
990 1809 1048 1870 pro

122 1890 245 1935 summa
268 1875 454 1936 necessitate
481 1880 513 1936 et
544 1873 698 1956 periculo,
734 1873 819 1953 loqui
847 1878 900 1933 aut
920 1892 1048 1953 puerum

122 1975 237 2018 vocare
271 1957 358 2017 nefas
379 1963 505 2038 putent,
548 1957 660 2019 deinde
687 1957 831 2016 ieiunium
858 1955 941 2017 aliud
964 1962 1049 2017 natu·

121 2059 187 2116 rae,
209 2038 290 2100 aliud
314 2041 464 2104 ecclesiae
485 2040 643 2120 facientes,
667 2040 692 2099 si
715 2041 782 2119 quis
803 2039 854 2101 vel
871 2039 1049 2120 imprudens

122 2127 226 2204 guttas
249 2123 367 2203 aliquot
388 2123 539 2206 glutiant,
562 2130 615 2185 aut
642 2122 813 2184 medicinae
847 2122 919 2203 quid
948 2143 1048 2204 sump-

122 2207 215 2284 serit,
254 2207 376 2286 penitus
399 2227 418 2267 a
440 2211 633 2269 sacramento
657 2213 796 2280 arceant,
826 2213 857 2267 et
885 2213 1047 2286 peccatum

121 2289 174 2351 vel
208 2290 373 2350 maximum
402 2290 452 2350 hic
480 2297 625 2352 statuant.
669 2291 763 2350 Miror
786 2309 860 2373 ego,
893 2290 1046 2350 undenam

122 2372 300 2434 hominibus
325 2373 391 2433 istis
414 2371 562 2435 autoritas
584 2375 623 2433 sit
649 2373 755 2433 harum
787 2371 887 2454 legum
912 2373 1048 2434 conden-

123 2455 242 2533 darum,
265 2460 296 2516 et
317 2458 453 2536 peccatis
475 2475 494 2515 a
513 2477 547 2518 se
560 2459 689 2536 repertis
710 2457 965 2517 conscientiarum
981 2477 1048 2538 per-

124 2536 353 2600 turbandarum.
397 2539 446 2599 Ex
467 2541 504 2600 iis
527 2541 727 2600 aestimentur
743 2538 862 2618 reliqua
885 2539 1005 2601 similia.
1129 2608 1131 2612 ,

207 2620 289 2681 Laici
312 2641 386 2682 vero
411 2623 488 2682 alius
512 2621 675 2684 confitetur
697 2641 732 2682 se
754 2621 885 2683 libenter
906 2625 1049 2703 gustasse

125 2704 238 2784 dulcia,
260 2704 336 2766 alius
361 2705 484 2766 audisse
506 2705 653 2783 iucunda,
676 2705 820 2766 olfecisse
842 2705 983 2783 odorata,
1005 2711 1047 2765 te

123 2788 232 2868 tigisse
274 2788 389 2850 mollia.
432 2789 481 2849 Ad
514 2789 632 2849 maiora
659 2789 840 2866 veniamus,
874 2787 1049 2849 comedisse

121 2871 266 2950 butyrum
291 2871 341 2931 vel
363 2890 424 2932 ova
456 2871 563 2933 diebus
585 2873 706 2947 ieiunii,
742 2871 834 2951 vulgo
867 2889 1047 2951 persuasum

124 2960 173 3014 est
194 2953 380 3014 haereticum
411 2973 494 3034 esse,
527 2961 590 3016 tam
619 2956 764 3017 atrociter
786 2955 927 3014 saeviunt
960 2953 1046 3034 leges

122 3037 282 3098 hominum
304 3039 335 3097 in
358 3037 490 3099 ecclesia
509 3039 582 3116 Dei3
604 3046 635 3099 et
656 3057 714 3100 nos
738 3036 843 3118 populi
865 3036 924 3097 hac
946 3055 1048 3122 super-

124 3120 266 3199 stitione,
287 3121 349 3181 imo
373 3127 479 3181 nostra
501 3121 664 3202 tyrannide
686 3139 794 3182 secure
814 3121 949 3193 fruimur,
972 3119 1047 3179 nihil

122 3209 266 3264 curantes
289 3204 345 3263 Dei
367 3212 534 3284 praecepta
555 3206 668 3285 passim
695 3223 751 3284 pro
778 3202 909 3265 ludibrio
932 3202 1049 3281 haberi,

123 3285 276 3347 modoad
299 3294 420 3347 nostras
442 3294 576 3368 paveant
597 3294 629 3348 et
650 3288 786 3369 palleant
806 3286 903 3368 leges.

207 3369 388 3430 Adulterum
410 3389 501 3430 nemo
528 3371 715 3432 haereticum
744 3376 851 3447 vocat,
885 3369 1047 3430 fornicatio

122 3451 194 3513 leve
216 3459 392 3532 peccatum,
415 3453 581 3514 schismata
602 3461 633 3516 et
653 3454 825 3515 discordiae
848 3453 940 3513 etiam
962 3457 1047 3513 auto·

122 3535 214 3596 ritate
237 3541 268 3596 et
289 3537 416 3596 nomine
438 3538 576 3598 eccesiae
599 3539 763 3617 suscitata,
793 3543 824 3597 et
852 3543 987 3614 servata,
1016 3542 1048 3597 et

122 3622 230 3695 aucta,
260 3620 369 3679 merita
391 3626 470 3682 sunt.
513 3619 575 3681 Sed
597 3640 706 3683 carnes
730 3627 819 3682 sexta
839 3619 915 3680 feria
945 3619 1046 3681 edisse

122 3701 296 3763 haeresium
321 3703 457 3764 omnium
480 3711 669 3786 summaest,
692 3706 736 3765 sic
756 3723 815 3767 nos
838 3703 992 3764 erudimus
1016 3709 1047 3782 et

124 3783 238 3848 erudiri
259 3786 462 3868 permittimus
484 3787 632 3870 populum
655 3787 774 3853 Christi.
