2346 4208
68 3852 176 3952 ἱ

194 235 260 309 200
535 239 680 294 mm
696 208 839 295 nmee‘

196 448 231 492 rc
265 427 330 489 nlla
350 425 438 489 liberi
467 433 499 488 et
519 425 685 489 Christiani
716 426 814 490 rideri
840 427 1003 504 volenter,
1033 443 1117 505 quam

196 517 377 592 contemptu
399 520 431 571 et
451 510 691 590 reprehensione
711 512 967 587 ceremoniarum,
990 508 1118 571 traditio

198 615 282 669 nom,
304 595 407 679 tagum
428 594 648 669 humanarum,
670 596 758 675 quaoi
778 595 851 656 idco
864 593 1034 657 Christiani
1054 592 1120 670 dal,

200 681 273 758 qaia
296 679 385 740 atatis
407 678 516 738 diebus
535 697 598 739 non
620 679 775 755 ieiunant,
795 684 849 739 ant
870 677 942 738 aliia
963 675 1120 738 ieiunanti

198 761 256 823 bac
284 762 344 842 ipci
380 780 489 822 caroea
521 761 702 839 comedunt,
736 770 790 822 aut
823 761 968 842 prccrlar
996 760 1120 822 unitate·

197 845 359 920 omittunt,
394 863 546 924 aucpeneo
569 863 647 907 neco
680 852 847 925 praccepta
874 845 1038 906 hominum
1059 840 1119 904 illa

197 927 323 1002 mtec,
356 934 460 989 cetera
482 946 557 989 vero
571 926 604 1002 ¹)
631 928 671 989 od
699 927 904 990 Ghdrtianam
938 927 1119 1008 religionen

197 1012 384 1091 pertinentia
402 1011 769 1090 prorauapoathabentea.
813 1010 933 1087 Quibus
944 1010 1120 1090 pertinace

197 1095 275 1154 aime
301 1096 448 1155 recictrrnt
474 1113 514 1154 ex
541 1095 639 1156 altera
666 1103 753 1175 parte
773 1096 813 1173 ii,
852 1096 905 1173 qui
926 1093 999 1155 cola
1020 1093 1118 1154 obarr·

198 1178 303 1239 rantia
332 1185 365 1237 et
385 1179 560 1238 reverentia
592 1179 834 1239 ceremoniam
869 1179 1012 1238 nituntur
1048 1175 1119 1237 aalri

197 1259 278 1338 lieri,
310 1262 399 1338 quaei
420 1259 492 1320 ideo
515 1261 593 1320 salvi
615 1262 694 1334 cint,
715 1264 788 1340 quia
809 1262 898 1322 statie
919 1259 1032 1320 diebus
1053 1259 1119 1320 iaia

197 1350 288 1419 aaut,
319 1351 373 1404 aut
399 1362 419 1402 a
440 1343 581 1404 carnibus
607 1344 777 1423 abstinent,
809 1352 863 1405 aut
891 1351 997 1404 certae
1017 1356 1119 1423 procu

196 1437 296 1503 orent,
317 1429 469 1487 iactantes
492 1436 661 1507 praecepta
680 1428 833 1488 eccleciae
853 1433 885 1488 et
907 1425 1047 1503 Pam,
1067 1442 1121 1486 nco

195 1510 255 1587 ipai
270 1509 324 1589 pili
339 1509 488 1570 facimtcc
500 1529 547 1586 ea,
569 1529 649 1589 quae
663 1513 804 1572 sincerae
815 1516 888 1571 aunt
899 1508 976 1570 ddei
987 1515 1118 1571 nocuae.

197 1591 326 1670 Utrique
349 1593 518 1672 culpabiles
541 1594 644 1672 plane,
666 1593 749 1673 quod
771 1593 862 1654 rebus
883 1591 1040 1673 neglecti·
1059 1609 1120 1673 gra

197 1675 334 1735 rioribus
367 1675 459 1736 etad
482 1676 613 1737 salutem
635 1679 819 1739 oeceaaanir
845 1696 939 1756 cuper
963 1674 1059 1736 rebua
1078 1674 1121 1750 ir,

196 1757 336 1819 leviculis
358 1768 392 1820 ct
411 1778 475 1819 non
504 1762 705 1838 necessariis,
736 1768 823 1821 tanto
845 1759 981 1820 tumultu
1002 1756 1121 1820 condic

196 1847 309 1903 tantur.

280 1924 404 1999 Quanto
433 1925 546 1986 rectius
566 1925 680 1987 Paulua
702 1926 863 2006 apoatoluc
884 1922 992 1984 media
1011 1923 1065 1984 ria
1083 1923 1121 1982 ia

198 2006 309 2069 cedere
329 2007 437 2086 docet,
471 2015 503 2068 et
521 2016 684 2088 utrumque
704 2010 786 2070 latua
808 2008 947 2084 damnat,
968 2005 1121 2082 dicenr¹):

197 2089 257 2162 Qui
284 2089 467 2168 manducat,
498 2091 607 2174 non²)
631 2093 867 2154 manducantem
896 2110 962 2152 non
991 2094 1122 2171 spernat

196 2174 301 2251 etqui
334 2193 396 2234 nco
427 2174 609 2251 manducat,
648 2176 883 2236 manducantem
914 2192 981 2234 non
1003 2172 1121 2234 iudicat

198 2254 294 2314 Video
317 2256 383 2331 bic,
417 2257 499 2335 quod
521 2260 558 2333 ii,
592 2261 644 2340 qui
680 2259 872 2320 ceremoniae
905 2275 971 2316 non
1001 2257 1121 2336 pietate.

197 2336 254 2396 aad
277 2358 363 2398 mero
386 2349 565 2419 contempto
587 2344 732 2403 omittunt
752 2350 787 2402 et
810 2343 1004 2420 vituperant,
1027 2357 1121 2419 repre

196 2420 529 2503 tenuantur³),011m
555 2425 725 2503 Apostolus
747 2425 860 2486 doceat
900 2442 966 2483 non
989 2430 1121 2483 contem

197 2522 285 2580 nere,
309 2507 439 2566 seientia
460 2508 542 2566 enim
564 2508 614 2567 hic
628 2507 660 2581 ⁴)
685 2508 782 2570 inflat
824 2508 956 2568 Rursum
993 2507 1121 2586 pertin

196 2605 250 2647 ces
280 2587 395 2648 alteros
423 2589 533 2665 docet,
565 2600 598 2649 ut
630 2610 692 2651 uon
726 2591 864 2651 iudicent
891 2589 975 2650 illos.
1019 2588 1121 2650 Hcotn'

197 2671 279 2730 enim
319 2674 478 2732 caritatem
518 2672 734 2734 aedificantem
766 2676 898 2735 invicem
935 2671 1121 2734 custodiunt

197 2751 300 2827 Quare
320 2754 371 2814 hio
398 2755 552 2815 audienda
579 2766 626 2817 est
647 2757 817 2837 Scriptura,
847 2775 927 2836 quae
948 2755 1063 2837 docet,
1095 2762 1122 2814 rt

197 2855 255 2895 nec
278 2836 317 2895 ad
339 2837 497 2914 dextram,
519 2858 577 2899 nec
598 2840 638 2900 ad
660 2842 814 2901 ainiatmm
836 2839 1053 2916 dcolinemna,
1074 2836 1120 2898 cri

196 2937 362 2997 aequamur
376 2922 506 2981 iustitias
514 2922 638 2983 Domini
649 2921 1006 2991 rectas⁵llaetilimntes
1023 2921 1121 2983 eorda.

196 3001 238 3062 Ut
258 3005 339 3062 enim
362 3022 425 3064 nou
447 3005 543 3064 iustus
566 3014 614 3066 est
635 3009 807 3086 quicquam,
829 3007 901 3086 quia
922 3006 1077 3086 operibor
1095 3012 1120 3064 et

197 3085 305 3145 ritibus
327 3090 571 3149 ceremoniarum
592 3092 687 3150 servit
707 3100 740 3150 et
760 3089 901 3150 addictus
921 3097 983 3166 eet,
1004 3091 1052 3150 ita
1071 3105 1121 3150 nat

196 3169 294 3228 inatus
316 3190 355 3229 ex
378 3189 417 3230 eo
440 3171 615 3232 censebitur
649 3174 735 3235 colo.
767 3173 851 3252 quod
882 3172 939 3232 illa
959 3174 1120 3234 omittitet

199 3255 381 3313 contemnit

280 3335 349 3396 Nou
380 3337 462 3395 enim
494 3337 597 3407 liberi,
611 3358 717 3398 sumus
739 3359 794 3419 per
828 3337 921 3399 fide-
943 3339 1065 3401 Glrriati
1090 3336 1121 3399 at

255 3549 282 3607 1)
300 3545 332 3598 Iu
352 3546 395 3599 ed.
410 3548 491 3600 1521:
512 3565 585 3602 rere.
603 3552 638 3614 2)
661 3552 762 3604 ibidem
783 3551 874 3605 dcccl:
894 3565 963 3604 aon.
983 3553 1015 3613 31
1038 3552 1067 3604 ln
1085 3548 1118 3603 cd-

197 3618 268 3741 gg}
293 3617 667 3748 ξῖεῗιῐεοᾶεςτὲὴειιέειοηᾷητ.
704 3625 737 3676 ll
759 3623 788 3674 ln
819 3623 862 3676 ed.
897 3624 968 3679 15²1
1001 3631 1033 3677 et
1054 3623 1119 3678 sa:

270 3761 301 3822 ⁸)
321 3761 402 3815 Rom.
422 3762 465 3816 14.
