2346 4208
259 273 312 328 pru
330 258 533 315 Laborantibus
555 264 581 314 et
600 257 737 314 Onerssis.
917 255 979 321 109

54 529 226 611 Gsputl.
262 494 499 610 despectio
529 531 674 610 primo,
707 505 807 608 quod
837 535 896 591 est
918 527 978 590 bo·

362 634 444 674 num
469 615 674 674 internum.

139 783 181 843 m
211 785 279 862 quis
310 783 360 843 vei
391 783 459 843 sola
493 781 576 843 heeo
604 782 686 844 bons
708 787 863 858 numeret,
898 799 977 860 quse

54 867 187 1009 auisque
206 867 237 926 in
260 884 317 926 sus
337 884 470 945 persons
497 864 657 946 possidet?
692 867 807 945 primo,
840 865 978 944 eorporis

77 955 147 1010 otes
170 956 303 1029 quuntse
324 949 414 1009 sunt?
442 950 556 1024 formu,
578 948 687 1027 robur,
711 946 873 1023 valetudo,
896 948 978 1007 vive·

54 1033 133 1093 eiius
155 1051 275 1111 sensus,
297 1032 406 1112 quibus
429 1034 458 1091 in
474 1032 613 1092 masculo
635 1030 755 1092 aceedit
770 1030 979 1102 nobilissimus

53 1134 164 1192 sexus,
185 1133 247 1195 quo
270 1115 372 1176 multis
393 1114 483 1175 rebus
506 1121 569 1175 tum
591 1116 732 1194 privetis,
763 1120 826 1174 tum
850 1111 978 1192 publiois

53 1197 210 1280 gerendis,
232 1205 263 1260 et
284 1199 415 1279 egregiis
437 1196 622 1259 facinoribus
645 1197 776 1258 idoneus
796 1204 853 1275 est,
876 1216 895 1258 u
916 1197 979 1276 qui·
1042 1261 1044 1264 ,

56 1281 113 1343 bus
135 1282 245 1342 mulier
265 1283 368 1342 eliens
387 1289 444 1344 est.
487 1279 568 1356 Quid
589 1300 662 1342 vero
681 1284 784 1361 magni
805 1287 862 1357 est,
884 1280 909 1339 si
931 1281 979 1340 his

52 1365 149 1426 donis
172 1366 297 1445 optimis
332 1364 455 1443 desem,
490 1365 613 1444 viginti,
647 1365 773 1444 trigiuts
798 1364 886 1422 annis
910 1381 979 1423 oum

55 1447 218 1528 voluptate
259 1448 342 1509 dono
365 1448 422 1508 Dei
455 1448 497 1507 sis
537 1466 625 1525 usus,
661 1455 694 1508 et
713 1449 744 1506 in
778 1464 840 1506 uno
869 1445 979 1506 horum

56 1530 228 1610 aliquando
262 1530 312 1591 vel
343 1530 451 1591 decem
480 1529 588 1592 diebus
621 1529 765 1591 labores?
802 1527 980 1590 Nebulones
1095 1537 1096 1540 ’

58 1613 225 1695 prouerbio
247 1613 368 1678 dieunt:
425 1611 469 1677 (dd
507 1613 538 1690 iu
565 1632 615 1677 um
646 1615 689 1676 eiu
726 1615 787 1692 biis
809 1611 913 1674 &tuno
946 1632 978 1691 gu

56 1702 140 1770 tisun,
160 1703 192 1758 st
212 1698 337 1758 iterum:
361 1697 418 1760 (diu
441 1705 491 1775 out
506 1697 609 1759 &tuno
632 1697 663 1772 io
685 1697 758 1759 cium
781 1698 861 1772 bdim
883 1697 980 1774 mesti.

57 1778 142 1856 Quid
165 1780 255 1841 nobis
277 1780 467 1856 snoiendum,
490 1781 541 1859 qui
563 1779 675 1840 multas
696 1778 789 1849 horos
812 1778 909 1838 bonus
931 1796 980 1838 so

56 1865 200 1944 cipimus,
223 1868 255 1924 et
275 1883 314 1923 ne
337 1883 398 1924 unu
411 1863 533 1942 quidem
546 1864 625 1923 ferre
646 1862 789 1922 volumus
804 1859 978 1937 malum?²>

58 1945 207 2008 Videmus
235 1966 327 2027 ergo,
361 1949 482 2026 quantis
505 1945 659 2008 obruimur
675 1944 706 2024 ²)
731 1943 821 2005 bonis
843 1945 918 2023 Dei,
950 1953 982 2004 ot

57 2047 151 2109 quam
174 2032 280 2111 peusis
310 2031 361 2090 vix
395 2037 557 2110 tangemur
586 2028 673 2089 malis
701 2027 809 2089 saltem
843 2035 979 2088 nostrum
1047 2083 1050 2086 ,

80 2113 191 2173 lurimi.

57 2133 79 2194 p
143 2195 197 2256 His
231 2194 319 2256 bonis
343 2215 404 2256 non
429 2201 592 2256 contentus
616 2196 750 2275 optimus
772 2194 855 2255 Deus
878 2192 983 2254 adiicit

57 2277 200 2356 divitius,
237 2280 343 2358 eopius
371 2281 507 2339 omnium
538 2284 656 2358 rerum,
691 2279 717 2338 si
745 2298 808 2339 nou
832 2276 984 2350 omnibus,

57 2369 143 2422 oerie
164 2362 277 2439 multis,
299 2361 398 2422 ethis
421 2363 624 2441 potissimum,
648 2362 699 2441 qui
720 2359 831 2421 infirmi
852 2361 982 2420 suntad

57 2444 187 2505 ferenda
216 2445 311 2505 mala:
347 2463 434 2524 neus,
467 2453 500 2505 ut
519 2446 602 2524 prius
626 2445 707 2522 dixi,
740 2443 849 2523 quibus
883 2445 982 2503 minus

58 2528 113 2588 dat
144 2548 243 2588 rerum
280 2517 334 2588 u‘ut
358 2529 514 2608 eorporis,
553 2527 621 2608 plus
649 2527 702 2587 dat
723 2529 831 2603 animi,
869 2537 901 2586 ut
923 2528 984 2586 sint

58 2613 163 2673 omniu
186 2611 339 2691 aequalis,
362 2614 480 2692 etipse
503 2612 598 2671 iustus
620 2610 714 2671 iudex
737 2612 881 2672 omnium.
926 2609 983 2669 Ne·

59 2714 120 2774 que
142 2696 224 2755 enim
254 2694 333 2755 adeo
362 2695 562 2755 oonsolsntur
583 2695 697 2755 multae
717 2692 856 2771 divitiae,
892 2711 983 2771 quem
1081 2753 1084 2758 ,

58 2778 213 2838 ineundus
247 2779 376 2839 enimus.
430 2778 505 2839 Post
536 2777 614 2837 huso
646 2775 826 2858 quibusdem
857 2775 984 2857 prolem,

59 2881 222 2938 summum,
244 2869 277 2921 ut
297 2860 415 2939 dicitur,
437 2862 638 2941 voluptutem,
660 2867 854 2941 potestatem,
875 2860 984 2939 prinoi-
1023 2859 1031 2874 ⁶

59 2952 183 3025 petum,
213 2944 382 3023 honorem,
405 2946 535 3023 sensam,
568 2944 715 3025 glorium,
749 2944 886 3003 favorem
909 2950 984 3022 eto,
1059 2949 1061 2953 ’
1134 2944 1136 2948 ’

59 3027 170 3107 quibus
203 3029 228 3087 si
263 3027 351 3088 detur
374 3028 480 3108 'longo
512 3037 651 3109 tempore
679 3027 754 3103 frui,
792 3028 854 3087 imo
892 3028 983 3087 etium

59 3130 168 3191 parvo,
190 3111 280 3171 facile
302 3111 483 3190 suadebunt,
508 3111 580 3192 quid
603 3110 776 3172 iaciendum
801 3111 841 3170 sit
862 3110 892 3169 in
917 3128 983 3189 pur·

59 3193 248 3338 vuloffldi
281 3296 354 3337 vero
390 3275 472 3338 bonu
499 3277 546 3337 his
576 3275 719 3337 omnibus
748 3277 983 3358 praestantiore,

58 3363 233 3440 ingenium,
263 3361 406 3439 soientiu,
435 3359 595 3438 iudicium,
623 3359 782 3437 fecundia,
812 3359 983 3441 prudentia,

58 3447 205 3523 atquem
228 3446 285 3522 his,
307 3446 386 3503 siout
409 3446 438 3502 in
462 3446 572 3505 ueteris
594 3463 716 3523 quoque
738 3451 890 3523 temperat
911 3462 985 3504 suae

62 3617 250 3625 n———u

134 3720 164 3783 1)
189 3719 218 3770 in
231 3718 273 3772 ed.
284 3719 357 3772 den:
380 3734 414 3768 ne
435 3733 518 3769 unum
531 3716 642 3785 quidem
655 3745 688 3754 -
700 3716 811 3771 muiem.
849 3719 879 3780 2)
899 3718 984 3772 Ibid:

61 3792 222 3844 obruamur.
