2346 4208
120 260 184 328 292
310 263 402 317 stauai.
423 263 451 317 L.
471 277 532 332 sup.
551 260 635 331 Prop.
653 277 677 317 a.
695 262 768 330 Lipr.
787 260 859 331 diap.

122 457 276 529 statuunt,
299 469 367 510 eum
389 467 452 509 non
475 449 515 508 ait
536 449 690 528 superior,
724 448 776 526 qui
798 466 869 508 eum
890 445 1016 527 deponat,

123 536 148 594 ai
170 540 271 594 autem
294 536 342 594 est
364 531 442 592 ull-us
465 532 613 611 superior,
636 537 669 592 ut
682 529 855 591 Concilium
871 528 962 611 (quod
977 546 1015 588 ra·
1062 566 1066 605 ,

126 637 191 676 rum
214 618 299 694 est),
321 617 383 675 iam
404 616 470 694 ipse
492 632 555 674 nou
578 622 626 675 est
657 614 794 674 omnium
817 614 954 695 superior
968 612 1017 673 im

123 700 239 775 divino,
254 698 310 759 sed
324 700 437 778 accipit
450 697 532 759 hane
548 698 792 778 superioritatem
811 697 945 757 humano
957 693 1017 757 Gor

124 782 185 844 oilii
207 784 288 860 iure,
312 784 360 842 oui
377 801 443 843 eam
466 800 569 841 rursus
591 779 683 842 debet
704 779 883 842 mutandam
907 780 969 841 eiua
985 796 1018 839 ar·
1064 830 1066 835 .

121 865 282 1010 bltrlglum
306 954 357 1022 tut
376 947 457 1023 dixi)
481 954 678 1027 provocatus,
701 966 771 1007 uam
787 945 942 1031 servanda
959 948 1019 1018 aaut

123 1041 154 1093 et
165 1034 196 1092 in
208 1032 362 1113 praesidio
377 1029 616 1092 armaadveraua
627 1031 829 1111 pertinaciam
841 1028 1019 1090 aemulorum

206 1119 238 1176 lu
261 1114 322 1175 fiae
343 1121 461 1194 repeto,
485 1132 564 1191 quae
579 1115 610 1172 in
625 1114 775 1193 prinoipio
792 1113 868 1189 dixi,
890 1130 941 1173 me
957 1126 1038 1207 pror.

124 1219 175 1259 auu
198 1197 336 1259 confiteri
372 1203 404 1257 et
431 1198 508 1257 tueri
538 1197 700 1276 primatum
723 1195 857 1257 Romani
878 1190 1020 1276 ponddm

124 1289 255 1361 quantus
287 1288 418 1360 quantus
447 1287 508 1357 est,
543 1279 599 1339 fuit
619 1285 673 1340 aut
700 1278 818 1340 iuturus
840 1286 904 1358 eat,
932 1274 1021 1351 aulul,

124 1362 207 1443 quod
230 1382 343 1423 novum
366 1363 479 1442 dogma
504 1380 573 1422 esee
596 1363 672 1440 seio,
694 1363 760 1422 iure
782 1361 890 1423 diviua
912 1358 1021 1423 eunden

124 1445 269 1521 stabiliri,
300 1447 372 1524 quia
401 1445 501 1506 nullus
534 1446 728 1524 antiquorum
750 1444 874 1506 Petrum
907 1441 1022 1507 memini

126 1530 190 1589 eius
213 1529 332 1588 articuli
353 1527 434 1605 fidei,
455 1529 507 1607 qui
531 1536 633 1589 tumen
656 1529 761 1588 omnia
782 1534 845 1589 tem
858 1529 910 1609 pie
931 1532 962 1589 at
978 1522 1021 1587 rui

125 1613 221 1689 iioite,
239 1631 320 1694 quue
342 1621 466 1672 nostrae
487 1609 560 1672 fidei
575 1619 654 1690 eunt,
678 1612 899 1691 exquisierunt,
920 1628 974 1673 neo
990 1625 1022 1667 ae

127 1695 259 1755 eundum
283 1694 414 1755 eundem
437 1701 566 1776 egerunt
588 1704 641 1755 aut
661 1695 813 1773 vixerunt,
836 1712 916 1774 quoa
936 1708 1023 1757 amun

126 1779 298 1838 haereticos
323 1778 382 1839 diei
403 1776 488 1837 nullo
508 1779 629 1839 ratione
650 1780 759 1858 putier.
802 1777 907 1858 Atque
927 1779 957 1839 iu
970 1774 1023 1845 ,da

125 1862 223 1943 magia
259 1861 333 1921 mihi
366 1860 476 1941 placeo
508 1868 539 1921 et
567 1860 717 1941 superbus
746 1859 804 1933 fio,
838 1859 924 1942 quod
952 1856 1024 1921 vita

126 1963 239 2005 nomen
269 1946 435 2024 pessimum
471 1944 544 2004 mihi
567 1961 717 2006 creseere.
760 1944 932 2006 Veritatem
952 1942 1025 2015 eain.

126 2027 227 2106 idest,
251 2027 414 2107 Christum,
437 2033 560 2106 oportet
580 2046 731 2106 creauere,
753 2034 922 2089 meantem
941 2022 1026 2089 m'u'

125 2110 196 2171 Plus
218 2110 340 2191 gaudeo
364 2109 525 2171 edvooem
548 2112 654 2190 sponsi
676 2117 708 2172 et
728 2129 874 2191 sponsae,
896 2116 1027 2193 quemne

126 2194 252 2254 multum
264 2193 292 2270 1)
305 2193 741 2254 etolamoramluxurioaorum
753 2212 921 2274 procorum
932 2200 1027 2267 metra

126 2285 237 2354 eertue,
261 2277 343 2356 quod
355 2276 508 2352 homines,
527 2278 577 2357 qui
594 2277 736 2337 videntur
747 2277 821 2338 mihi
833 2272 1027 2357 adversum,

124 2360 184 2440 ipei
205 2378 267 2420 non
291 2361 524 2420 suntmalomm
541 2368 676 2437 autores,
699 2378 758 2420 neo
780 2379 836 2422 eoa
849 2360 1028 2425 odiorum

124 2441 184 2503 Sed
207 2442 378 2504 Behemoth
412 2442 466 2504 ille
495 2444 640 2523 princepe
669 2444 839 2523 malorum,
879 2464 969 2526 quem
986 2458 1028 2525 pn

124 2526 248 2586 umbras
279 2546 350 2587 auus
385 2526 491 2605 videa,
529 2526 623 2588 vellet
644 2526 717 2587 mihi
739 2526 943 2591 formidabilia
969 2522 1028 2599 dud

125 2610 150 2669 ai
173 2617 295 2690 posset,
325 2616 355 2670 et
377 2612 536 2671 veritatem
560 2629 577 2670 e
598 2630 696 2692 regno
719 2629 775 2673 suo
798 2613 861 2672 mei
883 2610 1028 2675 aeuum

125 2691 307 2772 exturbare,
330 2692 385 2754 sed
409 2694 507 2754 maior
531 2700 593 2769 est,
616 2695 720 2773 quiin
744 2695 835 2757 nobie
859 2702 926 2776 eat,
955 2706 1027 2775 qm

126 2777 179 2920 poi
202 2778 232 2836 in
255 2776 381 2854 mundo,
404 2795 464 2855 quo
484 2777 562 2837 duee
585 2776 813 2859 nihilprotieiet
827 2776 1025 2840 inimiuuaffl

156 2880 236 2920 meu.

167 2942 316 3003 Praesens
341 2940 421 3002 male
443 2941 557 3003 iudicat
577 2949 674 3023 uetaa,
696 2945 842 3005 iudioium
863 2944 968 3007 melior
985 2942 1046 3021 po'

466 3027 611 3087 steritatie
640 3028 706 3087 erit.
756 3027 761 3039 '

488 3271 553 3278 ..η-
565 3271 594 3276 ---
599 3271 613 3276 -
620 3271 673 3277 -..-
678 3273 686 3279 ,

140 3696 524 3706 mo——m--am
532 3697 542 3702 -
546 3696 560 3701 .-

168 3796 193 3854 l)
214 3795 243 3846 lu
263 3794 327 3848 edd.
349 3796 432 3863 arip:
453 3793 488 3846 ad
508 3792 664 3847 tumultum.
702 3792 735 3860 2)
758 3792 843 3847 laid:
862 3784 990 3847 auverad
