2346 4208
194 267 239 334 18
413 270 680 343 Αά-Διςοιιιοιιιι
698 272 881 326 linscrmum

193 461 254 520 tori
278 459 408 540 quodvis
430 461 681 542 intelligendum,
703 460 757 522 tibi
780 460 908 540 quodvis
928 458 1112 540 responden-

193 543 268 603 dum
291 543 474 623 reliqueris?
493 545 673 605 Doouerunt
691 551 725 604 te
744 561 881 605 canones
903 544 947 603 tui
967 545 1013 602 sic
1031 542 1114 621 loqui

195 628 227 687 in
256 628 430 706 proximum
458 627 564 687 tuum?
606 627 741 688 Putasne
760 634 792 687 et
810 645 871 708 ego
894 644 1005 706 queam
1027 623 1115 685 simili

196 709 296 790 figura
318 719 349 770 te
371 709 513 788 laudare,
535 717 569 770 ut
556 711 667 770 talius
690 718 725 770 te
742 728 883 787 svamm,
908 709 988 770 alius
1010 708 1115 769 libere

195 793 274 871 lem,
304 794 385 852 alius
413 800 545 871 castum,
571 794 649 854 alius
671 794 865 855 fornicarium
895 799 988 872 queat
1007 791 1115 852 intelli·

146 947 152 954 (
195 875 296 956 gere?
327 875 517 956 Sisegniter
538 876 664 937 laudare
686 877 766 957 apud
789 877 988 937 eruditosvit
943 877 1115 972 vituperare

195 958 322 1035 dicitur,
349 966 466 1038 quanto
495 961 593 1040 magis
614 960 707 1020 dubia
728 968 759 1019 et
781 958 912 1055 figurata
931 965 984 1018 tun
1004 959 1115 1038 impice

196 1041 298 1101 laudis
325 1042 411 1102 larva
433 1042 502 1122 plus
524 1061 614 1122 quam
637 1043 726 1124 tripla
747 1044 930 1122 vituperatio
952 1042 1027 1102 mihi
1048 1058 1115 1102 oen—

196 1125 295 1184 sendo
316 1125 384 1184 est?
406 1124 509 1205 Atque
530 1127 602 1186 dum
625 1126 700 1186 nihil
722 1124 900 1186 discernis
891 1145 922 1184 ιιι
943 1126 1022 1184 meis
1042 1123 1115 1206 dog·

196 1207 349 1306 motibus,
376 1211 481 1269 omnia
506 1210 595 1270 simul
623 1211 762 1269 nimirum
791 1210 1001 1269 contaminato
1022 1209 1115 1288 cupis,

195 1292 404 1371 impurissima
431 1293 536 1373 lingua
563 1300 632 1371 tua,
659 1293 745 1354 vides
768 1310 818 1352 ma
839 1291 1028 1372 intelligere,
1055 1308 1115 1370 qua

194 1374 323 1454 stropha
344 1377 545 1437 rusticissimis
561 1376 713 1436 insidieris
728 1375 810 1454 mihi,
831 1375 978 1436 sacerdos
991 1373 1114 1435 Domini

194 1463 226 1517 nt
249 1459 336 1518 test-is
358 1459 515 1519 veritatis?
558 1461 669 1520 Varios
700 1466 810 1519 ventos
839 1459 997 1538 hucusque
1024 1475 1113 1538 passa

194 1547 243 1600 est
264 1543 352 1601 navis
375 1561 461 1620 mea,
491 1561 588 1619 nunc,
612 1549 646 1602 ut
666 1542 774 1620 video,
797 1551 829 1601 et
850 1548 959 1601 contra
981 1542 1114 1600 casciani

192 1624 266 1683 mihi
292 1625 500 1706 navigandum
529 1632 592 1704 cst,
624 1627 676 1705 qui
697 1625 839 1686 mendaci
862 1623 1114 1704 expellit-nubila

190 1706 275 1770 datu.

194 1827 219 1835 «v
274 1791 404 1868 Verum,
434 1791 559 1873 quando
587 1791 650 1852 hoo
670 1810 727 1870 pro
750 1791 868 1851 besano
889 1796 944 1851 tuo
966 1796 999 1850 at
1020 1789 1114 1870 lydio,

192 1873 275 1953 quod
299 1873 413 1951 dicunt,
436 1874 538 1954 lapide
560 1873 657 1952 ducis,
680 1873 825 1953 quidquid
842 1873 988 1934 Bohemis
1004 1872 1115 1954 placet,

192 1957 253 2018 hoc
275 1956 463 2017 haereticum
487 1976 576 2036 ease,
598 1959 709 2033 miror,
730 1974 864 2036 quanam
886 1958 1008 2018 ratione
1029 1963 1061 2016 et
1082 1961 1113 2015 tu

191 2039 322 2101 evadere
353 2057 462 2118 queas,
491 2060 531 2100 ne
558 2041 600 2100 sis
630 2041 838 2101 Bohemorum
869 2047 1034 2120 patronus,
1066 2038 1116 2118 qni

190 2133 253 2184 tam
268 2123 366 2182 multa
380 2126 473 2203 sapis,
496 2122 660 2204 profiteris,
676 2124 785 2201 tueris,
805 2141 886 2202 quae
905 2124 965 2183 illis
982 2123 1115 2203 placent.

192 2206 272 2280 Quin
301 2225 377 2285 rogo
407 2225 462 2286 per
491 2208 656 2267 Eccisnam
691 2206 772 2266 hanc
803 2207 1000 2266 dialecticam
1028 2205 1116 2265 nohis

196 2288 364 2366 conclude,
398 2295 591 2351 sacramenta
616 2289 782 2368 ccclesiae,
817 2291 990 2350 universam
1019 2287 1116 2368 Scrip-

195 2380 308 2447 turam,
337 2371 367 2432 S.
390 2372 496 2433 Patres
517 2391 588 2433 essa
611 2375 715 2434 omnia
742 2373 911 2451 haeretica,
941 2373 1013 2452 quia
1040 2372 1117 2432 haec

196 2457 323 2536 placent
344 2455 506 2534 Bohemis,
527 2457 653 2536 placent
674 2465 836 2537 praeterea
856 2456 1001 2516 Bohemis
1023 2454 1118 2514 multa

197 2538 274 2616 alia,
302 2537 438 2598 Christus
460 2541 543 2619 ipse,
571 2539 675 2600 Sancti
698 2547 730 2599 et
751 2558 859 2600 omnes
881 2546 1040 2600 creaturae
1061 2537 1116 2597 Dei

199 2621 312 2718 bonas,
331 2638 409 2701 ergo
436 2629 508 2682 sunt
528 2623 693 2701 haeretica,
714 2622 889 2683 firmissima
910 2622 1029 2682 seilicet
1049 2620 1117 2680 Em·

197 2706 340 2820 aetianae
362 2703 484 2765 dialect
464 2714 544 2765 trcae
563 2708 796 2784 consequentia.

251 2787 371 2862 Quod
393 2789 418 2848 si
440 2790 595 2850 haeretica
619 2798 700 2871 suut,
724 2808 803 2868 quae
818 2789 964 2850 Bohemis
986 2787 1117 2866 placant,

176 2890 316 2933 ‚rursum
339 2872 454 2932 haeret
434 2874 484 2931 troi
508 2879 605 2950 amnt,
629 2873 738 2952 quibus
760 2873 890 2933 Bohemi
913 2871 1047 2952 placent.
1078 2868 1119 2930 Αι

111 2973 116 2982 ’
196 2955 245 3015 hic
271 2956 368 3014 ausim
395 2955 511 3033 iurare,
543 2956 704 3016 Emserum
735 2973 804 3015 ease
833 2955 1038 3031 haereticum,
1071 2952 1117 3013 cui

168 3084 170 3087 .
195 3039 261 3099 sinc
285 3038 378 3098 dubio
402 3039 452 3098 vel
474 3002 591 3118 mltum,
614 3040 665 3100 vel
687 3039 837 3099 uxorcula
858 3039 961 3117 eliqua
977 3000 1117 3098 Bohemi-

196 3141 252 3182 ooe
282 3122 425 3182 factionis
461 3122 632 3183 formosula
664 3122 763 3202 possit
795 3123 938 3202 placere,
971 3121 1033 3181 imo
1061 3136 1119 3179 nac

197 3204 511 3284 summospontitices
531 3206 649 3266 abhoc
671 3225 744 3266 casu
766 3205 942 3265 haereticae
963 3203 1120 3284 pravitatis

196 3290 294 3370 possit
282 3287 378 3347 tulla
400 3288 488 3353 Bulla
511 3290 664 3370 excipere,
687 3307 745 3349 neo
767 3307 804 3349 ea
825 3287 959 3369 quidam,
984 3306 1063 3367 quae
1088 3287 1118 3345 io

196 3388 296 3431 oceno
322 3371 446 3431 Domini
478 3373 552 3453 legi
552 3391 597 3435 ιιι
641 3373 711 3432 latis
741 3372 866 3432 ludicris
895 3370 1097 3432 rationibus
1087 3386 1118 3428 m

196 3463 261 3514 tam
289 3456 369 3514 seria
397 3475 431 3514 rc
458 3474 515 3515 voa
543 3458 651 3535 optimi
677 3455 817 3535 theologi
845 3456 954 3535 vulgus
982 3461 1119 3514 nostrum

196 3538 336 3610 inficitis
360 3544 393 3597 ιιι
415 3538 479 3598 eius
502 3534 629 3615 iudicio,
660 3541 760 3599 statim
785 3538 891 3598 audito
913 3537 1120 3599 Bohemomm

195 3622 353 3696 nomine,
372 3639 451 3717 quos
480 3621 656 3700 volueritis,
690 3622 863 3682 haereticos
896 3622 1033 3699 faciatis,
1064 3637 1122 3680 nec

195 3712 299 3764 tamen
322 3705 426 3764 estis
418 3724 448 3764 m
471 3703 532 3764 hoc
554 3704 731 3765 fratricidae
754 3713 785 3765 et
803 3667 1079 3786 blasphematolcs.

246 3810 249 3825 ι
278 3787 352 3848 ded
372 3786 498 3866 quando
533 3791 562 3848 ιιι
603 3789 683 3848 haec
714 3790 898 3869 portentoso
924 3787 1118 3851 tenebrarum
