2346 4208
150 265 215 332 Μ
348 269 507 325 heuneus>
520 272 542 324 1.
560 271 641 324 Ειιιι
654 269 716 325 adv.
735 272 784 325 Ph.
804 270 866 325 nst

153 456 320 519 Ambrosio
349 458 393 518 ita
413 457 559 531 insultas,
588 456 671 536 quod
696 457 854 518 meliorem
876 464 908 518 tc
930 459 1080 538 intarpse·

152 547 214 602 tem
243 542 347 621 poscis
375 541 555 602 Christianis
583 543 661 614 iarn,
689 560 779 620 quam
807 541 837 601 S.
867 540 1076 605 Ambrosium.

152 623 184 685 si
214 625 294 684 intro
323 625 436 704 pellem
466 632 497 684 te
525 624 715 699 contineres,
745 633 776 683 et
803 626 833 684 in
861 631 914 685 tuo
937 643 1078 701 numero,

151 707 282 768 haberes
310 707 433 787 quidem
456 717 539 767 tuum
563 707 684 783 album,
713 709 774 767 ιι
766 727 827 766 iarn
849 714 946 769 totum
969 713 1001 768 te
1024 708 1078 769 ob-

152 809 274 851 scumm
296 790 410 851 reddis.

238 873 294 953 ld)
318 875 429 935 Denuo
451 873 663 952 calumniatur,
684 859 735 934 ιιι
756 891 887 952 scopum
909 872 949 934 de
970 874 1076 953 poeni·

152 959 250 1018 tentia
272 977 334 1018 nou
357 958 506 1038 attigisse.
550 957 630 1017 Vide
651 975 815 1037 procacem
837 956 987 1031 iudicem,
1018 976 1078 1017 sec

150 1046 302 1121 rogatum.
347 1041 413 1100 lmo
442 1042 510 1119 ipse
539 1059 578 1100 ex
607 1047 673 1101 toto
701 1058 765 1100 non
793 1041 908 1119 attigit,
938 1038 1009 1118 quid
1038 1040 1078 1100 de

151 1124 345 1204 poenitentis
365 1123 597 1202 disputavimus.
641 1123 710 1183 Hoc
730 1128 832 1182 actum
853 1122 919 1195 fuit,
942 1143 981 1183 an
1002 1141 1078 1203 poc·

151 1207 280 1267 nitentia
307 1207 434 1286 incipiat
462 1206 513 1266 vel
541 1205 579 1267 sb
610 1225 716 1266 amore
739 1205 813 1281 Dei,
841 1206 892 1286 vel
914 1225 933 1266 ι
954 1207 1077 1283 timore,

151 1291 238 1350 iuxta
264 1291 496 1350 conclusionem
527 1291 657 1351 tertiam.
701 1288 742 1349 At
772 1288 843 1348 dum
873 1287 911 1348 ad
935 1295 1078 1368 quartam

83 1389 86 1394 ·
152 1379 184 1432 et
197 1373 336 1452 quintam
354 1373 574 1434 conclusiones
596 1374 746 1447 venimus,
768 1377 870 1431 ectum
892 1372 948 1432 suit
969 1370 1008 1433 de
1030 1392 1077 1434 re·

150 1455 301 1516 missione
319 1475 441 1536 poenae
457 1462 530 1536 post
551 1456 673 1535 culpam
696 1454 863 1517 dimissam.
898 1454 948 1515 An
971 1461 1076 1517 autem

150 1543 235 1598 recte
264 1537 409 1599 firmarirn
431 1545 553 1610 nostra,
584 1538 635 1598 vel
657 1539 694 1598 D.
719 1538 866 1598 Martinus
888 1539 1001 1612 rectius
1024 1538 1076 1599 de-

148 1620 281 1682 fenderit
308 1642 382 1701 sua,
411 1622 527 1682 iudices
551 1622 746 1682 eruditissimi
768 1620 948 1680 Parisiensis
972 1619 1075 1682 studii

150 1704 338 1780 iudicabunt,
356 1725 419 1766 non
434 1712 563 1782 attento,
582 1704 654 1784 quid
666 1703 875 1766 Grammatico
888 1707 1076 1784 apparuerit

237 1790 292 1864 16)
317 1788 441 1858 Scribit,
472 1786 554 1866 quod
580 1788 793 1868 indulgentiae
818 1786 891 1846 mihi
918 1788 1078 1856 iocumst

148 1870 254 1931 ludum
269 1871 398 1933 ciebant.
431 1871 471 1931 Et
484 1871 545 1931 hoc
568 1869 691 1949 quidem
712 1870 824 1930 falsum
846 1875 902 1948 est,
926 1871 1074 1948 quoniam

149 1955 230 2015 serio
254 1956 320 2034 egi,
342 1955 552 2035 poenitentias
566 1953 596 2023 1)
621 1972 691 2015 esse
713 1952 813 2031 utiles,
837 1952 921 2031 quod
944 1959 976 2013 et
996 1953 1077 2015 Mar-
1162 2013 1164 2016 ,

149 2039 231 2097 tinus
262 2036 394 2099 admisit.
437 2036 494 2116 Egi
525 2043 555 2097 et
583 2038 667 2117 ipsas
695 2055 757 2098 non
780 2053 850 2095 esse
871 2037 978 2096 vitium
1002 2035 1077 2097 boni

151 2121 264 2200 operis.
309 2120 438 2180 Demum
462 2119 607 2195 conabar,
629 2128 663 2180 ut
683 2139 738 2200 per
758 2118 967 2199 indulgentias
988 2117 1079 2180 floret

150 2204 291 2263 remissio
312 2221 436 2281 poenae
458 2221 514 2282 pro
537 2204 673 2281 peccatis
696 2202 835 2278 debitae,
865 2201 915 2262 ubi
936 2201 974 2264 D.
997 2202 1077 2263 Mar-

150 2287 232 2346 tinus
253 2285 372 2345 iortiter
394 2285 466 2345 mihi
490 2285 686 2362 contradixit,
708 2285 915 2365 indulgentias
938 2304 1007 2345 csse
1030 2305 1077 2346 re·

149 2369 313 2428 missiones
342 2367 492 2429 bonorum
527 2388 665 2448 operum.
715 2368 776 2429 Sed
810 2368 849 2429 dc
882 2368 943 2428 hoc
973 2368 1075 2429 refero

96 2501 101 2511 .
149 2471 199 2511 mc
221 2450 259 2510 ad
283 2452 378 2530 script
378 2472 397 2511 ι
366 2453 606 2513 tuotariorum
628 2452 854 2513 Universitatis.
898 2450 1076 2512 Concor-da

149 2535 249 2593 vimus
273 2541 375 2594 tamen
394 2535 502 2610 ambo,
526 2534 638 2595 abusus
655 2535 893 2595 declamantium
915 2533 1076 2614 indulgeu-

150 2617 209 2678 tias
231 2635 302 2677 esse
322 2617 602 2701 reprehendendos.

235 2698 321 2760 Haec
335 2704 414 2778 sunt,
436 2700 654 2761 iucundissime
666 2700 773 2777 lector,
796 2718 875 2778 quae
891 2699 1078 2762 videbantur

150 2781 222 2842 mihi
246 2802 285 2842 ex
306 2804 340 2844 ιι
362 2784 428 2844 fore
449 2790 517 2864 part
517 2786 558 2843 im
582 2783 773 2861 Christiana,
801 2783 910 2862 partim
933 2801 1017 2859 mea,
1042 2793 1076 2844 ut

150 2865 259 2942 scires,
298 2868 323 2926 si
357 2865 556 2946 disputationi
595 2884 657 2926 non
689 2866 800 2926 fuisses
833 2884 997 2944 praesens,
1031 2875 1075 2943 ut,

150 2948 407 3026 quemadmodum
430 2950 592 3029 plurimum
615 2955 705 3010 cavet
718 2948 886 3028 Philippus,
910 2967 949 3008 ιιι
971 2948 1075 3010 famae

151 3031 303 3107 credatur,
325 3040 379 3092 aut
392 3032 449 3110 his,
473 3034 524 3111 qui
540 3033 641 3093 famae
659 3031 793 3110 student,
814 3031 857 3090 ita
878 3050 937 3096 nec
959 3033 987 3092 ei
1010 3052 1074 3094 cre

150 3112 217 3193 das,
239 3116 290 3193 qui
313 3134 374 3175 non
398 3116 512 3177 veritus
536 3122 592 3190 est,
616 3116 763 3196 pleraque
784 3114 858 3174 mihi
880 3113 1075 3213 adscribere,

150 3215 210 3257 nec
232 3197 357 3276 quidem
380 3218 398 3257 ι
420 3219 470 3259 me
492 3200 637 3280 cogitata.
676 3198 716 3258 Ει
738 3197 878 3277 quamvis
899 3216 962 3257 non
986 3199 1056 3258 sit
1048 3220 1074 3260 ιι

149 3279 323 3360 Philippus,
355 3273 438 3361 quod
466 3281 630 3362 theologus
653 3300 721 3342 cum
744 3300 782 3341 eo
797 3279 1050 3360 congrediatur
1042 3303 1073 3343 ιιι

150 3362 328 3443 theologico
342 3364 492 3446 studi02),
515 3372 617 3426 tamen
640 3384 679 3424 ne
701 3382 872 3445 agnoscere
893 3362 1014 3425 viderer
1035 3367 1073 3426 si-

150 3446 245 3507 lentio
275 3447 370 3522 haec,
400 3466 479 3529 quae
506 3448 615 3508 mihi
606 3448 753 3528 imponit,
782 3446 908 3508 omnino
936 3447 1021 3507 volui
1045 3451 1073 3508 ci

151 3547 331 3606 occurrere,
366 3529 447 3609 quod
470 3531 555 3593 ιιΒ.
579 3531 767 3611 Augustinus
796 3549 858 3590 non
887 3527 1074 3592 dubitaverit

152 3619 261 3674 contra
275 3613 472 3675 cresconium
490 3613 730 3675 Grammaticum
745 3613 885 3675 scribere
919 3611 965 3673 Τιι
987 3633 1074 3692 ιιιο,

183 3801 214 3865 1)
232 3799 264 3854 ln
283 3800 327 3856 ed.
347 3800 427 3859 dem:
447 3801 645 3872 indulgentias.
682 3799 716 3868 2)
737 3798 822 3857 Istc:
842 3798 942 3856 stadio.
992 3828 1016 3839 =1

61 3884 109 3960 ι
188 3923 197 3929 .
