2346 4208
305 263 388 311 ,ιἰ,
432 255 593 312 a'hlntsriis
610 262 734 327 excepta
806 284 834 323 -ι,
1005 262 1048 327 47

124 439 281 518 molensi.
321 442 403 503 Duru
426 460 499 502 roro
523 444 660 503 omnium
683 443 738 504 dat
758 445 831 505 mihi
853 447 1047 523 sacerdotem

125 521 288 603 Christum,
308 526 409 605 primo
433 524 581 606 Cypriani
602 531 804 588 attenhonem
823 527 854 604 ¹)
878 550 942 615 non
963 552 1047 593 asae

124 608 237 685 quur,
266 627 326 669 neo
355 608 558 689 Hieronymi,
589 612 734 688 quoniam
765 611 896 672 Petrum
915 616 1045 693 primum

123 690 336 769 apostolorum
364 693 480 757 constit
481 700 564 753 utum
594 693 720 771 volunt,
749 694 830 754 unde
857 697 1043 792 reliquorum

123 772 319 835 sacerdotum
345 783 496 855 potestas
512 775 640 854 defluat,
675 796 737 837 non
767 778 891 855 quidem
920 781 1044 841 interius

123 856 324 936 conferendo,
346 857 548 936 quodChristi
527 867 618 919 ttes
606 860 724 920 tvelut
744 862 864 940 capitis,
886 863 940 922 sed
959 872 1044 942 pote·

122 948 230 1001 statem
253 941 498 1003 eeclesiasticam
520 943 787 1005 communicando.

202 1022 372 1104 Septimo,
378 1026 462 1104 quod
483 1025 640 1086 desiderat
659 1026 828 1087 Hesionam
852 1027 1046 1106 modestiam

121 1104 259 1167 Graecos
288 1118 322 1168 ct
350 1107 522 1171 Οιιιιιιιιει
551 1128 607 1188 pro
636 1108 821 1168 damnandis
848 1112 1044 1189 iudicantem,

120 1189 312 1269 respondeo:
335 1189 474 1253 Graecos
488 1193 584 1273 longo
600 1201 740 1272 tempore
752 1210 815 1252 non
828 1193 929 1253 solnm
951 1195 1044 1254 fuisse

119 1273 350 1353 schismaticos,
372 1273 433 1335 sed
459 1274 738 1353 haereticissimds,
774 1285 806 1335 ut
833 1286 880 1335 tot
908 1296 1043 1337 errorum

119 1356 260 1417 cumulus
284 1364 318 1418 et
338 1359 484 1437 pervicax
506 1359 679 1419 obstinacia
703 1364 833 1419 testatur
859 1359 1043 1422 Clementin.

121 1438 155 1501 dc
177 1459 259 1501 sum.
283 1441 381 1519 Trina.
400 1448 434 1501 ut
453 1440 494 1501 de
515 1443 623 1522 spiritu
638 1448 758 1519 sancto,
780 1441 1044 1537 decentessime,

121 1521 157 1583 de
170 1523 548 1619 triurnHvangclistarum
564 1525 709 1602 falsitate,
732 1536 763 1584 et
775 1526 943 1585 innumeris
966 1526 1044 1599 aliis
1067 1596 1070 1603 Ι

121 1608 261 1685 quamvis
283 1625 378 1703 osope
399 1606 503 1669 fletam
524 1608 652 1669 leocrint
678 1609 768 1668 Rom.
790 1608 951 1668 Ecclesiae
973 1608 1045 1669 oba·

121 1690 280 1766 ciendam,
302 1693 362 1750 ut
354 1710 386 1750 ιιι
405 1692 541 1752 coneilio
563 1693 741 1752 Florentino
754 1692 886 1771 Hugemr
895 1692 947 1753 IV
972 1700 1045 1752 tem-

121 1770 247 1853 poribus
268 1773 384 1835 inomni
400 1781 458 1835 est
485 1775 589 1849 Quare
618 1768 644 1834 si
665 1776 755 1854 pauci
778 1775 942 1834 Christiani
962 1774 1043 1855 apud

121 1875 173 1918 uos
121 1793 370 1918 porImultornm
392 1859 546 1919 sententia
568 1859 680 1918 salvari
702 1858 826 1935 debent,
849 1865 964 1936 quanto
984 1878 1044 1916 ma

120 1941 164 2019 gis
191 1940 373 2021 paucissimi
403 1949 458 2001 aut
483 1941 593 2001 nulli
585 1962 616 2000 nr
638 1941 749 2001 'Porcia
776 1942 899 2000 salvant
887 1949 954 2019 tur,
986 1941 1043 1999 nisi

121 2022 256 2104 religiosi
287 2024 396 2103 aliqui,
432 2032 462 2084 et
486 2027 530 2085 eis
552 2026 770 2101 adhaerentes,
793 2026 844 2103 qui
866 2025 1041 2084 Romanam

121 2112 226 2167 tenent
248 2106 467 2168 obedientiam.

200 2191 250 2250 De
273 2199 395 2269 octavo,
417 2201 507 2272 rogat
528 2191 716 2251 reverendus
739 2191 844 2267 Pater,
867 2198 899 2249 nt
921 2200 1043 2249 autores

121 2273 254 2354 allegem
283 2273 453 2335 seeundum
473 2277 710 2352 conscientiam,
740 2275 770 2332 in
795 2293 855 2353 quo
879 2274 954 2332 nihil
974 2274 1043 2332 hac-

121 2358 199 2417 sitet.
244 2357 386 2436 VeHem,
417 2359 500 2438 qnod
529 2379 584 2418 eos
606 2359 759 2417 adducere
783 2376 923 2436 possem,
952 2359 1042 2415 etiam

122 2439 289 2499 seeundum
321 2443 490 2501 scientiam.
534 2444 576 2501 At
608 2442 829 2520 Hieronymum
873 2459 1044 2519 agnoscere

122 2523 288 2583 Damasum
319 2524 403 2584 velut
430 2546 580 2584 summum
609 2525 807 2601 Pontificem,
838 2524 912 2582 nulli
942 2533 1045 2601 potest

121 2626 189 2667 esse
217 2606 353 2669 dubium.
404 2609 454 2669 eie
489 2628 614 2688 quoque
644 2609 806 2668 ecclesiam
840 2606 1043 2665 universalem

122 2710 190 2751 esse
219 2691 377 2750 lundatam
411 2713 503 2772 supra
530 2700 648 2772 petram
684 2711 774 2750 nemo
802 2690 939 2769 ambigit.
984 2690 1044 2749 Sed

122 2783 240 2852 petram
263 2775 349 2833 illam
363 2795 441 2835 esse
463 2777 584 2835 Petrum
608 2784 637 2836 et
660 2777 724 2833 eius
748 2793 959 2850 snccessurae,
982 2774 1043 2832 alio

122 2865 262 2938 ternpore
284 2858 434 2937 probabo.

194 2941 328 3020 sugillat
350 2949 452 3002 tamen
475 2942 613 3002 nonnihil
636 2943 782 3019 Hierony.
806 2959 874 2998 enm
898 2939 1043 2998 dixisset:

121 3025 213 3103 Apud
237 3044 296 3085 vos
319 3026 403 3086 solos
426 3029 604 3105 incorrupta
624 3028 723 3105 prima
752 3025 879 3083 omnino
909 3030 1046 3081 servatur

122 3111 288 3186 autoritas3
309 3111 398 3187 qussi
419 3118 450 3169 et
471 3111 560 3169 Hom.
574 3111 638 3168 Pon
642 3109 738 3167 titices
761 3127 823 3165 non
847 3107 959 3164 fuerint
980 3108 1045 3165 sine

123 3211 234 3253 naevo.
276 3193 308 3252 si
331 3192 370 3252 ad
399 3201 520 3273 ternpus
548 3193 729 3271 Hieronymi
769 3192 875 3260 ret'ert
908 3189 1045 3248 Liberius

124 3285 153 3335 et
173 3277 358 3335 Anastasius
379 3296 447 3337 eum
470 3283 724 3357 praecesserunt..
757 3275 824 3333 Hoc
846 3262 931 3351 dico,
962 3273 1043 3351 qnod

124 3362 231 3420 merito
256 3362 287 3418 in
311 3361 463 3421 mentibus
489 3360 623 3422 fidelium
655 3368 702 3419 est
690 3320 950 3435 tadmiranduni
981 3357 1044 3415 nul

125 3442 183 3501 lum
206 3443 296 3505 Hom
320 3444 515 3521 Pontificem,
546 3452 814 3523 quantumcunque
838 3405 966 3518 malnni,
996 3442 1044 3500 vel

125 3536 274 3587 errantem
304 3527 480 3588 definivisse
433 3528 773 3659 .-.....iumeiamer'et
799 3546 837 3586 ex
868 3530 1044 3599 constituto,

175 3716 401 3783 ιΥιοιιιιιιι·
392 3730 421 3764 rn
441 3713 500 3764 Act.
521 3713 641 3764 Reform
667 3712 729 3783 (ΙΙΙἓ
750 3713 814 3778 348)
839 3713 881 3763 hic
902 3715 980 3764 affert
1008 3730 1042 3765 ex

125 3790 182 3841 eod.
203 3789 281 3842 HSo:
304 3787 547 3839 intentionem
