2346 4208
316 270 334 311 ’ἶ
356 278 373 309 ‘·
436 292 455 329 a
470 264 596 331 neura
612 280 740 349 exeepta
836 264 841 311 3
979 262 1042 349 1¹01
1157 244 1164 260 ’

128 464 164 529 iia
179 464 333 527 fiaenter
346 482 417 529 euru
437 464 580 528 intanto
591 448 741 529 eonsesw
757 464 871 549 disere,
885 486 927 533 se
947 488 1043 535 unum
1109 506 1117 519 ·

127 547 197 611 velle
216 548 365 625 resistere
386 544 479 611 milio.
520 547 570 611 Ita
585 546 679 613 habet
693 548 808 613 veritas
829 557 862 613 et
881 550 1042 655 nepsam
1149 598 1153 610 .

126 630 346 715 asportante
368 637 402 695 et
421 628 538 693 ordinis
561 632 723 715 dignitate.
765 632 910 715 Apostoli
932 642 1041 701 enites
1116 644 1119 651 '

127 714 236 777 aarum
257 712 417 797 aequales,
437 714 501 777 hoo
521 732 611 795 seua
625 714 794 797 Soriptura,
814 716 876 780 hoo
888 716 918 781 Β.
934 716 1041 787 Patres

126 796 288 861 voluerunt.
331 796 438 861 Mam
459 797 535 859 dioit
554 796 762 879 Hieronymus
792 808 855 861 non
876 801 1041 882 reprehen-

125 878 570 962 impetrandorum
598 883 759 963 imperem.
801 882 848 945 Ita
871 884 1040 963 Anaoietns

126 982 184 1027 ean.
215 964 252 1027 ln
281 982 378 1041 novo,
401 962 476 1027 dieii
499 962 663 1047 apostolos
684 964 808 1045 aequali
830 962 863 1049 ¹)
884 972 1042 1049 potestate

124 1047 248 1111 dom.
290 1046 338 1111 ln
359 1046 609 1129 opprimundae
630 1046 744 1112 etalii.
768 1048 845 1110 Onm
867 1068 943 1149 erpo
963 1048 1039 1113 Pau·

124 1129 163 1193 ius
179 1130 273 1193 doerit
291 1128 473 1213 designatus
495 1130 657 1212 apostolus
690 1152 710 1193 a
731 1130 874 1211 Christo,
905 1136 1042 1217 rn'genu's

124 1210 199 1293 dixit
230 1232 266 1277 ae
287 1231 352 1276 non
373 1211 414 1277 ab
433 1212 578 1293 homine,
605 1232 647 1275 ne
669 1230 708 1275 ns
735 1231 793 1294 per
811 1213 968 1278 hominem
990 1234 1041 1279 ae·

170 1296 256 1373 isse,
278 1302 312 1359 et
332 1296 416 1378 quod
435 1295 573 1359 Jaoobus
595 1303 628 1357 et
648 1232 756 1359 denus
778 1296 836 1360 sibi
868 1298 945 1362 nihil
967 1316 1041 1361 eon·

123 1460 155 1525 b
231 1385 270 1459 t,
286 1380 407 1443 vomnio
427 1380 511 1451 euim
531 1380 593 1441 ista
613 1374 654 1441 ad
675 1379 885 1461 apostolatum
906 1380 1039 1445 reiereo·

171 1470 253 1525 sunt
458 1490 463 1503 ·
1040 1478 1044 1485 ‘

191 1544 289 1609 Aliud
311 1561 386 1607 vero
417 1550 466 1607 est
488 1544 527 1607 de
549 1547 707 1626 potestate
739 1545 900 1627 regiminis
916 1551 966 1609 *et
985 1538 1040 1609 ad*-
1152 1586 1160 1595 -

122 1628 355 1707 ainismionis,
377 1627 428 1690 ubi
450 1646 582 1691 ooneora
604 1635 654 1689 est
674 1626 703 1689 S.
726 1625 852 1689 Petrum
873 1629 1039 1709 sententia,

122 1712 277 1773 andlium
299 1716 408 1773 eontra
428 1710 604 1775 iohannem
625 1710 708 1779 Huss
728 1710 769 1773 ad
792 1711 894 1792 ipsum
915 1710 1039 1775 Petmm

120 1790 287 1857 itiusmodi
320 1794 485 1875 primatum
519 1794 714 1876 pertinuisse.
757 1792 828 1856 Non
857 1812 932 1877 ergo
954 1802 1039 1859 reete

120 1878 203 1941 utitor
223 1894 335 1941 satane
355 1874 531 1959 floripturas
552 1875 754 1956 testimoniis,
783 1876 840 1939 sed
867 1896 921 1941 eae
948 1878 1040 1940 alior-

120 1978 177 2023 sum
197 1960 295 2023 trahit
336 1978 372 2023 ro
393 1977 451 2023 suo
473 1959 615 2037 arbitrio,
650 1966 759 2022 eontra
786 1977 878 2040 quam
908 1957 1039 2022 Sanetus

120 2040 242 2125 dpiritus
275 1978 438 2125 etdagitet.
482 2041 572 2119 Quod
598 2044 681 2103 enim
719 2041 813 2105 hodie
845 2041 1040 2125 ponderabat
1075 2058 1083 2075 ⁰

120 2124 238 2189 Paolum
268 2126 402 2203 dixisse,
438 2125 512 2186 nihil
532 2126 647 2187 referre
669 2125 709 2186 ad
731 2144 817 2205 eum,
846 2126 953 2206 quales
973 2126 1037 2188 iue-

122 2210 181 2290 riut,
203 2229 267 2274 non
290 2209 351 2270 hoo
380 2208 463 2289 quod
484 2208 611 2270 volebat
639 2208 825 2269 reverendus
848 2210 958 2288 Pater,
981 2209 1036 2271 sed

122 2290 173 2354 hoo
193 2291 360 2375 signifieat,
382 2291 504 2352 Petrum
530 2292 724 2353 etJaoobum
747 2298 779 2352 et
800 2299 919 2354 eeteros
946 2293 1041 2354 fuisse

121 2374 224 2437 idiotas
256 2382 289 2437 et
319 2376 420 2437 minus
441 2376 575 2456 peritos,
609 2383 775 2454 antequam
804 2393 874 2435 oum
904 2376 1039 2438 Domino

122 2458 335 2537 ambulassent,
359 2465 390 2518 et
411 2459 455 2518 sio
476 2457 559 2518 Deus
582 2477 746 2537 personam
770 2477 832 2519 non
856 2460 976 2540 aooipit.

193 2540 257 2604 Sed
279 2542 407 2621 inquiet,
430 2548 462 2601 ut
483 2546 531 2601 est
552 2539 736 2601 eordaoulus
749 2538 795 2619 ²),
816 2541 878 2602 hoo
895 2549 942 2602 est
957 2559 1042 2603 eom·
1152 2608 1163 2635 ι

121 2632 249 2687 neutum
271 2624 449 2686 Eeeianum.
483 2623 581 2705 Legat
602 2623 799 2685 Ambrosium
823 2623 934 2685 eodem
959 2625 1041 2702 ioco,

122 2708 164 2785 qui
184 2708 371 2770 senteutiam
397 2707 483 2767 Pauli
511 2726 573 2767 non
605 2725 806 2787 corrumpens
834 2708 969 2788 ingenue
999 2714 1041 2767 te-

121 2796 224 2871 statur,
262 2789 427 2852 eeclesiam
456 2788 615 2849 fundatam
647 2809 740 2870 supro
767 2796 896 2870 petram.
939 2789 1042 2865 Quare
1149 2794 1153 2803 '

122 2873 170 2933 nisi
189 2872 328 2935 firmiora
350 2871 529 2950 adduxerit,
551 2892 650 2952 rogo,
673 2873 712 2940 eb
740 2873 879 2933 instituto
902 2872 1041 2934 desistat.

123 2952 200 3016 Unde
222 2955 334 3034 hodie,
364 2954 435 3014 dum
465 2955 613 3016 dixissem
642 2956 804 3017 articulum
826 2974 896 3016 esse
914 2956 1042 3016 Hussiti·

122 3054 196 3117 oum,
231 3038 440 3100 obedientiam
463 3039 707 3099 ecelesiasticam
740 3057 803 3098 non
826 3057 896 3099 esse
918 3056 1041 3119 expres-

122 3138 176 3181 sam
194 3122 362 3183 autoritate
393 3120 568 3201 Scripturas
590 3134 718 3199 sacrae,
756 3121 917 3202 respondit
945 3121 1041 3182 brevi-

122 3200 176 3284 bus,
197 3205 360 3266 articulum
372 3223 435 3263 non
458 3223 527 3264 esse
549 3204 745 3264 haereticum.
763 3204 887 3264 Mallem
904 3206 1041 3284 punctim

122 3302 201 3366 ogere
223 3307 294 3348 oum
316 3287 492 3348 reverendo
517 3287 625 3362 Patre,
648 3294 680 3347 et
701 3287 819 3347 dicere:
842 3287 904 3348 Iste
927 3295 975 3348 est
996 3308 1040 3348 nr-

123 3366 219 3431 tioulus
241 3370 423 3447 damnatus,
453 3377 485 3430 et
514 3371 583 3450 ipse
610 3377 697 3430 tenet
718 3389 806 3447 eum,
827 3371 936 3449 itaque
958 3377 1042 3431 tenet
1094 3377 1098 3386 '
1159 3372 1164 3387 ⁸

123 3453 275 3514 artioulum
298 3452 475 3513 damnatum
499 3460 530 3513 et
551 3452 756 3532 reprobatum.
860 3538 863 3545 Ι

126 3588 325 3600 ἱ---.-....--
352 3593 403 3599 --.-
411 3594 415 3598 -
426 3594 465 3599 ..-.
479 3594 520 3600 .--

154 3694 179 3765 1)
199 3698 227 3750 In
248 3697 290 3752 ed.
311 3701 401 3770 orig.:
420 3703 449 3754 in
469 3701 553 3771 quali.
592 3702 624 3773 2)
646 3703 760 3758 Loeseh.
775 3721 811 3759 ex
831 3701 892 3758 eod.
907 3704 970 3773 diso
985 3703 1044 3759 red·

125 3762 170 3823 dit:
188 3769 348 3826 audaculus.
926 3769 931 3781 '
