2346 4208
120 221 183 288 216
390 221 515 291 Epistola
535 222 565 275 ll.
585 221 663 275 llort.
681 220 761 274 Loth.

122 411 393 494 quid'decernitur.
435 410 501 471 Neo
525 411 644 488 mirum,
666 409 791 490 quaudo
809 409 897 470 Ecoii
928 409 1041 472 menda-

123 497 190 574 ciis,
213 494 467 574 simulationibus,
489 493 607 554 technis
620 495 724 554 omnia
742 493 859 576 ubique
882 500 972 555 erant
990 500 1043 554 tnr-

123 578 291 655 batissima,
314 578 585 655 exulceratissima,
608 578 832 656 confusissime,
847 582 890 653 ut,
916 595 1044 657 quocun·

124 681 184 743 que
206 662 386 722 inclinasset
416 662 589 742 sententia,
623 663 720 722 mains
753 667 838 722 esset
873 667 1044 722 exorturum

124 745 315 822 incendium,
338 745 467 825 gloriam
490 745 581 822 enirn,
605 763 669 805 non
680 745 843 805 veritatem
865 743 1046 823 quaerebat,

126 828 201 889 nihil
224 829 316 889 etiam
338 827 388 887 hic
411 829 509 905 omisi,
533 827 615 907 quod
639 847 658 888 a
679 847 729 888 me
750 826 816 888 fieri
839 834 1010 908 oporteret.

205 911 246 972 Et
266 911 385 989 fateor,
420 910 480 970 hac
502 912 668 971 occasione
700 929 762 971 non
796 930 906 991 parum
929 913 1047 972 venisse

125 994 164 1055 ad
187 995 286 1054 lucem
308 994 515 1054 Romanarum
544 994 802 1075 corruptelarum,
841 993 952 1055 sedin
982 1013 1047 1074 qua,

125 1079 150 1138 si
173 1077 245 1157 quid
267 1083 427 1157 peccatum
447 1084 502 1154 est,
524 1077 611 1138 Eooii
634 1077 725 1158 culpa
746 1083 802 1158 est,
826 1079 879 1156 qui
903 1071 984 1138 onus
1006 1097 1047 1138 su·

123 1179 179 1242 pra
201 1161 281 1221 vires
304 1161 484 1241 suscipiens.
507 1160 577 1220 dum
599 1161 728 1242 gloriam
742 1180 828 1220 suam
843 1160 962 1221 furiose
984 1179 1047 1241 cap

123 1247 178 1321 tat,
199 1243 400 1323 ignominiam
421 1244 592 1304 Romanam
620 1246 651 1304 in
673 1251 771 1305 totum
793 1243 902 1305 orbem
925 1243 1048 1306 revelat.

208 1327 266 1386 Hic
284 1333 331 1387 est
351 1327 404 1387 ille
427 1328 525 1389 hostis
548 1334 626 1406 tuus,
649 1329 690 1387 mi
713 1327 785 1404 Le0,
807 1345 861 1387 seu
886 1328 1048 1407 potiusno-

124 1409 190 1470 riae
215 1415 304 1487 tuae,
338 1410 426 1470 huius
449 1411 538 1471 unius
561 1411 705 1491 exemplo
728 1411 847 1471 discere
877 1428 1049 1488 possumus,

124 1512 188 1553 non
202 1512 270 1553 esse
286 1493 407 1554 hostem
422 1493 583 1554 adulatore
597 1495 819 1554 nocentiorem.
864 1492 948 1568 Quid
972 1495 1048 1554 enim

125 1595 181 1636 sua
203 1575 382 1636 adulatione
405 1577 576 1657 promovit,
601 1578 658 1636 nisi
681 1576 808 1654 malum,
844 1576 1049 1654 quodnullus

126 1678 231 1740 regum
255 1679 440 1740 promovere
460 1659 631 1741 potuisset?
659 1661 756 1721 foetet
777 1659 859 1720 enim
881 1659 979 1720 hodie
1002 1679 1049 1722 nc

125 1761 196 1802 men
218 1743 378 1803 Romanae
411 1744 512 1803 curiae
541 1743 572 1803 in
600 1743 692 1820 orbe,
730 1748 761 1802 et
783 1743 911 1822 languet
934 1743 1049 1823 papalis

127 1827 292 1903 autoritas,
314 1827 433 1887 famosa
454 1827 575 1886 inscitia
597 1826 679 1886 male
701 1825 800 1903 audit,
834 1845 967 1905 quorum
992 1826 1051 1886 nul

126 1909 187 1969 lum
211 1908 402 1987 audiremus,
430 1910 456 1968 si
478 1909 588 1969 Eccins
612 1909 714 1970 Caroli
736 1915 767 1969 et
789 1927 891 1984 meum
917 1909 957 1969 de
980 1928 1052 1990 pace

126 1992 288 2052 consilium
311 2010 373 2053 non
411 1992 580 2070 turbasset,
613 1992 644 2052 id
667 1991 751 2072 quod
772 2011 835 2053 non
873 1991 1010 2054 obscure
1028 1998 1054 2054 et

125 2076 194 2155 ipse
215 2076 324 2150 sentit,
354 2094 423 2135 sero
448 2075 853 2156 etfrust1·aindignatus·¹)
879 2074 1050 2138 libellorum

126 2177 263 2218 meorum
285 2157 463 2218 editionem.
506 2157 798 2232 Hoc‘debebattum
813 2160 964 2238 cogitare,
987 2176 1049 2219 curo

126 2247 208 2300 totus
229 2242 259 2300 in
282 2241 412 2321 gloriam
434 2242 511 2301 siout
533 2240 673 2301 hinniens
696 2242 871 2301 emissarius
893 2243 1050 2318 insaniret,

125 2343 226 2403 neque
248 2324 307 2383 alia
325 2343 414 2403 qnam
433 2344 488 2384 sua
509 2326 539 2384 in
561 2330 601 2404 te,
625 2334 677 2385 tuo
700 2331 802 2384 tamen
816 2326 955 2385 maximo
980 2326 1050 2406 peri·

126 2405 196 2466 culo
219 2408 386 2486 quaereret.
431 2407 582 2487 Sperabat
599 2408 693 2469 homo
715 2408 898 2468 vanissimus
923 2428 975 2468 me
997 2409 1050 2469 for·

126 2490 240 2550 midine
262 2491 394 2551 nominis
417 2493 460 2550 tui
482 2510 637 2559 cessurum
661 2497 692 2550 et
714 2492 873 2550 taciturum
900 2495 994 2568 (narn
1016 2490 1051 2551 da

124 2574 250 2653 ingenio
282 2579 314 2634 et
335 2573 506 2634 eruditione
538 2593 600 2634 non
635 2574 727 2634 oredo
761 2573 843 2653 quod
875 2592 1050 2654 praesump

126 2657 236 2735 serit),
260 2675 342 2716 nuno
363 2675 430 2716 oum
453 2657 548 2717 nimio
572 2677 620 2717 me
644 2656 800 2718 confidere
823 2665 854 2716 et
874 2676 992 2718 souare
1013 2659 1050 2718 vi·

128 2739 208 2818 deat,
231 2759 299 2800 sera
312 2741 503 2819 poenitentia
523 2741 701 2801 temeritatis
725 2759 798 2800 suae
819 2739 969 2820 intelligit
987 2759 1051 2802 esse

128 2824 160 2882 in
182 2823 282 2901 coelo,
306 2823 357 2901 qui
380 2824 518 2901 superbis
539 2824 671 2900 resistat,
695 2830 726 2884 et
746 2830 983 2903 praesumentes
1003 2823 1050 2884 hu·

133 2905 238 2980 miliat,
261 2907 286 2965 si
308 2911 410 2967 tamen
433 2907 585 2987 intelligit.

166 2988 249 3048 Nihil
272 2990 376 3066 itaque
396 2990 455 3049 hac
470 2989 676 3069 disputatione
695 2987 952 3069 promoventibus
964 2988 1050 3052 nobis

127 3071 184 3130 nisi
210 3073 356 3132 maiorem
392 3073 604 3133 confusionem
628 3073 788 3133 Romanae
822 3090 951 3151 causae,
992 3073 1049 3133 iam

126 3154 215 3215 tertio
240 3154 368 3215 Carolus
389 3154 526 3214 Miltitins
557 3162 659 3235 patres
683 3155 798 3216 ordinis
821 3154 958 3235 capitulo
983 3174 1051 3217 con·

124 3244 270 3317 gregatos
293 3238 366 3311 adit,
389 3239 551 3298 consilium
574 3241 651 3318 petit
672 3238 909 3318 componendae
930 3256 1049 3315 musae

126 3338 206 3399 quse
227 3321 288 3379 iarn
311 3319 568 3383 disturbatissima
607 3329 638 3382 et
671 3321 935 3400 periculosissima
959 3326 1049 3382 esset

125 3403 284 3463 Mittuntur
316 3404 388 3463 binc
418 3403 546 3484 adme,
585 3423 653 3465 curn
687 3404 800 3465 viribus
823 3406 851 3463 in
890 3423 941 3466 me
967 3405 1050 3482 (Deo

125 3483 278 3566 propitio)
304 3505 365 3547 non
395 3489 434 3547 sit
456 3506 526 3568 spes
562 3487 740 3569 grassandi,
773 3487 892 3567 aliquot
925 3486 1049 3550 celebri·

126 3588 195 3637 ores
233 3589 272 3629 ex
306 3569 381 3646 illia,
419 3572 470 3650 qui
505 3578 629 3651 petunt,
670 3583 703 3632 ut
742 3572 850 3632 saltem
890 3570 925 3634 T.
961 3571 998 3632 B.
1015 3567 1047 3643 ²)

199 3671 228 3741 1)
248 3671 279 3726 In
299 3673 341 3726 ed.
362 3673 491 3729 1521hic
511 3672 633 3729 additum
653 3678 709 3728 est:
729 3676 764 3726 in.
803 3673 836 3741 2)
856 3672 888 3726 In
908 3672 951 3727 ed.
977 3671 1050 3729 1521:

124 3741 200 3798 Tuas
218 3744 408 3799 Beatitudinia.
