2346 4208
346 252 428 309 llll.
444 250 485 311 do·
500 257 636 325 mturare
656 252 755 323 Papae.
954 248 1016 317 3¹21

113 442 264 513 tim
296 456 357 503 noa
386 438 519 501 ludibrio
553 456 756 521 exponamus.
799 440 907 521 Neque
933 442 1015 503 euim

112 538 164 607 ῃ
176 520 373 601 titia-santio,
395 523 618 605 qisiRomanos
635 521 798 603 pontifices
810 542 873 585 oon
895 542 1015 585 erraasa

112 610 217 701 ptri,
248 612 296 667 at·
312 606 400 689 'apud
421 626 478 669 eos
507 606 594 667 soloa
624 626 693 668 esse
714 626 818 667 veram
841 606 1016 688 Soripturae

111 686 348 771 mantiam,
371 708 442 753 oum
462 690 559 771 longe
581 690 767 752 eontrarium
788 690 839 751 lrio
860 701 891 751 et
913 691 1017 751 multia

112 768 433 845 fiuloaiaavidaatur.
473 770 623 835 Homines
644 773 783 852 fuerunt,
811 775 891 834 siout
912 781 944 835 et
966 790 1016 834 oe·

112 852 167 925 ΙἹ
209 854 217 869 “
278 855 321 937 pi.
628 878 635 889 ·

133 954 161 995 m
202 956 289 1019 aqna
306 958 385 1001 arua
405 938 524 1021 mande
536 938 715 1001 miraculum
740 947 796 1017 eat,
818 946 944 1001 sanatos
957 939 1016 1000 hos

111 1018 258 1101 mfflw
280 1020 615 1085 humana-infirmitate
637 1022 695 1083 sibi
717 1022 884 1084 ambivisse
905 1022 1016 1103 prima·
1080 1090 1084 1101 ¹

112 1110 171 1185 DJ
186 1102 370 1185 qundo-at
389 1106 449 1187 ipsi
471 1106 607 1186 apostoli
630 1113 794 1186 praesente
807 1106 929 1167 Oluristo
952 1124 1016 1167 non

112 1184 193 1257 adnm
212 1188 428 1269 ambivamnt,
460 1188 517 1252 aed
549 1190 643 1250 etiam
671 1208 734 1249 non
763 1189 860 1251 semel
881 1191 961 1250 iuter
982 1207 1018 1249 se

113 1270 339 1353 Udorum,
371 1274 440 1355 quia
472 1290 578 1333 aarum
603 1271 759 1333 videretur
780 1274 887 1336 maior.
931 1272 1017 1333 Siout
1132 1270 1138 1277 '

113 1352 325 1435 moturus
343 1354 478 1437 benigne
499 1355 570 1417 tulit
590 1373 696 1417 eorum
715 1356 948 1432 humanitatem,
972 1358 1016 1417 ita
1051 1360 1064 1382 ”

113 1436 416 1499 mantuanorum
445 1437 624 1519 pontifloum
659 1439 840 1501 ambitionis
871 1439 1017 1521 reliquias

113 1514 234 1583 utar
258 1519 351 1583 diruit
371 1528 404 1583 at
419 1520 553 1583 Deoreta
574 1521 728 1585 eiusmodi
749 1520 822 1583 ideo
844 1540 909 1583 oon
931 1522 1016 1602 peni·

115 1604 285 1679 Uniioit...
321 1604 381 1666 lllis
403 1622 497 1687 porro
520 1611 552 1666 et
573 1606 714 1666 manibus
736 1612 768 1666 et
789 1605 920 1685 pedibus
941 1606 1015 1665 resi-

114 1684 236 1749 fflum
258 1693 324 1767 eat,
364 1690 416 1769 qui
444 1706 508 1750 non
538 1690 694 1762 eontenti,
728 1688 811 1769 quod
840 1686 1014 1749 huiuamodi

114 1762 228 1831 heta
247 1768 405 1833 humiliter
423 1771 566 1847 tammus,
589 1770 642 1833 sed
665 1790 703 1834 eo
717 1773 882 1850 insaniunt,
904 1778 937 1831 ut
951 1780 1016 1831 ten-

115 1864 188 1929 tum
207 1854 336 1915 non-sit
355 1854 435 1916 alius
455 1856 487 1915 in
507 1854 573 1917 Seri
595 1862 663 1916 tura
684 1873 802 1936 sensus,
826 1874 863 1914 aa
885 1873 941 1937 pro
964 1873 1017 1916 ne-

116 1936 235 1999 untia
256 1937 395 1999 artioulia
427 1936 501 2000 fldei
534 1875 625 1999 nolis
661 1939 798 2017 aanoire,
833 1947 864 1998 et
892 1957 1015 1998 omnem

116 2014 187 2081 'lu
207 2020 533 2083 aausumlraaratiaum
557 2022 749 2101 proclamare
765 2021 890 2098 audent,
912 2021 1017 2083 omnia

117 2098 165 2163 tia
175 2103 237 2165 allo
247 2103 365 2165 iudioio
377 2104 527 2185 legentes.
571 2102 640 2178 Qua
652 2106 826 2165 temeritate
839 2104 1015 2165 necessario

117 2183 219 2247 tudem
240 2184 285 2265 fit,
307 2193 341 2246 nt
362 2187 533 2269 legitimum
551 2186 662 2248 Christi
682 2207 806 2248 sensum
829 2189 1015 2265 amittamus,

118 2269 179 2328 etin
198 2269 365 2331 humanum
388 2270 544 2333 arbitrium
566 2278 597 2332 et
619 2290 743 2332 arenam
767 2269 972 2333 aedilioemur.

181 2351 212 2414 Si
234 2354 317 2415 enim
339 2372 444 2415 verum
468 2361 564 2432 asset,
588 2354 670 2434 quod
693 2355 743 2415 hia
764 2355 826 2415 Leo
850 2357 908 2414 iste
931 2353 1016 2431 dioit,

119 2436 291 2516 tunquam
328 2436 433 2498 divino
463 2445 631 2518 praecepto
662 2441 726 2498 eius
748 2437 849 2499 verbis
873 2437 1017 2498 obedien-

119 2510 171 2578 dam
189 2528 287 2593 assat,
311 2521 374 2581 iam
395 2528 461 2582 tota
474 2521 633 2582 orientalis
655 2523 788 2582 ecelesia
809 2521 847 2582 ab
868 2523 954 2581 initio
970 2523 1015 2580 sui

118 2614 192 2681 ttqoe
210 2603 250 2664 ad
272 2602 366 2664 finem
389 2605 497 2665 luisset
519 2625 626 2665 exsors
651 2605 744 2666 divini
767 2606 913 2684 mysterii,
946 2606 1017 2683 quia

118 2685 247 2767 nmquam
269 2687 326 2749 sub
347 2688 480 2750 Roman.
501 2691 652 2750 ecelesiae
675 2697 829 2769 potestate
849 2687 914 2751 fuit.
956 2687 1016 2748 To-

119 2765 237 2833 unlus
257 2772 364 2851 itaque
386 2790 471 2832 error
491 2772 580 2832 huius
593 2773 715 2848 Leonis,
738 2793 800 2834 non
824 2781 926 2832 autem
948 2791 1017 2852 pro·

118 2858 168 2929 piar
184 2874 252 2916 euin
275 2854 354 2915 alius
377 2861 409 2914 et
430 2857 530 2916 verior
552 2875 660 2916 sensus
682 2856 910 2936 relinquendus.

181 2937 340 2999 Secundus
363 2938 485 3000 estLeo
508 2940 560 3000 IV.
584 2940 716 3002 distinet.
739 2944 786 3006 20.
812 2959 836 3000 o.
860 2940 907 2999 De
929 2937 1016 2998 libel-

118 3013 289 3097 lltdioana:
313 3020 412 3096 Quam
435 3021 476 3083 ob
499 3042 623 3083 eausam
645 3025 828 3085 luculentius
851 3030 882 3083 et
904 3040 1017 3102 magna

118 3106 399 3185 tooeproouooiare
429 3125 492 3166 non
520 3109 629 3167 timeo:
668 3109 740 3186 quia
762 3109 812 3188 qui
842 3107 895 3166 illa
919 3108 1017 3184 (quae

118 3178 247 3272 diximus)
271 3195 447 3267 sanatorum
461 3189 582 3250 Patrum
607 3198 729 3268 statuta,
753 3210 832 3271 quae
855 3189 935 3270 apud
959 3207 1016 3247 nos

118 3260 256 3332 &nonum
280 3273 406 3332 nomina
424 3274 668 3353 praetitulantur,
694 3276 759 3334 aive
782 3276 821 3334 sit
843 3275 1017 3354 episeopus,

118 3348 330 3434 amalaricus,
353 3356 419 3414 sive
438 3355 545 3436 laicus,
568 3377 629 3418 non
651 3357 860 3418 indifferenter
880 3357 1018 3435 recipere

118 3438 298 3517 mavinoitnr,
320 3457 379 3498 noo
400 3441 595 3518 oatholioam,
617 3463 675 3502 neo
693 3441 895 3521 apostolieum
915 3439 1017 3514 fidem,

117 3535 160 3583 tao
175 3534 305 3611 quatuor
328 3528 490 3606 evangelia
512 3528 625 3587 utiliter
647 3535 677 3587 et
698 3525 884 3600 efficaciter,
916 3524 954 3585 ad
978 3523 1019 3583 ef·

117 3599 206 3674 tatum
228 3629 317 3673 auum
339 3611 481 3689 retinere,
503 3611 553 3671 vel
576 3611 700 3670 eredere
723 3608 878 3689 probatur.

179 3697 259 3758 Vere
282 3695 373 3754 nimis
395 3696 471 3756 nihil
492 3695 595 3771 times,
628 3695 669 3752 mi
691 3693 772 3770 Leo,
804 3692 1018 3771 pronunciare,

117 3774 212 3841 wana
244 3779 379 3841 humana
401 3784 515 3840 statuta
542 3776 711 3858 evangeliis
733 3792 881 3854 aequare,
916 3781 947 3834 et
968 3791 1019 3833 au·

134 3892 211 3940 suom
224 3909 277 3950 opp.
292 3899 320 3941 v.
333 3897 360 3937 s.
375 3897 404 3936 aa
417 3897 457 3936 aaa
472 3897 522 3935 nur.
538 3895 554 3935 r.
567 3906 589 3945 ρ,
607 3896 654 3937 vor.
669 3895 710 3936 111.
835 3872 876 3941 ‘tl
