2346 4208
166 250 208 320 58
349 258 501 328 Disputatio
519 259 629 328 Lipsiae
644 259 737 312 hstiis
755 273 781 314 u.
804 259 866 313 xlx

165 460 271 504 varum
291 441 371 505 inter
391 463 427 504 se
447 445 557 505 mento
579 444 671 504 Petro
707 445 836 524 primum
865 445 968 506 losum
981 443 1083 506 dede·

165 533 244 588 runt.
276 527 492 607 Unusquisque
525 528 605 588 enisu
628 528 834 609 apostolorprn
856 530 889 589 in
910 548 967 588 sus
988 534 1082 608 sorte,

166 612 296 671 et'siout
307 612 517 690 unusquisque
528 612 693 690 episeopus
707 614 737 670 in
749 614 806 672 s'ua
815 612 955 676 Dioaoesi
970 630 1082 691 aeque

164 693 224 754 iem
248 693 344 755 hebet
361 693 520 755 honorem.
867 728 869 737 =
910 718 913 727 ·
1004 726 1029 739 ·-

247 776 336 852 Quod
358 776 539 857 exprobrat,
566 795 616 835 ine
642 775 717 839 nihii
738 776 936 856 respondisse
959 775 998 837 ad
1023 777 1081 857 cy»

163 861 311 940 prienam,
334 861 470 940 quaesivi
493 857 674 940 Epistulam,
697 868 728 920 et
742 879 805 921 non
824 861 937 921 inveni.
957 859 1077 920 Tamen

162 944 237 1005 sotis
257 944 439 1023 responsum
462 949 509 1004 est
530 960 569 1003 ex
580 943 845 1022 praecedentibus,
867 941 1081 1024 quodprriu-

162 1042 219 1087 nors
242 1027 373 1088 ouilibet
387 1026 537 1088 saulesiae
560 1025 665 1087 tribuit
689 1045 777 1086 suum
807 1032 904 1106 eaput*
925 1045 982 1106 per
1003 1026 1080 1086 mul·

159 1115 208 1171 tas
230 1110 387 1190 epistulae
421 1109 534 1190 Idi-qui
554 1109 678 1169 tranunt
698 1129 738 1170 ex
758 1109 904 1170 Numidia
923 1120 1080 1189 uon'ipro·

160 1192 237 1265 hant
255 1195 302 1253 ius
325 1192 462 1254 divinum
485 1211 564 1270 esse,
586 1191 641 1251 sed
663 1191 776 1253 mmm
797 1191 972 1256 ostendunt
994 1190 1082 1253 Siout

137 1277 199 1357 ⁸in
213 1276 304 1336 simili
326 1276 473 1337 Antistius
496 1275 535 1336 de
556 1276 638 1336 teoto
661 1276 818 1336 consumit
835 1275 968 1340 Folioem
989 1274 1079 1338 Rom.

160 1353 358 1435 Pontificem,
385 1358 469 1439 qaod
491 1354 606 1419 dioturn
628 1359 771 1419 estheri.
790 1358 864 1418 >Ima
886 1357 1078 1437 Epiphanius

159 1444 324 1524 episeopus
348 1442 442 1524 (typri
464 1441 607 1522 deposuit
629 1444 779 1503 morsus
799 1443 979 1522 episcopum
995 1440 1079 1501 (ton

157 1526 474 1607 stantinopolitannm,
496 1526 613 1586 soilioet
626 1524 967 1605 Johenohrysoston„
981 1530 1015 1583 ut
1031 1529 1080 1584 ast

157 1610 189 1668 in
211 1610 315 1689 tripar.
335 1609 443 1670 histor.
474 1606 546 1672 Non
574 1615 677 1670 tamen
705 1627 744 1668 en
772 1607 854 1668 faeta
880 1608 940 1667 isto
963 1606 1078 1666 tentum

157 1697 206 1752 est
225 1693 284 1770 ins,
306 1697 337 1752 et
358 1690 538 1751 multe'alia
559 1693 712 1772 exempla.
751 1734 754 1739 -

241 1774 320 1835 Satis
344 1775 445 1852 miror,
467 1774 503 1834 1).
526 1774 563 1834 D.
584 1776 754 1836 instituisse
775 1772 907 1852 probare
916 1773 977 1847 jus
998 1771 1079 1832 divi·

158 1874 254 1937 num,
284 1864 315 1918 et
336 1874 440 1936 usque
470 1856 563 1918 hodie
590 1874 630 1918 ue
656 1874 748 1918 unum
776 1855 899 1936 quidum
924 1853 1077 1936 syllabam

158 1939 333 2022 &sripturae
353 1939 479 2016 induoit‚
502 1939 557 1999 sed
579 1947 697 2002 tanturn
718 1939 801 2000 diota
821 1938 946 1999 etfeeta
953 1937 1076 1998 Petrum

159 2023 333 2102 eademqne
352 2021 409 2083 sibi
431 2022 489 2102 ipsi
512 2020 726 2104 repugnantis.
970 2066 973 2075 ·

242 2105 332 2181 Quod
372 2104 510 2168 Graecos
548 2107 621 2167 olim
650 2108 761 2169 fatetur
800 2103 1077 2165 christianissimas

118 2174 259 2264 *finisse
281 2195 391 2269 postea
411 2188 591 2270 recedentes
614 2190 652 2251 ab
676 2188 852 2252 obedient-iu
867 2187 954 2248 Rom.
979 2186 1078 2248 ecele-

157 2272 222 2332 siae
243 2271 336 2333 fidem
360 2290 432 2337 eum
450 2272 580 2351 imperio
600 2272 787 2352 perdidisse,
808 2262 893 2330 idem
914 2275 970 2346 est,
993 2267 1077 2348 quod

100 2425 103 2434 ,
155 2354 222 2415 heri
249 2354 327 2416 dixit
351 2354 461 2419 eadem
491 2358 654 2423 autoritate
686 2355 837 2432 Etouissa,
870 2351 1078 2432 praevaluisse

154 2436 303 2499 adversus
326 2456 382 2501 eos
404 2446 508 2518 portus
529 2438 633 2518 inseri,
662 2440 707 2501 sie
736 2443 870 2499 naeuus
894 2434 1075 2514 Soripturas,

156 2527 190 2580 ut
214 2520 368 2601 intelliget
400 2542 454 2601 per
471 2523 728 2600 praevalentium
749 2519 914 2591 interorum
938 2524 1078 2579 terrenae

154 2603 238 2664 vitae
258 2604 309 2664 vel
329 2622 429 2665 rerum
443 2605 652 2670 amissionem.
673 2603 847 2666 Bellissima
863 2600 970 2698 giossa
983 2609 1077 2698 perte,
1109 2605 1113 2614 '

155 2695 486 2848 arcessitu?
503 2686 1077 2850 tturuuuuutuuas

157 2853 215 2929 eia„
238 2854 310 2932 quia
329 2853 446 2915 nullum
468 2855 639 2935 imperium.
661 2852 781 2914 Eadem
795 2852 916 2913 ratione
929 2849 1022 2930 dioet,
1046 2855 1077 2910 et

156 2942 306 3016 martyres
327 2934 366 2997 ab
388 2938 491 2998 inferis
514 2957 584 2999 esse
607 2942 779 3017 superatos.

154 3058 157 3067 ·
237 3018 412 3098 Exprobrat
433 3022 527 3082 eiiam
546 3020 673 3097 diesne,
701 3017 784 3098 quod
807 3036 846 3079 ax
868 3013 1077 3095 respondente

135 3101 253 3162 'foetus
276 3121 343 3162 sum
366 3122 547 3185 opponens,
580 3110 684 3184 gratus
712 3101 831 3180 aeeipio
861 3099 1075 3177 monitionem,

155 3191 188 3245 st
222 3186 283 3245 hoo
306 3185 378 3247 ideo
405 3188 545 3265 tenerior,
576 3193 609 3247 ut
637 3193 758 3265 tempus
791 3181 935 3243 haberem
962 3180 1077 3243 delibe-

155 3267 250 3328 randi.
293 3267 364 3329 Non
385 3278 456 3331 sunt
477 3276 563 3330 tanta
584 3268 722 3334 Fleeisne
739 3267 867 3330 firlmina
890 3264 943 3346 (ut
964 3270 996 3325 et
1015 3284 1076 3346 ego

79 3360 81 3366 '
155 3351 227 3430 qnid
251 3350 397 3431 glorier)⁷
419 3360 450 3413 ut
472 3353 648 3413 neeessaria
669 3352 708 3412 sit
729 3349 803 3411 mihi
825 3347 1019 3410 deliberatio.

237 3434 316 3494 illud
333 3437 458 3511 etium7
493 3434 576 3515 quod
597 3433 767 3496 Biehardus
795 3431 984 3493 Amareanus
1013 3449 1077 3492 non

147 3537 224 3598 „sua‚
246 3517 301 3578 sed
323 3517 436 3579 Leonis
457 3519 624 3581 sutentate
645 3517 774 3580 verbum-
793 3515 908 3579 curisti
928 3519 1078 3576 asenne-

154 3601 202 3678 rit‚
224 3620 332 3680 parum
354 3607 466 3661 movet.
491 3601 643 3663 Ostendat
662 3603 729 3683 ipse
751 3619 791 3660 ex
810 3600 880 3678 ipso
897 3603 994 3674 textu,
1016 3597 1077 3659 hoe

155 3690 212 3763 est,
235 3685 300 3744 iure
322 3682 425 3748 divino
448 3686 655 3766 propositum,
684 3691 716 3746 et
736 3701 790 3744 ero
808 3686 981 3742 contentus.

227 3765 276 3826 Ad
298 3764 447 3848 ultimum,
469 3769 520 3831 ubi
532 3770 578 3830 sia
591 3769 803 3831 radoeinatnr:
819 3761 1014 3828 confirmans
1029 3770 1078 3826 est
