2346 4208
62 289 74 309 .
180 247 245 311 lot
455 248 852 314 vles-doma
932 289 940 297 .

184 432 323 492 stum
351 436 556 493 mannen
578 433 770 493 Hierusdem
791 432 937 494 deum
957 433 1031 492 lna
1056 436 1104 504 lt,

183 514 269 593 quod
301 515 409 574 hostes
442 516 773 576 esmeireumdabunt
806 516 905 584 vallo,
938 516 1105 578 nullibi

183 599 285 657 exitus
307 608 429 676 patent,
452 607 494 659 ea'
511 613 560 658 est
580 619 674 659 mors.
715 599 878 661 Sewudo.
913 599 998 678 quod
1018 598 1104 658 udi-

183 701 244 760 que
265 683 513 760 coangustabunt
533 702 603 740 eam
625 694 657 740 et
678 696 835 760 prement.
867 685 912 741 ita
933 695 966 740 ut
987 681 1105 740 nullm

183 781 474 926 wetti?
483 763 1105 927 t'qthdtrjdffiffifflt

184 932 348 1010 pissuper
367 930 519 1009 lapidem:
547 933 574 989 is
602 946 651 990 est
680 932 816 991 infernus
842 929 1106 991 manendo-

184 1022 391 1154 Ἢεωῡ
419 1104 523 1155 autem
556 1108 618 1155 turn
647 1097 824 1155 tentabatur
847 1096 1003 1172 Christus,
1035 1115 1106 1155 oum

184 1177 458 1257 disereutludaei:v
480 1182 511 1238 ln
526 1179 625 1238 Deum
647 1190 760 1258 speret
782 1179 952 1257 videamus,
972 1199 1013 1238 au
1035 1199 1105 1239 euru

183 1262 225 1321 sit
244 1261 434 1321 liberamrus.
480 1263 562 1320 Dieit
587 1281 622 1320 se
650 1282 720 1320 esse
746 1261 843 1320 filium
865 1262 932 1330 Dei
974 1261 1107 1322 Perinde

183 1351 277 1422 atque
298 1346 324 1403 si
346 1346 391 1403 sie
403 1344 555 1404 dioerent:
579 1345 698 1424 Dignus
717 1356 764 1403 est
779 1345 909 1409 inferno,
928 1345 1014 1404 Dens
1035 1365 1105 1404 eum

183 1446 249 1487 non
279 1427 534 1506 praedestinavit,
567 1428 680 1487 abiecit
714 1448 802 1495 enm,
828 1428 905 1486 nihil
931 1430 971 1488 ei·
991 1428 1107 1511 podest

183 1508 280 1588 fides,
305 1529 397 1588 quam
420 1511 528 1587 habet,
561 1511 637 1569 nillil
659 1531 748 1591 spes,
778 1530 869 1589 quam
891 1510 1105 1603 senff-vet

184 1594 310 1670 irritem,
332 1596 437 1654 omnia
458 1602 530 1653 sunt
550 1594 669 1654 frustra
983 1594 990 1611 “’
1019 1596 1027 1615 τ

268 1676 380 1748 Porro,
412 1676 670 1755 quemadmodum
692 1677 848 1736 Clrristum
869 1677 911 1736 ad
931 1677 990 1736 hos
1012 1676 1106 1736 insul-

184 1766 233 1818 tus
254 1759 390 1819 &tanae
411 1769 514 1819 taeere
536 1759 690 1831 videmus,
724 1762 766 1818 ita
788 1779 848 1818 uos
868 1778 992 1838 quoqne
1011 1760 1106 1819 faeia-

185 1861 263 1917 mus,
284 1862 348 1902 non
370 1842 553 1902 colluctatur
574 1862 642 1900 eum
665 1843 712 1901 his
734 1841 893 1922 hostibus,
915 1842 1046 1922 negligit
1074 1853 1107 1902 et

185 1926 356 1985 contemnit
383 1945 453 2002 eos,
488 1925 616 2004 perinde
642 1936 736 2004 atque
765 1927 791 1984 si
818 1945 875 1985 eos
903 1944 962 1985 neo
988 1925 1107 1985 videret

185 2027 286 2087 neque
306 2007 435 2068 audiret
472 2007 512 2066 Et
533 2028 609 2068 sane
630 2008 703 2086 quid
724 2008 889 2087 profuisset
909 2010 1106 2087 quantumvis

185 2094 264 2152 soris
286 2091 480 2167 oolluotatio,
513 2093 611 2171 magis
641 2111 697 2151 eos
724 2093 890 2168 irritasset,
923 2110 962 2150 ae
981 2093 1106 2171 gravius

186 2176 219 2233 in
239 2193 274 2233 se
295 2176 516 2234 commovisset
536 2194 601 2236 eos.
648 2174 715 2233 Hoo
737 2175 833 2234 multo
856 2175 1026 2233 eonsultius
1048 2184 1106 2247 est

186 2258 269 2336 qnod
291 2258 323 2314 in
345 2256 535 2315 voluntatem
557 2258 654 2316 Patris
680 2259 728 2316 sui
749 2259 890 2336 respicit,
919 2257 1002 2336 quod
1027 2276 1105 2317 mor-

186 2347 259 2416 tem,
280 2349 410 2418 peceato
432 2360 502 2417 sua,
535 2360 572 2399 ao
593 2342 743 2400 infernum
766 2360 890 2420 prorsus
908 2339 1052 2420 negligit,
1075 2352 1106 2400 et

186 2422 429 2501 oruoiligentium
452 2443 500 2501 se,
537 2427 600 2483 imo
634 2425 768 2484 omnium
797 2435 934 2483 nostrum
965 2430 1107 2498 mortem,

187 2517 325 2586 pennata,
347 2514 378 2566 et
399 2507 550 2566 infernum
572 2506 762 2585 depreeatur.

269 2588 326 2648 Est
359 2599 462 2649 autem
497 2591 588 2650 nobis
619 2590 679 2649 hoo
708 2590 821 2650 Christi
856 2589 1031 2667 exemplum
1065 2588 1106 2649 ad

187 2672 388 2733 imitationem
423 2675 636 2752 propositum,
666 2686 698 2732 ut
731 2672 806 2732 nihil
841 2691 1021 2732 moveamur
1052 2671 1106 2731 illa

187 2756 310 2835 mortis,
342 2757 464 2836 peceati
485 2765 516 2815 et
537 2756 647 2816 inferni
668 2757 761 2834 faeie,
789 2755 845 2815 sed
866 2755 975 2815 saltem
997 2756 1028 2814 in
1048 2755 1105 2814 Dei

188 2839 378 2899 voluntatem
407 2840 616 2918 respiciamus.
659 2839 707 2898 Eu
733 2841 815 2898 enim
842 2848 890 2898 est
917 2837 1046 2898 haerere
1073 2840 1105 2899 iu

188 2920 326 3000 Christo,
361 2930 392 2982 et
418 2931 596 2983 constanter
623 2922 765 2998 credere,
799 2931 936 2981 nostram
964 2930 1106 2996 mortem,

187 3013 316 3085 pensata
344 3015 375 3065 et
403 3006 553 3065 infernum
583 3025 638 3086 per
658 3008 757 3085 ipsum
780 3004 916 3082 devicta,
947 3005 1023 3064 nihil
1043 3023 1105 3064 am·

187 3088 267 3169 plius
288 3088 377 3150 nobis
399 3107 513 3149 nocere
535 3108 636 3168 posse.
681 3087 730 3148 Ad
758 3089 840 3174 huno¹
861 3088 987 3148 modum
1009 3087 1105 3146 solius

188 3171 300 3232 Christi
316 3174 436 3252 'imago
464 3174 576 3233 nostris
608 3173 759 3233 mentibus
789 3174 941 3250 impresse
963 3189 1033 3230 esse
1054 3169 1106 3229 de·

189 3255 256 3334 bet,
283 3275 352 3315 eam
374 3257 531 3316 obversari
559 3276 681 3335 semper
708 3257 801 3314 animi
830 3254 928 3315 oeulis
950 3254 1107 3327 convenit,

189 3345 222 3398 ut
244 3358 312 3399 oum
334 3338 388 3399 illo
411 3340 478 3400 solo
503 3340 694 3419 disputemus
716 3347 747 3398 et
770 3358 907 3418 egemus,
928 3337 982 3397 illa
1004 3344 1105 3396 nutem

189 3421 324 3505 Satsope
361 3441 441 3481 vana
468 3424 715 3484 terriculamenta
753 3421 841 3482 firme
877 3419 938 3480 lide
971 3427 1107 3480 oontem-

188 3529 306 3571 nemus.

272 3593 387 3668 Quinto
410 3592 545 3671 decimo,
567 3593 628 3650 ism
653 3587 818 3648 commode
839 3585 974 3647 redimus
997 3586 1037 3646 ad
1058 3605 1108 3646 sa-

189 3684 362 3754 eramenta,
385 3684 416 3734 et
437 3675 476 3735 ud
498 3695 605 3736 eorum
627 3673 705 3753 vim,
728 3689 821 3750 quum
842 3668 972 3746 habent,
994 3677 1027 3728 ut
1047 3667 1107 3729 dis-

187 3777 311 3838 eamus,
334 3761 401 3838 quis
423 3778 529 3820 eorum
551 3760 592 3820 sit
613 3775 699 3835 mus,
722 3751 846 3833 etquid
867 3753 986 3833 prosint
1007 3751 1107 3814 uobis.
