2346 4208
123 254 185 321 184
400 252 788 312 Condemnatio-doctrinalis

121 443 177 521 tis,
200 461 256 522 per
276 442 507 524 propositiones
535 443 565 502 in
589 441 721 503 sanctos
748 448 779 502 et
807 443 840 502 iu
863 441 1044 504 Sanctorum

122 526 231 586 merita
258 526 368 604 impias
391 532 423 586 et
458 525 654 605 blasphemas
677 525 878 606 pertinaciter
898 525 1052 588 annullet:

205 629 294 690 Circa
321 649 440 711 poenas
470 632 639 712 purgatorii
668 638 700 691 et
730 637 843 691 statum
875 633 1046 691 animarum

120 719 194 793 post
221 713 301 773 bauo
328 716 438 791 vitam,
472 733 511 774 ex
541 716 628 774 vanis
655 715 794 792 motivis,
822 713 1046 775 abominabiles

121 815 240 856 errores
262 796 450 879 disseminet,
473 805 581 877 utpote
601 797 684 876 quod
706 799 736 857 iu
756 799 939 878 purgatorio
967 798 1048 858 nulla

1 927 6 945 ,
121 881 224 940 anima
246 880 402 960 quidpiam
425 900 480 960 pro
505 880 682 941 mortalibus
705 882 855 960 patiatur,
889 881 946 942 sed
976 881 1047 941 dun·

120 970 209 1023 trrxat
228 983 284 1044 pro
308 963 479 1024 venialibus
501 965 635 1044 patiatur
655 966 799 1044 peccatis,

204 1066 294 1143 Quod
316 1069 439 1130 animae
461 1071 491 1128 iu
506 1070 685 1150 purgatorio
698 1069 795 1130 Deum
819 1056 933 1131 vitiose
948 1070 1047 1151 culpa

124 1151 284 1230 biliterque
307 1151 450 1233 diligant,
480 1172 517 1213 ao
546 1153 612 1212 sine
634 1153 863 1213 intermissione
891 1151 958 1212 illic
980 1171 1048 1234 peo

120 1241 200 1310 cent,
222 1241 253 1294 et
266 1253 345 1313 quae
364 1255 419 1295 sua
433 1243 503 1296 sunt
518 1241 700 1315 quaerentes
720 1236 800 1316 plus,
812 1254 905 1314 quam
922 1235 1046 1297 divinae

119 1317 287 1378 voluntatis
309 1318 535 1398 impletionem,
565 1319 648 1398 quod
677 1323 728 1394 (ut
760 1321 827 1398 ipse
857 1317 977 1402 iuquit)
1004 1325 1049 1380 est

45 1480 48 1485 ,
121 1407 231 1461 contra
253 1402 421 1478 caritatem,
444 1401 527 1481 quod
541 1403 654 1463 mortui
676 1403 812 1462 ferenou
833 1403 936 1462 minus
957 1421 1047 1482 quam

122 1485 185 1546 vivi
206 1487 237 1543 iu
260 1490 340 1545 statu
363 1487 424 1546 sint
447 1484 583 1546 merendi
606 1486 700 1546 vitam
723 1491 892 1546 aeternam.

79 1624 93 1632 -
205 1584 281 1644 Item
307 1594 416 1647 contra
429 1587 635 1668 privilegium,
658 1593 689 1646 et
709 1587 872 1666 primatum
886 1585 1050 1646 Romanas

122 1668 274 1730 ecclesiae
290 1689 383 1749 supra
393 1669 540 1730 ecclesias
558 1677 676 1730 ceteras
690 1688 745 1749 per
761 1668 878 1747 orbem,
902 1687 1049 1728 erroneas

120 1753 325 1831 assertiones,
354 1751 393 1812 ab
429 1752 502 1813 olim
537 1752 785 1834 pro¹haereticis
813 1750 1049 1828 condemnatas,

122 1835 245 1897 auribus
267 1835 517 1895 christifidelium
540 1836 663 1896 refricet
683 1843 715 1895 et
735 1835 864 1915 ingerat.

133 1950 148 1977 ³²
202 1933 315 1996 Sedem
327 1936 534 2016 apostolicam
546 1937 758 2015 irreverenter,
780 1935 884 2016 palam
908 1940 942 1995 et
963 1953 1048 1996 scan-

121 2017 230 2079 dalose
252 2024 347 2079 taxet.

203 2101 409 2162 Autoritatsm
441 2101 551 2160 summi
584 2099 740 2181 pontificis
773 2100 974 2181 impudenter
1008 2105 1048 2161 at

120 2191 241 2261 tenuat,
269 2191 377 2264 utpote
408 2185 459 2262 qui
493 2184 591 2244 solam
620 2203 754 2264 poenam
779 2184 963 2244 canonicam
997 2203 1047 2244 ssu

120 2267 325 2344 arbitrariam,
359 2266 474 2327 nullam
496 2275 599 2327 autem
623 2287 755 2348 poenam
779 2265 949 2327 secundum
975 2266 1047 2326 divi·

121 2369 191 2410 nam
213 2352 358 2411 iustitiam
379 2351 515 2431 peccatis
537 2349 687 2428 debitam,
719 2350 864 2410 divinitus
893 2349 953 2410 sibi
979 2350 1048 2410 data

120 2440 284 2513 potestate,
306 2435 461 2494 remittere
482 2435 596 2512 possit,
626 2453 695 2493 cum
722 2440 772 2508 (ut
792 2435 835 2494 ait
856 2434 944 2512 ipse)
970 2433 1045 2494 tales

120 2535 240 2596 poenas
262 2518 418 2578 remittere
440 2523 523 2577 esset
545 2516 680 2576 divinum
702 2518 749 2575 ius
773 2523 898 2591 mutare,
923 2517 1046 2577 mauda-

121 2610 183 2659 tum
204 2600 260 2659 Dei
293 2602 409 2659 irritum
439 2601 557 2678 lasere,
589 2606 620 2659 et
647 2602 677 2659 in
701 2599 799 2665 Deum
832 2600 1045 2678 impiissimum

121 2682 329 2743 adversarium
352 2702 437 2759 esse,
466 2685 686 2761 innumeraque
709 2683 769 2743 alia
792 2681 983 2743 scandaloso
1004 2683 1047 2742 bis

120 2785 183 2825 non
208 2764 376 2844 absimilia,
403 2767 465 2826 imo
495 2767 638 2845 graviora
668 2771 700 2826 et
716 2767 940 2845 perniciosiora
962 2768 996 2826 in
1017 2784 1047 2826 ss

120 2848 243 2909 habeat.

205 2929 358 3006 Quocirca
380 2950 477 3010 nuper
505 2930 554 2990 die
589 2931 696 2991 Martis
730 2930 901 3009 penultima
935 2933 1046 2992 mensis

120 3014 268 3095 Augusti,
301 3034 393 3093 super
414 3014 475 3074 hoc
497 3014 634 3094 legitime
656 3033 763 3073 omnes
787 3021 818 3073 et
839 3014 955 3093 singuli
979 3034 1046 3076 con·

122 3099 242 3175 vocati,
274 3098 567 3177 incongregatione
589 3104 695 3157 nostra
716 3096 855 3177 publica,
890 3116 983 3158 more
1004 3116 1047 3158 so·

123 3180 190 3257 lito,
212 3182 242 3240 iu
266 3191 422 3239 conventu
444 3181 568 3240 fratrum
590 3179 850 3255 Praedicatorum,
873 3187 1001 3241 servata
1021 3185 1047 3240 at

121 3262 225 3323 habita
253 3268 371 3322 matura
408 3263 654 3342 pensiculatione
689 3264 874 3342 praemissa,
921 3282 1045 3325 concor·

116 3344 199 3406 ‘diter
219 3347 404 3423 censuimus,
427 3355 457 3406 et
480 3345 690 3407 doctrinaliter
712 3345 931 3422 iudicavimus,
962 3364 1045 3428 praa

121 3429 215 3488 fatum
239 3429 349 3489 librum
373 3431 465 3490 tantis
488 3428 657 3507 scandalis,
681 3428 833 3490 erroribus
854 3428 1046 3492 haeresibus·

122 3529 182 3588 que
205 3511 243 3571 ab
267 3512 341 3571 olim
359 3511 511 3572 damnatis
533 3513 688 3590 refertum,
712 3519 855 3591 tanquam
879 3513 1045 3574 communi·

121 3595 175 3654 tati
206 3593 343 3655 fidelium
377 3596 525 3671 noxium,
561 3596 626 3655 iure
659 3595 697 3655 de
729 3594 830 3654 medio
865 3594 1045 3672 tollendum,

121 3693 209 3736 usum
232 3679 297 3738 eius
320 3676 527 3755 inhibendum,
549 3677 816 3759 supprimendum,
849 3683 880 3737 et
902 3697 963 3757 per
987 3697 1045 3756 eos,

122 3757 160 3817 ad
178 3778 261 3839 quos
283 3760 314 3820 id
336 3767 477 3842 spectare
488 3761 667 3839 dinosoitur,
690 3761 753 3843 igni
769 3759 893 3841 publice
911 3780 1044 3825 cremon·
