2346 4208
34 222 39 232 ⁶
107 237 149 320 74
354 242 512 310 Disputatio
526 245 644 311 Lipsiae,
656 244 755 308 habita
773 260 798 296 a.
819 245 878 298 xlx

106 438 241 509 nauseo,
266 431 401 497 nondum
424 432 504 493 enim
528 432 707 511 confutavit,
727 433 810 512 qnod
824 433 908 495 idam
919 434 1028 497 (locres

107 515 316 595 tum'Caphcm
338 517 557 594 iuterpretatur
572 523 673 597 caput,
696 536 774 595 quae
796 518 918 592 inscitia
941 510 1027 582 tauto

106 598 246 659 Pontifici
269 618 329 658 non
353 605 401 658 est
422 597 591 671 tribuenda,
614 601 791 678 praesertim
813 619 853 661 eo
876 601 1027 681 ternpore,

106 682 156 745 ubi
178 681 347 743 floruerunt
336 682 492 761 tlinguae
514 690 545 742 et
576 682 764 743 ludaeorum
785 682 955 744 habebatur
975 704 1027 747 cc*-

106 767 165 846 pia.
195 765 256 827 Sed
278 766 338 826 hoc
359 771 496 842 constat,
470 765 633 825 tlibrum
657 766 857 827 Decretorum
887 767 1027 883 nondum

107 869 178 914 ossa
199 849 414 929 approbatum.

188 931 272 1007 illud
288 933 379 993 etiarn
401 931 534 1012 graviter
569 894 737 992 insectatus
759 940 825 1008 est,
848 932 931 1011 quod
954 934 1029 1014 dixi,

105 1017 208 1096 plnres
230 1035 300 1077 esse
323 1015 533 1075 criminatores
548 1015 765 1091 Bohemorum‚
788 1034 879 1094 quam
901 1018 1028 1079 instruc

105 1107 198 1162 toros
242 1099 365 1163 Utinam
388 1097 582 1161 mendacium
604 1097 730 1159 fuissem
751 1099 882 1163 locutus
926 1099 1027 1163 Video
1060 1164 1065 1191 Ι

104 1182 228 1262 quidem
251 1182 347 1242 multa
379 1180 439 1241 dici
468 1188 499 1241 ct
527 1179 618 1241 scribi
641 1187 843 1256 contraeas
873 1181 1026 1245 sedeatis

105 1265 284 1345 infeliciter,
313 1263 395 1343 quod
424 1282 487 1324 non
510 1265 708 1325 nominentur
729 1264 863 1325 fraterno
885 1267 1025 1348 nominc,

106 1348 189 1427 quod
211 1355 314 1411 tamen
338 1346 449 1407 Paulus
468 1342 504 1428 ³¹⁶)
529 1345 658 1414 Galatas
681 1346 817 1425 lapsos
808 1367 840 1407 ιιι
864 1347 1026 1427 perfidiam

104 1432 293 1492 ludaeorum
328 1449 389 1489 non
420 1429 612 1508 dedignatur.
658 1425 757 1500 Credo
788 1449 847 1510 ego
870 1430 1026 1500 Bohcmcs

105 1535 174 1583 esse
195 1515 385 1585 homineset
372 1512 525 1574 tblandis
547 1512 740 1573 sermonibus
763 1520 793 1572 ct
815 1516 1030 1575 concessioni-

104 1598 161 1660 bus
183 1616 277 1676 posse
294 1596 419 1674 attrahi,
441 1596 503 1674 qui·
514 1594 831 1657 criminationibust
798 1602 831 1656 et
851 1596 1025 1676 opprobriis

103 1680 250 1745 haeretici
272 1680 405 1740 nominis
428 1680 524 1759 magis
547 1679 735 1739 indurantur.
776 1679 917 1739 Nont
869 1686 917 1740 est
937 1699 1025 1762 ergo,

106 1763 188 1842 quod
212 1773 394 1824 excusemur
415 1782 479 1823 uon
507 1781 577 1823 esse
601 1761 783 1824 narrandam
806 1761 941 1823 obuiam
963 1783 1026 1825 sur

104 1847 154 1922 dn,
177 1866 245 1907 curn
267 1847 475 1926 praecipiente
497 1845 664 1917 Paulo
609 1844 663 1882 *⁹*
696 1844 874 1905 instandum
903 1847 943 1906 sit
971 1848 1025 1906 im·

105 1936 250 2010 portans,
273 1937 456 2025 opportune

188 2013 235 2075 Dc
256 2013 376 2092 graecis
399 2010 519 2071 Sanctis
545 2010 670 2088 saepius
691 2009 834 2072 diximus.
872 2010 949 2070 lllud
977 2031 1029 2073 au·

106 2101 202 2157 tamt
189 2093 380 2157 tractandum
396 2102 453 2169 est,
476 2091 559 2172 quod
580 2092 619 2152 ad
642 2092 858 2155 concitandam
879 2093 1027 2155 iuvidiam

50 2203 57 2212 ·
105 2179 233 2239 urultum
256 2177 415 2253 clamavit,
446 2140 636 2237 lrorrandum
659 2195 728 2236 cass
750 2177 892 2238 omuibus
917 2176 1027 2242 Christi

105 2252 267 2335 fidelibus,
296 2259 379 2338 quod
417 2266 526 2320 contra
552 2267 614 2321 tam
644 2266 783 2321 sanctum
814 2266 845 2319 at
870 2259 1050 2322 laudabile.

105 2345 343 2406 constantiense
367 2342 539 2403 Concilium
580 2359 643 2404 uon
672 2349 829 2403 vereretur
841 2340 879 2416 1)
912 2343 1026 2422 dicere,

104 2428 223 2506 aliquot
244 2425 478 2487 articulosHuss
501 2423 878 2486 fuissechristiauissimos
894 2435 1026 2486 etevan·

104 2511 237 2592 galiena,
269 2528 346 2587 quos
369 2527 432 2567 non
460 2509 559 2587 possit
586 2508 767 2571 universalis
790 2508 923 2569 ecclesia
943 2508 1026 2569 darn·

104 2613 187 2654 nare.
230 2592 433 2671 Respondes:
468 2591 551 2651 inter
571 2591 719 2651 articulos
740 2590 821 2650 Huss
842 2597 890 2651 cst
911 2598 943 2652 et
962 2590 1026 2669 illa,

104 2677 174 2738 Una
195 2676 227 2751 ²)
261 2682 309 2736 est
331 2681 439 2735 sancta
472 2673 651 2733 universalis
682 2672 833 2752 ccclesia,
864 2690 942 2752 quae
979 2681 1027 2734 est

102 2758 401 2840 praedestinatorum
423 2757 616 2817 universitas.
645 2755 724 2818 Item
746 2756 839 2818 alius:
863 2756 1025 2818 Universa·

103 2841 141 2903 lis
170 2848 278 2903 sancta
304 2840 438 2900 ecclesia
464 2846 581 2900 tantum
610 2844 659 2898 cst
686 2858 766 2913 una,
794 2840 874 2900 sicut
906 2847 1024 2901 tantum

104 2945 182 2986 unus
220 2931 267 2985 est
300 2943 445 2983 numerus
474 2923 609 3001 omnium
638 2921 942 3000 praedestinatorum
987 2923 1025 2983 Hi

104 3008 165 3069 duo
189 3027 250 3068 non
271 3013 342 3067 sunt
363 3007 453 3083 Huss,
475 3005 531 3065 sed
553 3004 715 3083 Augustini
739 3024 831 3083 super
851 3005 1024 3067 iohannem

103 3091 143 3151 ad
166 3091 293 3152 verbum
316 3108 432 3170 prope,
461 3098 492 3147 et
520 3095 698 3167 repetuntur
720 3107 775 3166 per
795 3087 1025 3169 Magistruml.

104 3175 323 3235 sententiarum
347 3173 385 3233 de
416 3190 503 3231 sacra
526 3169 658 3230 Euchar.
682 3171 809 3231 Tertius
833 3178 893 3232 sat:
936 3173 1026 3233 Duae

105 3263 243 3333 naturae,
266 3255 410 3316 divinitas
435 3260 466 3313 et
488 3253 670 3333 humanitas,
694 3261 764 3313 sunt
786 3273 863 3314 unus
877 3252 1025 3316 Christus

104 3340 168 3400 Hos
191 3339 337 3400 articulos
361 3311 454 3397 credo
479 3335 607 3396 confitet
595 3343 643 3396 tur
665 3354 785 3398 mecum
807 3337 844 3397 D.
865 3337 1025 3398 lohannes

103 3423 225 3484 Eccius.
268 3421 416 3496 Quartus:
462 3420 578 3480 Divisio
608 3420 787 3481 immediata
822 3421 1025 3483 humanorum

105 3542 446 3603 44*-

139 3715 152 3746 ⁸
194 3713 283 3768 Galat.
305 3713 330 3767 6.
370 3714 410 3768 ”t
432 3712 457 3765 2.
477 3711 548 3765 Tim.
568 3714 594 3765 4.

139 3713 223 3855 liin
245 3785 288 3841 ed.
308 3786 398 3852 orig.:
419 3787 537 3837 veretur.
576 3781 609 3851 2)
630 3781 751 3838 Ibidem:
773 3785 857 3839 unita
