2346 4208
370 274 465 324 666666
485 268 650 325 6666666666
668 270 704 325 66
721 269 793 341 lege.
980 267 1043 335 429

121 460 294 536 peceatum,
318 457 434 516 nullum
459 476 581 536 quoque
604 477 673 519 esse
696 459 847 520 Christum
869 458 1043 539 redempto·

121 557 188 598 rem
203 560 229 600 ·a
251 546 390 619 6666666.
418 539 486 601 ’666
508 542 589 600 enim
611 542 677 621 ipse
701 542 802 603 Christ
790 553 838 602 tus
861 542 949 603 dicit:
972 542 1066 602 Non

122 628 170 681 est
192 640 269 701 opus
293 623 411 683 medico
435 623 616 686 valentibus.

185 704 234 767 26.
266 706 342 766 Oum
364 714 466 766 auem
489 706 627 767 Christus
658 709 792 784 venerit,
826 727 888 768 non
921 707 1043 769 solvere

121 786 177 846 sed
199 788 327 867 implere
350 789 461 869 legem,
484 789 594 850 frustra
615 793 709 871 venit,
732 793 757 851 si
780 791 863 850 nulla
886 792 925 850 sit
913 791 1019 851 tlex
1011 810 1041 850 66

122 869 212 930 nohis
234 870 400 950 implenda

186 955 234 1017 27
259 954 300 1014 Et
320 974 387 1015 oum
406 955 458 1013 lex
469 955 527 1014 Dei
540 956 675 1033 requirat
686 953 893 1017 obedientiam
907 963 1044 1016 nostram

123 1055 197 1116 erga
221 1037 336 1114 Deum,
360 1038 471 1098 tollunt
491 1039 541 1098 isti
563 1039 760 1099 nomomaohi
784 1040 875 1099 etiam
900 1040 1044 1100 obedien·

121 1119 195 1178 tiam
218 1138 290 1200 erga
313 1122 419 1181 Deum.

184 1203 232 1266 28.
263 1203 311 1262 Ex
340 1204 378 1263 iis
404 1202 439 1262 fit
467 1203 674 1281 manifestum,
708 1204 790 1284 quod
814 1211 902 1265 satan
925 1206 1045 1265 inistis

123 1286 186 1344 suis
209 1288 333 1366 organis
356 1287 551 1347 verbalitert
539 1294 659 1348 tanturn
673 1286 767 1348 66666
779 1295 949 1368 peecatum,
972 1307 1044 1368 poe·

123 1369 231 1427 66666
211 1377 325 1430 ram
326 1370 462 1430 Chris
450 1375 523 1430 um

186 1454 235 1514 29.
259 1452 379 1512 Revera
402 1459 541 1514 6666666
528 1452 609 1513 tollit
626 1451 789 1531 Christum,
811 1452 1044 1533 poenitentiam,

124 1540 235 1614 666666
237 1555 303 1610 um,
326 1540 357 1595 t
378 1555 550 1595 universam
575 1535 675 1616 Soript
675 1555 777 1614 uram,
804 1554 866 1595 una
888 1554 956 1595 6666
975 1536 1044 1614 6666

124 1617 192 1676 Deo
216 1618 280 1676 eius
306 1625 423 1679 666666.

187 1702 234 1765 30.
266 1701 306 1760 Et
295 1704 451 1782 toogitat
489 1707 607 1762 6666666
630 1685 913 1797 pestilentissimam
935 1701 1045 1761 666666-
1086 1764 1095 1773 ‚

124 1789 229 1878 tatem,
252 1793 412 1927 6666666666
413 1805 461 1844 um
475 1785 542 1862 Dei,
564 1785 787 1864 impunitatem,
812 1792 843 1844 66
865 1792 1044 1873 perpetuam

124 1873 277 1946 66666666
278 1887 315 1926 66
319 1874 403 1943 iarn
425 1869 493 1948 plus
516 1886 607 1945 quam
630 1867 809 1947 Epicurus
802 1886 878 1946 6666.
965 1882 970 1892 ’

186 1952 235 2012 36
209 1949 332 2010 66666
355 1959 482 2011 testatur
503 1951 559 2009 ilia
578 1969 639 2010 vox
662 1968 787 2029 eorum,
816 1948 900 2028 quod
928 1950 978 2009 lix
1002 1970 1045 2009 ar-

122 2042 198 2112 guat
219 2041 395 2112 peecatum,
426 2042 457 2094 66
479 2033 600 2112 quidem
624 2034 691 2093 6666
714 2033 827 2113 Spiritu
850 2041 956 2093 saneto
980 2039 1043 2093 tan-

123 2127 187 2174 tum
213 2114 253 2175 66
276 2117 577 2179 condemnationem.

187 2200 236 2261 32.
259 2199 316 2259 Hie
339 2207 476 2279 apparet,
498 2219 552 2260 666
576 2199 657 2260 velle
666 2199 737 2259 tale
753 2205 913 2279 6666666666
931 2198 1046 2274 doceri,

125 2281 209 2423 qul⁰d
232 2302 293 2342 non
319 2284 514 2360 condemnet,
537 2284 617 2344 forte
640 2283 829 2363 quodetiam
843 2283 909 2342 6666
923 2281 1046 2342 Christo

123 2384 159 2424 sa
173 2372 231 2424 vet.

189 2450 237 2511 33.
268 2448 346 2506 Nam
375 2449 399 2507 si
428 2455 590 2526 peceatum
619 2466 681 2509 non
705 2448 845 2522 damnat,
875 2455 984 2524 restat,
1015 2454 1048 2508 66

126 2531 263 2591 Christus
293 2551 355 2589 non
384 2531 549 2591 redemerit
575 2550 633 2591 nos
661 2550 679 2590 6
707 2539 836 2611 6666666
869 2531 1047 2609 damnante,

123 2617 166 2674 ita
189 2633 247 2673 neo
269 2615 306 2673 ab
329 2615 374 2673 666
397 2615 461 2674 Dei.

190 2698 239 2760 34
271 2697 433 2757 Peccatum
458 2698 537 2756 enim
561 2715 622 2757 nou
646 2695 867 2758 damnaust
819 2703 867 2758 est
888 2704 1047 2777 peceatum

131 2780 251 2857 melius,
275 2799 365 2858 quarn
389 2782 428 2839 sit
449 2781 518 2923 ipsat
537 2781 653 2840 iustitia
675 2788 706 2841 66
728 2781 801 2840 vita

189 2859 239 2927 35.
263 2863 343 2937 Quid
367 2865 447 2923 enim
472 2870 518 2924 est
540 2863 674 2943 beatius,
698 2883 787 2943 quam
812 2869 973 2943 peecatum
997 2862 1048 2922 ha-

130 2946 202 3006 bere
225 2965 287 3006 non
310 2946 469 3024 damnare,
491 2945 594 3006 idt
547 2953 603 3024 est,
627 2966 689 3007 non
712 2948 848 3006 existens
865 2945 1048 3026 peceatum?

192 3033 241 3094 36.
265 3028 323 3110 lgit
325 3050 359 3090 ur
381 2993 485 3090 amot’a
506 3031 576 3110 lege
597 3030 641 3089 ita
662 3049 766 3089 sumus
789 3029 1049 3109 salviapeeoat0‚

128 3119 222 3172 utne
245 3113 364 3173 Christo
390 3113 514 3191 quidem
537 3132 682 3193 egeamus
705 3111 875 3172 mediatore
897 3120 954 3172 eto.

191 3195 238 3259 37.
272 3195 331 3256 Sed
356 3203 386 3256 66
411 3197 472 3256 hoo
497 3197 607 3255 salsum
638 3202 700 3273 est,
735 3196 817 3274 quod
846 3196 912 3255 sine
936 3194 1049 3274 Spiritu
1100 3209 1106 3215 ·

128 3287 237 3340 666666
260 3287 369 3358 arguat
391 3280 441 3339 lex
462 3287 571 3360 666666
573 3300 633 3357 um,
655 3298 725 3340 oum
747 3279 799 3381 lex
820 3280 860 3339 sit
877 3278 991 3358 scripta
1007 3277 1048 3337 di-

129 3363 311 3507 ἕίιο3668666
334 3445 433 3505 omnis
454 3447 582 3522 veritas,
605 3445 779 3525 ubieunque
801 3451 863 3522 est,
897 3463 915 3503 a
937 3443 1048 3523 Spiritu

131 3537 239 3612 666666
263 3537 325 3602 666
360 3534 390 3588 66
419 3529 573 3613 prohiberi
608 3529 707 3608 legem
742 3536 790 3588 est
811 3529 970 3588 veritatem
993 3528 1048 3586 Dei

131 3575 390 3759 proppupol'lffle
412 3692 513 3774 legem
538 3695 577 3754 ob
599 3694 661 3754 hoe
678 3693 822 3773 officium,
845 3693 927 3773 quod
942 3699 1050 3772 arguat

133 3788 243 3859 666666
245 3798 293 3837 nm
318 3778 356 3838 66
379 3777 678 3856 condemnationem,
700 3777 826 3838 evidens
849 3783 896 3837 est
916 3778 1009 3840 furor.
