2346 4208
230 275 264 330 ad
285 276 553 332 condemnationem
572 277 762 334 doctrinalem.
906 276 968 344 197

128 464 231 545 Atque
251 464 282 524 id
297 464 438 524 nimirum
462 471 518 545 est,
540 465 591 526 ubi
608 456 730 548 ¹magno
751 466 836 528 hiatu
851 456 970 529 ordien-

43 558 94 610 tes
125 547 288 628 epistolam
323 566 408 607 suam
441 547 521 609 iustu
551 549 621 629 plus
652 549 971 631 ¹qiram'Peripatetico

45 632 181 709 iactent,
217 642 287 690 sese
318 648 387 690 ease
423 632 505 707 viros
540 633 703 713 sexaginta
736 651 776 693 ex
797 632 971 694 fortissimis

42 713 162 793 lsrael,
196 713 247 792 qui
276 711 415 774 ambiunt
442 713 586 775 lectulum
609 714 821 795 Salomonis,''
841 734 970 796 quorum

45 796 197 877 colusque
213 794 339 877 gladius
363 814 455 876 super
474 797 573 857 lemur
594 817 682 858 suum
697 806 824 879 propter
846 800 971 861 timores
1029 830 1035 841 ι

44 884 231 957 nocturnos,
254 877 293 939 ad
316 881 571 961 quoapraecipue
592 882 755 961 pertineat,
776 900 832 963 per
852 898 971 944 sacram

45 962 238 1044 Scriptorum
260 960 352 1021 fidem
376 964 470 1043 tucri,
500 970 531 1024 ct
553 982 672 1025 errores
691 967 871 1046 ,exstirpare
908 960 971 1028 'Po-

44 1050 134 1124 stea,
175 1045 226 1106 ubi
258 1045 345 1125 operi
378 1047 593 1128 accinguntur,
628 1054 659 1108 et
689 1048 751 1108 iam
780 1054 971 1132 spectatores

44 1126 129 1191 avidi
154 1128 412 1208 circumspiciunt,
435 1129 560 1190 ubinam
581 1130 685 1191 rutilet
705 1130 825 1212 gladius
845 1131 971 1193 semmis

46 1210 218 1288 versatilis,
254 1217 307 1271 aut
336 1210 494 1292 Scriptura
522 1219 629 1274 sancta
659 1213 813 1293 fulminet,
845 1214 972 1277 audiunt

45 1294 132 1357 aliud
153 1293 239 1374 nibil,
263 1312 354 1375 quam
377 1295 502 1355 verbum
518 1295 579 1357 hoc
600 1297 717 1377 primae
730 1299 971 1381 coniugationis:

45 1378 237 1441 Damnmus
272 1376 498 1454 doctrinaliter,
532 1381 680 1460 crepitum
715 1380 834 1443 scilicet
866 1380 971 1443 ficulni

45 1461 134 1525 idoli.
166 1460 208 1532 Et
228 1459 386 1540 impletum
410 1468 458 1522 est
477 1461 553 1523 illud
567 1462 743 1524 Salomonis
760 1463 971 1544 proverbium:

49 1544 174 1607 Ventus.
192 1550 224 1605 et
245 1542 360 1624 nubes,
393 1551 424 1605 et
449 1544 555 1626 pluvia
581 1565 645 1607 non
667 1565 815 1626 sequens,
836 1548 882 1608 vir
902 1565 972 1627 pro·-

46 1628 144 1689 mieaa
174 1645 237 1688 nou
267 1627 436 1707 complens.
481 1626 556 1703 Quis
578 1635 639 1691 tem
664 1630 780 1704 morio,
802 1631 853 1710 qui
873 1630 972 1710 pueri·

45 1711 94 1773 las
127 1710 183 1771 bae
209 1708 424 1790 Magistrorum
454 1712 587 1791 ineptias
611 1730 675 1772 nou
707 1711 827 1775 ridenti
870 1710 970 1781 Velim

47 1793 155 1855 doceri
178 1792 218 1855 ab
239 1792 286 1853 bis
308 1793 461 1873 Magistrie
483 1796 597 1855 nostris
618 1795 752 1872 eximiis,
789 1815 829 1855 an
850 1795 971 1879 gladius

45 1877 172 1938 samoris
207 1882 238 1936 et
266 1875 423 1956 Scriptura
455 1883 562 1939 sancta
590 1877 720 1939 Lovanii
751 1884 783 1941 et
811 1877 972 1956 Coloniae,

48 1976 141 2023 verso
163 1978 262 2021 rerum
287 1958 403 2036 ordine,
428 1959 510 2021 idem
532 1963 604 2040 sint,
625 1960 709 2041 quod
730 1960 868 2040 verbum,
890 1961 973 2027 dem-

48 2062 168 2120 uamus,
191 2049 223 2104 et
245 2041 439 2121 adverbium,
461 2044 693 2105 doctrinaliter?

136 2125 198 2186 Vos
233 2127 338 2205 itaque
369 2127 539 2206 compello,
576 2127 714 2208 Magistri
742 2127 840 2188 nostri
869 2127 973 2187 eximii

48 2208 275 2285 Lovauienees,
299 2208 520 2288 colonienses,
557 2213 640 2292 agite
673 2209 755 2290 quod
788 2210 974 2290 promittitis,

46 2310 104 2373 per
125 2310 243 2352 sacram
267 2291 453 2372 Scripturam
477 2295 604 2354 tuemini
626 2293 737 2371 fldem,
771 2312 827 2374 per
847 2293 972 2356 femoris

47 2373 184 2456 gladium
213 2375 319 2455 pellite
352 2383 519 2436 nocturnos
542 2377 683 2454 timores,
717 2384 777 2437 cnr‘
797 2377 972 2457 promittitis

48 2457 132 2537 quod
154 2475 217 2517 non
239 2458 398 2538 impletis?
428 2478 481 2518 cur
503 2461 623 2520 iactatis
646 2459 728 2539 quod
752 2470 814 2520 non
836 2467 974 2539 praesta*

48 2539 107 2600 tis?
145 2540 200 2601 An
233 2540 436 2622 distinguitis,
475 2548 507 2602 ut
534 2543 713 2621 promittere
748 2542 796 2602 ad‘
820 2541 973 2622 publicam

48 2622 227 2685 schedulam
250 2623 528 2703 condemnationis,
551 2625 679 2705 implere
700 2624 738 2686 ad
761 2625 907 2706 angulum
929 2642 975 2685 se

49 2713 167 2767 cretum
190 2713 319 2768 coactae
340 2707 507 2769 Facultetie
528 2708 702 2788 pertineat?
739 2714 834 2788 utque
854 2715 976 2769 noctur·

49 2806 109 2850 noe
131 2790 257 2851 timores
280 2791 528 2870 triumphabundi
552 2790 674 2871 publice
695 2792 886 2872 provocetis,
908 2810 976 2872 pro·

48 2873 169 2935 vocatia
185 2880 286 2934 autem
310 2881 342 2934 et
363 2872 598 2935 adventantibus
611 2873 808 2936 tenebrosum
831 2874 975 2956 angulum

49 2955 239 3018 effoeminati
273 2959 395 3038 petatis.
438 2959 487 3018 An
516 2957 590 3018 illud
612 2957 730 3018 Horatii
759 2956 847 3018 vobis
865 2958 976 3019 occini

70 3040 166 3102 lacet:
807 3070 809 3075 ·
946 3040 949 3045 ’

47 3058 67 3121 p
91 3122 159 3183 Nec
180 3124 226 3184 sic
245 3124 393 3204 incipias,
415 3129 448 3183 ut
470 3125 601 3204 scriptor
622 3123 776 3204 cyclicus*
789 3122 872 3202 olim,

91 3206 257 3267 Fortunam
280 3207 391 3268 Priami
415 3206 547 3267 cantabo
570 3213 601 3267 et
622 3207 727 3268 nobile
749 3207 873 3267 bellum.
923 3215 926 3221 ’

93 3287 175 3364 Quid
197 3290 274 3352 teret
287 3290 344 3350 bic
366 3296 452 3351 tanto
475 3289 606 3371 dignum·
623 3292 793 3371 promissor
813 3289 918 3349 hiatu?

49 3372 177 3434 Scilicet
198 3373 312 3433 fumum
329 3393 369 3434 ex
391 3373 521 3455 lulgore,
544 3392 606 3433 non
621 3393 659 3434 ex
681 3373 765 3434 firmo
780 3372 852 3434 dare
875 3372 976 3433 lucem

49 3456 226 3538 cogitastis,
258 3463 289 3518 et
311 3459 446 3539 imagine
467 3456 559 3518 Moab
582 3459 680 3519 maior
701 3464 748 3518 est
767 3456 977 3537 praesumptio

49 3546 173 3619 vestra,
203 3558 294 3619 quam
316 3540 479 3612 fortitudo,
507 3541 729 3620 concipientes
752 3539 912 3616 ardorem,
947 3547 978 3599 et

50 3623 207 3705 parientes
229 3624 385 3704 stipulam,
407 3630 441 3684 ut
462 3623 573 3683 Esaias
594 3623 676 3686 dicit.

134 3706 197 3766 lam
224 3708 249 3766 si
272 3725 412 3786 quaeras,
435 3705 508 3786 quid
530 3707 569 3765 eit
585 3706 688 3767 ¹lectus
712 3705 902 3783 Salomonis,
924 3705 976 3784 qui

48 3792 146 3852 idries
174 3788 286 3870 Israel,
321 3790 393 3870 qnid
421 3791 516 3851 timor
549 3792 735 3871 nocturnus,
766 3788 839 3869 quid
867 3786 975 3867 femur,
