2346 4208
121 206 187 274 294
450 203 527 256 Bnlla
546 203 644 256 Leonis
665 201 695 254 Χ.
806 284 810 293 Ι

120 399 159 460 ad
191 416 248 457 nos
281 395 387 458 venire
414 392 560 469 voluerit,
595 389 724 473 quodni
762 390 861 473 magis
889 390 1038 471 placeret)

121 500 190 542 cum
215 479 354 560 praefato
376 477 556 556 plenissimo
580 475 666 536 selvo
691 472 863 551 conductu,
893 493 985 552 quem
1007 494 1043 534 ex

123 582 206 624 nunc
228 561 441 638 concedimus,
465 558 651 630 deferenda,
674 577 732 618 nos
754 560 904 619 certiores
926 556 1044 634 efficiat,

122 656 155 707 ut
181 646 219 705 de
255 646 319 705 eius
350 662 422 704 vera
458 643 633 703 obedientia
665 639 815 725 nulluso)
848 640 1045 721 dubitationis

124 729 284 808 scrupulus
306 727 408 787 valeat
432 744 599 787 remanere.

163 808 201 892 s)
226 810 393 871 Veritatem
416 809 594 888 praedicere
615 814 700 869 vetat
719 807 898 869 Lutberum.
941 806 1048 887 Neque

166 895 246 954 enim
270 895 421 972 patientes
455 893 519 952 eius
549 899 619 952 sunt
640 892 731 953 Urbis
759 912 872 975 aures..
905 890 969 952 Sed
998 890 1047 951 ille

165 995 228 1036 nou
273 975 406 1054 parebit,
453 982 616 1054 postquam
650 975 748 1037 semel
792 977 876 1036 viam
914 975 1049 1036 veritatis

166 1059 215 1119 ele
239 1062 271 1118 it.

165 1139 203 1223 b)
218 1078 340 1200 gOmnia
362 1145 524 1219 pertentat,
548 1148 588 1212 et,
611 1140 695 1220 qnod
716 1142 821 1219 aiunt,
835 1159 966 1201 omnem
990 1158 1049 1201 mc

166 1226 218 1286 vet
249 1221 401 1302 lapidem,
435 1230 467 1283 ut
495 1244 535 1284 ne
560 1244 657 1304 regno
688 1224 820 1285 excidat.
863 1222 944 1284 Tam
969 1224 1052 1285 inriti

166 1307 331 1385 exiguntur
353 1308 483 1386 tyranni.

167 1393 202 1464 o)
228 1387 338 1448 Adhuc
359 1409 485 1449 movere
523 1391 600 1450 istos
635 1410 694 1451 nos
728 1398 861 1451 terrores
886 1389 1053 1466 existimet,

165 1489 230 1531 nou
268 1473 371 1548 novit,
415 1472 580 1532 Germania
625 1481 771 1552 quantum
801 1475 972 1533 immutata
1008 1472 1053 1551 sit,

166 1554 294 1614 discere.

169 1636 208 1711 d)
231 1636 369 1714 Vereor,
391 1656 451 1716 quo
475 1637 594 1701 eredat.

167 1720 204 1796 e)
228 1719 277 1779 Dii
298 1721 504 1796 immortales,
537 1728 683 1799 quantum
712 1721 863 1781 bonorum
894 1720 1054 1781 hominurn

165 1803 298 1863 Romam
326 1811 432 1877 vocat,
466 1822 527 1863 uon
558 1805 660 1883 capiet
682 1803 769 1865 Urbs.
814 1801 878 1864 Sed
908 1811 944 1864 tu
979 1803 1056 1883 vids,

167 1885 249 1961 Leo,
288 1904 328 1945 ne
351 1892 380 1946 te
404 1905 513 1946 oneres
535 1887 706 1966 hospitibus
728 1887 817 1947 nimis
841 1886 971 1965 multis,
1010 1906 1055 1947 me

170 1967 291 2047 quidem
315 1970 339 2027 si
363 1968 489 2028 audient
510 1971 570 2047 aiii,
592 1971 751 2030 veniemus
772 1969 826 2030 tibi

168 2050 196 2123 f)
227 2051 360 2110 Domine
409 2053 517 2127 Deus,
568 2053 772 2131 possederunt
820 2072 879 2112 nos
931 2052 1057 2114 Domini

170 2132 288 2210 absque
330 2141 377 2211 te,
422 2141 537 2194 tautum
576 2137 607 2194 in
645 2139 676 2196 te
712 2133 914 2196 recordemur
964 2136 1056 2199 nomi·

169 2215 216 2274 nis
244 2216 296 2276 tui.

167 2302 205 2376 g)
231 2297 300 2357 Non
316 2299 390 2357 satis
413 2299 528 2359 dierum
553 2308 609 2376 est,
633 2301 767 2378 Decime,
789 2299 976 2380 podagricis
999 2302 1056 2381 qui·

168 2380 295 2439 busdam
320 2387 350 2440 et
372 2382 460 2443 aliter
483 2383 652 2457 morbosis,
676 2385 779 2462 quiin
802 2383 924 2442 lecticis
950 2385 1054 2464 adpor-

169 2463 253 2522 taudi
275 2470 361 2537 suut,
385 2484 422 2523 ec
443 2465 503 2524 iliis
527 2467 618 2525 etiam
642 2465 815 2546 decrepitis,
839 2467 890 2544 qui
918 2467 1053 2548 tripodes

168 2544 377 2607 ambulabunt.

168 2627 207 2701 h)
232 2628 408 2688 Obtinuisti.
453 2630 579 2708 Ardent,
602 2631 654 2692 sed
678 2633 709 2692 in
732 2629 875 2690 cordibus
890 2629 1051 2707 bonorum,

170 2729 189 2770 o
212 2713 417 2790 perniciosum
442 2713 494 2773 tibi
517 2715 707 2793 incendium,
733 2715 795 2774 iam
817 2715 1007 2796 exstingue,
1031 2716 1051 2774 si

190 2800 267 2852 otes.

168 2813 196 2950 p,
221 2875 394 2937 Revocabit
416 2889 446 2938 et
468 2880 661 2956 reclamabit,
685 2897 784 2957 neque
807 2898 948 2958 unquam
973 2900 1048 2961 repe

168 2968 231 3016 tere
253 2959 386 3020 cessabit
401 2964 535 3024 veritatis
559 2963 693 3039 verbum,
711 2981 750 3022 ne
771 2980 830 3040 qua
844 2962 924 3022 iilud
940 2964 1047 3026 oblivio

166 3041 305 3118 perimat.
904 3042 908 3047 ’

167 3120 337 3264 kt),Daute.
411 3123 439 3209 l)
463 3127 496 3186 Id
520 3135 581 3205 est,
621 3129 651 3188 in
675 3127 773 3189 forma
804 3146 953 3190 camerae
981 3147 1048 3211 spo·

166 3221 304 3267 sorece.

167 3292 214 3360 m)
238 3288 455 3367 transmittet,
486 3294 510 3352 si
534 3314 582 3354 me
605 3292 723 3370 audiet,
751 3296 783 3353 ut
804 3291 914 3353 videas
939 3312 1045 3376 magno

166 3389 233 3428 cum
259 3370 367 3432 dolore
389 3381 452 3434 tuo.

166 3460 203 3527 n)
228 3453 314 3513 Tunc
340 3458 420 3516 cuim
443 3457 549 3517 liceret
571 3456 603 3529 ¹)
642 3458 814 3519 interficere
840 3459 895 3519 tibi
932 3460 1045 3541 praedi·

195 3712 227 3780 1)
247 3713 279 3767 In
299 3715 364 3769 edit.
382 3717 508 3772 bidnch.:
528 3720 599 3774 licet.
