<?xml version="1.0" encoding="UTF-8"?>
<!DOCTYPE html PUBLIC "-//W3C//DTD XHTML 1.0 Transitional//EN"
    "http://www.w3.org/TR/xhtml1/DTD/xhtml1-transitional.dtd">
<html xmlns="http://www.w3.org/1999/xhtml" xml:lang="en" lang="en">
 <head>
  <title>
</title>
<meta http-equiv="Content-Type" content="text/html;charset=utf-8" />
  <meta name='ocr-system' content='tesseract 3.04.00' />
  <meta name='ocr-capabilities' content='ocr_page ocr_carea ocr_par ocr_line ocrx_word'/>
</head>
<body>
  <div class='ocr_page' id='page_1' title='image "./dmartinilutheri04luthgoog_1011.png"; bbox 0 0 2346 4208; ppageno 0'>
   <div class='ocr_carea' id='block_1_1' title="bbox 116 228 747 318">
    <p class='ocr_par' dir='ltr' id='par_1_1' title="bbox 116 228 747 318">
     <span class='ocr_line' id='line_1_1' title="bbox 116 228 747 318; baseline -0.013 -12"><span class='ocrx_word' id='word_1_1' title='bbox 116 247 181 317; x_wconf 74' lang='grc'><strong>486</strong></span> <span class='ocrx_word' id='word_1_2' title='bbox 429 246 588 318; x_wconf 68' lang='lat' dir='ltr'><strong>mapuuuo</strong></span> <span class='ocrx_word' id='word_1_3' title='bbox 606 228 641 301; x_wconf 83' lang='lat' dir='ltr'><strong>n.</strong></span> <span class='ocrx_word' id='word_1_4' title='bbox 659 245 699 299; x_wconf 81' lang='lat' dir='ltr'><strong>u.</strong></span> <span class='ocrx_word' id='word_1_5' title='bbox 713 245 747 301; x_wconf 81' lang='lat'><strong>1..</strong></span> 
     </span>
    </p>
   </div>
   <div class='ocr_carea' id='block_1_2' title="bbox 119 435 1045 852">
    <p class='ocr_par' dir='ltr' id='par_1_2' title="bbox 119 435 1045 749">
     <span class='ocr_line' id='line_1_2' title="bbox 119 435 1045 521; baseline -0.002 -20"><span class='ocrx_word' id='word_1_6' title='bbox 119 456 175 521; x_wconf 89' lang='lat' dir='ltr'><strong>per</strong></span> <span class='ocrx_word' id='word_1_7' title='bbox 206 439 411 499; x_wconf 87' lang='lat' dir='ltr'><strong>iuramentum</strong></span> <span class='ocrx_word' id='word_1_8' title='bbox 444 439 476 497; x_wconf 92' lang='lat' dir='ltr'><strong>in</strong></span> <span class='ocrx_word' id='word_1_9' title='bbox 514 435 655 518; x_wconf 73' lang='lat' dir='ltr'><strong>collegio</strong></span> <span class='ocrx_word' id='word_1_10' title='bbox 686 435 921 518; x_wconf 84' lang='lat' dir='ltr'><strong>&#39;I&#39;heologorum</strong></span> <span class='ocrx_word' id='word_1_11' title='bbox 956 457 1045 519; x_wconf 90' lang='lat' dir='ltr'><strong>super</strong></span> 
     </span>
     <span class='ocr_line' id='line_1_3' title="bbox 119 519 1044 601; baseline -0.002 -17"><span class='ocrx_word' id='word_1_12' title='bbox 119 521 256 584; x_wconf 85' lang='lat' dir='ltr'><strong>articulis</strong></span> <span class='ocrx_word' id='word_1_13' title='bbox 279 520 536 601; x_wconf 73' lang='lat' dir='ltr'>praecedentibus</span> <span class='ocrx_word' id='word_1_14' title='bbox 562 519 707 600; x_wconf 87' lang='lat' dir='ltr'><strong>probavit</strong></span> <span class='ocrx_word' id='word_1_15' title='bbox 734 521 793 582; x_wconf 86' lang='lat' dir='ltr'><strong>lrcs</strong></span> <span class='ocrx_word' id='word_1_16' title='bbox 821 521 969 583; x_wconf 74' lang='lat' dir='ltr'><strong>articulos</strong></span> <span class='ocrx_word' id='word_1_17' title='bbox 990 522 1044 582; x_wconf 91' lang='lat' dir='ltr'><strong>sub</strong></span> 
     </span>
     <span class='ocr_line' id='line_1_4' title="bbox 120 603 1044 684; baseline -0.001 -18"><span class='ocrx_word' id='word_1_18' title='bbox 120 606 237 683; x_wconf 86' lang='lat' dir='ltr'><strong>lorma,</strong></span> <span class='ocrx_word' id='word_1_19' title='bbox 267 623 328 683; x_wconf 91' lang='lat' dir='ltr'><strong>qua</strong></span> <span class='ocrx_word' id='word_1_20' title='bbox 350 605 456 683; x_wconf 85' lang='lat' dir='ltr'><strong>scripti</strong></span> <span class='ocrx_word' id='word_1_21' title='bbox 479 611 558 665; x_wconf 89' lang='lat' dir='ltr'><strong>sunt.</strong></span> <span class='ocrx_word' id='word_1_22' title='bbox 602 603 653 664; x_wconf 80' lang='lat' dir='ltr'><strong>Sic</strong></span> <span class='ocrx_word' id='word_1_23' title='bbox 674 603 881 684; x_wconf 88' lang='lat' dir='ltr'><strong>subscriptum</strong></span> <span class='ocrx_word' id='word_1_24' title='bbox 904 604 943 665; x_wconf 91' lang='lat' dir='ltr'><strong>ds</strong></span> <span class='ocrx_word' id='word_1_25' title='bbox 965 625 1044 665; x_wconf 89' lang='lat' dir='ltr'><strong>man-</strong></span> 
     </span>
     <span class='ocr_line' id='line_1_5' title="bbox 122 687 808 749; baseline -0.004 0"><span class='ocrx_word' id='word_1_26' title='bbox 122 689 196 749; x_wconf 88' lang='lat' dir='ltr'><strong>dato</strong></span> <span class='ocrx_word' id='word_1_27' title='bbox 218 687 414 748; x_wconf 89' lang='lat' dir='ltr'><strong>dominorum</strong></span> <span class='ocrx_word' id='word_1_28' title='bbox 438 687 556 748; x_wconf 88' lang='lat' dir='ltr'><strong>Decani</strong></span> <span class='ocrx_word' id='word_1_29' title='bbox 579 693 610 747; x_wconf 89' lang='lat' dir='ltr'><strong>et</strong></span> <span class='ocrx_word' id='word_1_30' title='bbox 631 687 808 748; x_wconf 83' lang='lat' dir='ltr'><strong>Facultatis.</strong></span> 
     </span>
    </p>

    <p class='ocr_par' dir='ltr' id='par_1_3' title="bbox 206 768 1043 852">
     <span class='ocr_line' id='line_1_6' title="bbox 206 768 1043 852; baseline 0 -20"><span class='ocrx_word' id='word_1_31' title='bbox 206 769 338 832; x_wconf 91' lang='lat' dir='ltr'><strong>Iudocus</strong></span> <span class='ocrx_word' id='word_1_32' title='bbox 367 770 407 832; x_wconf 94' lang='lat' dir='ltr'><strong>de</strong></span> <span class='ocrx_word' id='word_1_33' title='bbox 428 768 658 852; x_wconf 84' lang='lat' dir='ltr'><strong>Langheuhove</strong></span> <span class='ocrx_word' id='word_1_34' title='bbox 679 768 828 833; x_wconf 86' lang='lat' dir='ltr'><strong>Notarius</strong></span> <span class='ocrx_word' id='word_1_35' title='bbox 858 770 1043 852; x_wconf 74' lang='lat' dir='ltr'><strong>subscripsit.</strong></span> 
     </span>
    </p>
   </div>
   <div class='ocr_carea' id='block_1_3' title="bbox 121 984 1045 1234">
    <p class='ocr_par' dir='ltr' id='par_1_4' title="bbox 121 984 1045 1234">
     <span class='ocr_line' id='line_1_7' title="bbox 121 984 1043 1049; baseline -0.001 0"><span class='ocrx_word' id='word_1_36' title='bbox 121 987 269 1049; x_wconf 79' lang='lat' dir='ltr'><strong>Contra</strong></span> <span class='ocrx_word' id='word_1_37' title='bbox 312 984 448 1047; x_wconf 83' lang='lat' dir='ltr'>XXXII</span> <span class='ocrx_word' id='word_1_38' title='bbox 492 984 695 1046; x_wconf 87' lang='lat' dir='ltr'><strong>Articulos</strong></span> <span class='ocrx_word' id='word_1_39' title='bbox 743 986 1043 1049; x_wconf 84' lang='lat' dir='ltr'><strong>Lovoniensium</strong></span> 
     </span>
     <span class='ocr_line' id='line_1_8' title="bbox 121 1067 1045 1150; baseline 0 -19"><span class='ocrx_word' id='word_1_40' title='bbox 121 1069 467 1150; x_wconf 84' lang='lat' dir='ltr'><strong>Theologistarum</strong></span> <span class='ocrx_word' id='word_1_41' title='bbox 505 1067 693 1129; x_wconf 86' lang='lat' dir='ltr'><strong>Martinus</strong></span> <span class='ocrx_word' id='word_1_42' title='bbox 724 1068 875 1131; x_wconf 87' lang='lat' dir='ltr'><strong>Luther</strong></span> <span class='ocrx_word' id='word_1_43' title='bbox 906 1071 1045 1133; x_wconf 88' lang='lat' dir='ltr'><strong>Doctor</strong></span> 
     </span>
     <span class='ocr_line' id='line_1_9' title="bbox 332 1151 836 1234; baseline 0.01 -23"><span class='ocrx_word' id='word_1_44' title='bbox 332 1151 584 1233; x_wconf 84' lang='lat' dir='ltr'><strong>Theologiae</strong></span> <span class='ocrx_word' id='word_1_45' title='bbox 612 1151 836 1234; x_wconf 75' lang='lat' dir='ltr'><strong>vocatus*).</strong></span> 
     </span>
    </p>
   </div>
   <div class='ocr_carea' id='block_1_4' title="bbox 482 1286 693 1349">
    <p class='ocr_par' dir='ltr' id='par_1_5' title="bbox 482 1286 693 1349">
     <span class='ocr_line' id='line_1_10' title="bbox 482 1286 693 1349; baseline 0.009 -3"><span class='ocrx_word' id='word_1_46' title='bbox 482 1286 521 1349; x_wconf 86' lang='grc' dir='ltr'><strong>Μ.</strong></span> <span class='ocrx_word' id='word_1_47' title='bbox 545 1286 582 1348; x_wconf 89' lang='lat' dir='ltr'><strong>D.</strong></span> <span class='ocrx_word' id='word_1_48' title='bbox 606 1286 693 1348; x_wconf 88' lang='lat' dir='ltr'>XLV.</span> 
     </span>
    </p>
   </div>
   <div class='ocr_carea' id='block_1_5' title="bbox 124 1419 1063 3408">
    <p class='ocr_par' dir='ltr' id='par_1_6' title="bbox 128 1419 1044 1584">
     <span class='ocr_line' id='line_1_11' title="bbox 208 1419 1044 1502; baseline 0 -17"><span class='ocrx_word' id='word_1_49' title='bbox 208 1425 233 1485; x_wconf 88' lang='lat'><strong>1.</strong></span> <span class='ocrx_word' id='word_1_50' title='bbox 257 1419 413 1500; x_wconf 82' lang='lat' dir='ltr'><strong>Quidquid</strong></span> <span class='ocrx_word' id='word_1_51' title='bbox 433 1422 465 1480; x_wconf 91' lang='lat' dir='ltr'><strong>in</strong></span> <span class='ocrx_word' id='word_1_52' title='bbox 482 1420 616 1482; x_wconf 89' lang='lat' dir='ltr'><strong>ecclesia</strong></span> <span class='ocrx_word' id='word_1_53' title='bbox 627 1421 686 1482; x_wconf 92' lang='lat' dir='ltr'><strong>Dei</strong></span> <span class='ocrx_word' id='word_1_54' title='bbox 706 1420 836 1484; x_wconf 78' lang='lat' dir='ltr'><strong>docetur</strong></span> <span class='ocrx_word' id='word_1_55' title='bbox 855 1424 924 1484; x_wconf 88' lang='lat' dir='ltr'><strong>sine</strong></span> <span class='ocrx_word' id='word_1_56' title='bbox 947 1424 1044 1502; x_wconf 80' lang='lat' dir='ltr'><strong>verbo,</strong></span> 
     </span>
     <span class='ocr_line' id='line_1_12' title="bbox 128 1505 616 1584; baseline -0.002 -18"><span class='ocrx_word' id='word_1_57' title='bbox 128 1505 321 1566; x_wconf 86' lang='lat' dir='ltr'><strong>mendacium</strong></span> <span class='ocrx_word' id='word_1_58' title='bbox 344 1513 375 1565; x_wconf 89' lang='lat' dir='ltr'><strong>et</strong></span> <span class='ocrx_word' id='word_1_59' title='bbox 395 1505 537 1584; x_wconf 89' lang='lat' dir='ltr'><strong>impietas</strong></span> <span class='ocrx_word' id='word_1_60' title='bbox 560 1512 616 1566; x_wconf 89' lang='lat' dir='ltr'><strong>est.</strong></span> 
     </span>
    </p>

    <p class='ocr_par' dir='ltr' id='par_1_7' title="bbox 126 1585 1045 1733">
     <span class='ocr_line' id='line_1_13' title="bbox 209 1585 1045 1671; baseline -0.001 -20"><span class='ocrx_word' id='word_1_61' title='bbox 209 1592 238 1651; x_wconf 85' lang='lat'><strong>2.</strong></span> <span class='ocrx_word' id='word_1_62' title='bbox 260 1587 293 1650; x_wconf 80' lang='lat' dir='ltr'><strong>si</strong></span> <span class='ocrx_word' id='word_1_63' title='bbox 313 1586 395 1648; x_wconf 92' lang='lat' dir='ltr'><strong>idem</strong></span> <span class='ocrx_word' id='word_1_64' title='bbox 419 1606 475 1668; x_wconf 88' lang='lat' dir='ltr'><strong>pro</strong></span> <span class='ocrx_word' id='word_1_65' title='bbox 498 1586 634 1648; x_wconf 81' lang='lat' dir='ltr'><strong>articulis</strong></span> <span class='ocrx_word' id='word_1_66' title='bbox 647 1585 718 1647; x_wconf 87' lang='lat' dir='ltr'><strong>fidei</strong></span> <span class='ocrx_word' id='word_1_67' title='bbox 734 1589 888 1667; x_wconf 84' lang='lat' dir='ltr'><strong>statuitur,</strong></span> <span class='ocrx_word' id='word_1_68' title='bbox 910 1591 1045 1671; x_wconf 88' lang='lat' dir='ltr'><strong>impietas</strong></span> 
     </span>
     <span class='ocr_line' id='line_1_14' title="bbox 126 1670 394 1733; baseline 0.004 -1"><span class='ocrx_word' id='word_1_69' title='bbox 126 1677 158 1732; x_wconf 91' lang='lat' dir='ltr'><strong>et</strong></span> <span class='ocrx_word' id='word_1_70' title='bbox 179 1670 315 1731; x_wconf 87' lang='lat' dir='ltr'><strong>haeresis</strong></span> <span class='ocrx_word' id='word_1_71' title='bbox 337 1679 394 1733; x_wconf 90' lang='lat' dir='ltr'><strong>est.</strong></span> 
     </span>
    </p>

    <p class='ocr_par' dir='ltr' id='par_1_8' title="bbox 126 1752 1046 1901">
     <span class='ocr_line' id='line_1_15' title="bbox 208 1752 1046 1837; baseline -0.001 -20"><span class='ocrx_word' id='word_1_72' title='bbox 208 1757 235 1817; x_wconf 87' lang='lat'><strong>3.</strong></span> <span class='ocrx_word' id='word_1_73' title='bbox 264 1754 320 1815; x_wconf 81' lang='lat' dir='ltr'><strong>Oui</strong></span> <span class='ocrx_word' id='word_1_74' title='bbox 342 1754 367 1813; x_wconf 92' lang='lat' dir='ltr'><strong>si</strong></span> <span class='ocrx_word' id='word_1_75' title='bbox 396 1754 463 1832; x_wconf 92' lang='lat' dir='ltr'><strong>quis</strong></span> <span class='ocrx_word' id='word_1_76' title='bbox 493 1752 605 1832; x_wconf 82' lang='lat' dir='ltr'><strong>credit,</strong></span> <span class='ocrx_word' id='word_1_77' title='bbox 634 1752 784 1830; x_wconf 82' lang='lat' dir='ltr'><strong>idolatra,</strong></span> <span class='ocrx_word' id='word_1_78' title='bbox 812 1752 975 1816; x_wconf 90' lang='lat' dir='ltr'><strong>diabolum</strong></span> <span class='ocrx_word' id='word_1_79' title='bbox 996 1775 1046 1837; x_wconf 87' lang='lat' dir='ltr'><strong>pro</strong></span> 
     </span>
     <span class='ocr_line' id='line_1_16' title="bbox 126 1837 300 1901; baseline 0.017 -4"><span class='ocrx_word' id='word_1_80' title='bbox 126 1837 193 1897; x_wconf 87' lang='lat' dir='ltr'><strong>Deo</strong></span> <span class='ocrx_word' id='word_1_81' title='bbox 216 1837 300 1901; x_wconf 91' lang='lat' dir='ltr'><strong>colit.</strong></span> 
     </span>
    </p>

    <p class='ocr_par' dir='ltr' id='par_1_9' title="bbox 127 1917 1048 2065">
     <span class='ocr_line' id='line_1_17' title="bbox 207 1917 1048 1998; baseline -0.001 -16"><span class='ocrx_word' id='word_1_82' title='bbox 207 1921 237 1982; x_wconf 84' lang='grc'><strong>4.</strong></span> <span class='ocrx_word' id='word_1_83' title='bbox 261 1919 329 1981; x_wconf 76' lang='lat' dir='ltr'><strong>etat</strong></span> <span class='ocrx_word' id='word_1_84' title='bbox 350 1919 504 1980; x_wconf 85' lang='lat' dir='ltr'><strong>sententia</strong></span> <span class='ocrx_word' id='word_1_85' title='bbox 525 1917 557 1979; x_wconf 81' lang='lat' dir='ltr'><strong>S.</strong></span> <span class='ocrx_word' id='word_1_86' title='bbox 578 1917 682 1998; x_wconf 85' lang='lat' dir='ltr'><strong>Pauli,</strong></span> <span class='ocrx_word' id='word_1_87' title='bbox 711 1918 870 1980; x_wconf 85' lang='lat' dir='ltr'><strong>doctrinas</strong></span> <span class='ocrx_word' id='word_1_88' title='bbox 892 1921 1048 1982; x_wconf 90' lang='lat' dir='ltr'><strong>hominum</strong></span> 
     </span>
     <span class='ocr_line' id='line_1_18' title="bbox 127 2003 843 2065; baseline -0.001 -3"><span class='ocrx_word' id='word_1_89' title='bbox 127 2003 265 2065; x_wconf 88' lang='lat' dir='ltr'><strong>aversari</strong></span> <span class='ocrx_word' id='word_1_90' title='bbox 286 2003 458 2064; x_wconf 87' lang='lat' dir='ltr'><strong>veritatem.</strong></span> <span class='ocrx_word' id='word_1_91' title='bbox 839 2021 843 2028; x_wconf 93' lang='lat'>·</span> 
     </span>
    </p>

    <p class='ocr_par' dir='ltr' id='par_1_10' title="bbox 124 2083 1063 2333">
     <span class='ocr_line' id='line_1_19' title="bbox 208 2083 1050 2164; baseline -0.004 -13"><span class='ocrx_word' id='word_1_92' title='bbox 208 2089 238 2151; x_wconf 79' lang='grc'><strong>5.</strong></span> <span class='ocrx_word' id='word_1_93' title='bbox 259 2085 372 2146; x_wconf 75' lang='lat' dir='ltr'><strong>rutubi</strong></span> <span class='ocrx_word' id='word_1_94' title='bbox 393 2103 457 2145; x_wconf 90' lang='lat' dir='ltr'><strong>non</strong></span> <span class='ocrx_word' id='word_1_95' title='bbox 480 2089 528 2144; x_wconf 90' lang='lat' dir='ltr'><strong>est</strong></span> <span class='ocrx_word' id='word_1_96' title='bbox 549 2084 724 2164; x_wconf 85' lang='lat' dir='ltr'><strong>promissio,</strong></span> <span class='ocrx_word' id='word_1_97' title='bbox 745 2084 789 2145; x_wconf 90' lang='lat' dir='ltr'><strong>ibi</strong></span> <span class='ocrx_word' id='word_1_98' title='bbox 811 2083 891 2145; x_wconf 87' lang='lat' dir='ltr'><strong>fides</strong></span> <span class='ocrx_word' id='word_1_99' title='bbox 904 2105 970 2148; x_wconf 88' lang='lat' dir='ltr'><strong>non</strong></span> <span class='ocrx_word' id='word_1_100' title='bbox 984 2107 1050 2148; x_wconf 87' lang='lat' dir='ltr'><strong>esse</strong></span> 
     </span>
     <span class='ocr_line' id='line_1_20' title="bbox 124 2166 1050 2248; baseline 0.002 -19"><span class='ocrx_word' id='word_1_101' title='bbox 124 2173 244 2248; x_wconf 75' lang='lat' dir='ltr'><strong>potest,</strong></span> <span class='ocrx_word' id='word_1_102' title='bbox 280 2166 430 2246; x_wconf 89' lang='lat' dir='ltr'><strong>siquidem</strong></span> <span class='ocrx_word' id='word_1_103' title='bbox 453 2173 485 2228; x_wconf 90' lang='lat' dir='ltr'><strong>et</strong></span> <span class='ocrx_word' id='word_1_104' title='bbox 505 2166 588 2227; x_wconf 90' lang='lat' dir='ltr'><strong>bona</strong></span> <span class='ocrx_word' id='word_1_105' title='bbox 610 2186 723 2247; x_wconf 86' lang='lat' dir='ltr'><strong>opera,</strong></span> <span class='ocrx_word' id='word_1_106' title='bbox 755 2169 781 2226; x_wconf 91' lang='lat' dir='ltr'><strong>si</strong></span> <span class='ocrx_word' id='word_1_107' title='bbox 813 2170 846 2227; x_wconf 91' lang='lat' dir='ltr'><strong>in</strong></span> <span class='ocrx_word' id='word_1_108' title='bbox 880 2167 945 2230; x_wconf 88' lang='lat' dir='ltr'><strong>lide</strong></span> <span class='ocrx_word' id='word_1_109' title='bbox 969 2170 1050 2230; x_wconf 88' lang='lat' dir='ltr'><strong>verbi</strong></span> 
     </span>
     <span class='ocr_line' id='line_1_21' title="bbox 126 2250 1063 2333; baseline 0.001 -23"><span class='ocrx_word' id='word_1_110' title='bbox 126 2271 189 2311; x_wconf 89' lang='lat' dir='ltr'><strong>non</strong></span> <span class='ocrx_word' id='word_1_111' title='bbox 213 2251 299 2327; x_wconf 74' lang='lat' dir='ltr'><strong>liunt,</strong></span> <span class='ocrx_word' id='word_1_112' title='bbox 322 2251 389 2310; x_wconf 89' lang='lat' dir='ltr'><strong>Deo</strong></span> <span class='ocrx_word' id='word_1_113' title='bbox 412 2268 475 2310; x_wconf 91' lang='lat' dir='ltr'><strong>non</strong></span> <span class='ocrx_word' id='word_1_114' title='bbox 498 2250 633 2330; x_wconf 86' lang='lat' dir='ltr'><strong>placent.</strong></span> <span class='ocrx_word' id='word_1_115' title='bbox 1060 2324 1063 2333; x_wconf 31' lang='grc' dir='ltr'>Ι</span> 
     </span>
    </p>

    <p class='ocr_par' dir='ltr' id='par_1_11' title="bbox 126 2333 1051 2479">
     <span class='ocr_line' id='line_1_22' title="bbox 208 2333 1051 2414; baseline 0.002 -20"><span class='ocrx_word' id='word_1_116' title='bbox 208 2337 235 2398; x_wconf 86' lang='grc'><strong>6.</strong></span> <span class='ocrx_word' id='word_1_117' title='bbox 266 2333 392 2414; x_wconf 79' lang='lat' dir='ltr'><strong>Septem</strong></span> <span class='ocrx_word' id='word_1_118' title='bbox 415 2352 484 2393; x_wconf 88' lang='lat' dir='ltr'><strong>esse</strong></span> <span class='ocrx_word' id='word_1_119' title='bbox 506 2339 700 2392; x_wconf 85' lang='lat' dir='ltr'><strong>sacramenta</strong></span> <span class='ocrx_word' id='word_1_120' title='bbox 722 2333 788 2393; x_wconf 86' lang='lat' dir='ltr'><strong>sine</strong></span> <span class='ocrx_word' id='word_1_121' title='bbox 816 2334 915 2394; x_wconf 89' lang='lat' dir='ltr'><strong>verbo</strong></span> <span class='ocrx_word' id='word_1_122' title='bbox 948 2337 1051 2396; x_wconf 87' lang='lat' dir='ltr'><strong>asseri·</strong></span> 
     </span>
     <span class='ocr_line' id='line_1_23' title="bbox 126 2414 918 2479; baseline 0.001 -2"><span class='ocrx_word' id='word_1_123' title='bbox 126 2424 174 2477; x_wconf 92' lang='lat' dir='ltr'><strong>tur</strong></span> <span class='ocrx_word' id='word_1_124' title='bbox 196 2416 234 2477; x_wconf 91' lang='lat' dir='ltr'><strong>ab</strong></span> <span class='ocrx_word' id='word_1_125' title='bbox 257 2417 420 2476; x_wconf 87' lang='lat' dir='ltr'><strong>haereticis</strong></span> <span class='ocrx_word' id='word_1_126' title='bbox 444 2423 475 2476; x_wconf 89' lang='lat' dir='ltr'><strong>et</strong></span> <span class='ocrx_word' id='word_1_127' title='bbox 495 2414 636 2476; x_wconf 89' lang='lat' dir='ltr'><strong>idolatris</strong></span> <span class='ocrx_word' id='word_1_128' title='bbox 658 2415 918 2479; x_wconf 88' lang='lat' dir='ltr'><strong>Lovaniensibus.</strong></span> 
     </span>
    </p>

    <p class='ocr_par' dir='ltr' id='par_1_12' title="bbox 125 2499 1053 2726">
     <span class='ocr_line' id='line_1_24' title="bbox 207 2499 1052 2580; baseline -0.001 -16"><span class='ocrx_word' id='word_1_129' title='bbox 207 2505 237 2564; x_wconf 84' lang='lat'><strong>7.</strong></span> <span class='ocrx_word' id='word_1_130' title='bbox 260 2500 420 2580; x_wconf 88' lang='lat' dir='ltr'><strong>Baptisma</strong></span> <span class='ocrx_word' id='word_1_131' title='bbox 442 2506 489 2558; x_wconf 87' lang='lat' dir='ltr'><strong>est</strong></span> <span class='ocrx_word' id='word_1_132' title='bbox 511 2507 734 2559; x_wconf 85' lang='lat' dir='ltr'><strong>sacramentum</strong></span> <span class='ocrx_word' id='word_1_133' title='bbox 751 2507 813 2559; x_wconf 89' lang='lat' dir='ltr'><strong>tam</strong></span> <span class='ocrx_word' id='word_1_134' title='bbox 829 2499 945 2561; x_wconf 89' lang='lat' dir='ltr'><strong>adultis</strong></span> <span class='ocrx_word' id='word_1_135' title='bbox 964 2521 1052 2580; x_wconf 87' lang='lat' dir='ltr'><strong>quam</strong></span> 
     </span>
     <span class='ocr_line' id='line_1_25' title="bbox 125 2581 1053 2662; baseline 0.002 -19"><span class='ocrx_word' id='word_1_136' title='bbox 125 2584 291 2644; x_wconf 85' lang='lat' dir='ltr'><strong>infantibus</strong></span> <span class='ocrx_word' id='word_1_137' title='bbox 313 2581 464 2661; x_wconf 76' lang='lat' dir='ltr'><strong>dandum,</strong></span> <span class='ocrx_word' id='word_1_138' title='bbox 496 2581 535 2641; x_wconf 92' lang='lat' dir='ltr'><strong>ad</strong></span> <span class='ocrx_word' id='word_1_139' title='bbox 563 2583 776 2642; x_wconf 89' lang='lat' dir='ltr'><strong>remissionem</strong></span> <span class='ocrx_word' id='word_1_140' title='bbox 799 2589 1004 2662; x_wconf 83' lang='lat' dir='ltr'><strong>peccatorum</strong></span> <span class='ocrx_word' id='word_1_141' title='bbox 1027 2594 1053 2645; x_wconf 88' lang='lat' dir='ltr'><strong>et</strong></span> 
     </span>
     <span class='ocr_line' id='line_1_26' title="bbox 128 2666 448 2726; baseline -0.003 -1"><span class='ocrx_word' id='word_1_142' title='bbox 128 2666 259 2726; x_wconf 88' lang='lat' dir='ltr'><strong>salutem</strong></span> <span class='ocrx_word' id='word_1_143' title='bbox 282 2674 448 2726; x_wconf 86' lang='lat' dir='ltr'><strong>aeternam.</strong></span> 
     </span>
    </p>

    <p class='ocr_par' dir='ltr' id='par_1_13' title="bbox 127 2747 1057 2909">
     <span class='ocr_line' id='line_1_27' title="bbox 208 2747 1057 2829; baseline 0.001 -19"><span class='ocrx_word' id='word_1_144' title='bbox 208 2749 237 2811; x_wconf 85' lang='lat'><strong>8.</strong></span> <span class='ocrx_word' id='word_1_145' title='bbox 261 2749 410 2809; x_wconf 89' lang='lat' dir='ltr'><strong>Doctrina</strong></span> <span class='ocrx_word' id='word_1_146' title='bbox 431 2753 534 2808; x_wconf 89' lang='lat' dir='ltr'><strong>tamen</strong></span> <span class='ocrx_word' id='word_1_147' title='bbox 558 2747 995 2829; x_wconf 83' lang='lat' dir='ltr'><strong>synagogaeLovaniensium</strong></span> <span class='ocrx_word' id='word_1_148' title='bbox 1020 2751 1057 2821; x_wconf 78' lang='lat' dir='ltr'><strong>de,</strong></span> 
     </span>
     <span class='ocr_line' id='line_1_28' title="bbox 127 2830 824 2909; baseline -0.001 -19"><span class='ocrx_word' id='word_1_149' title='bbox 127 2830 315 2909; x_wconf 87' lang='lat' dir='ltr'><strong>baptismate</strong></span> <span class='ocrx_word' id='word_1_150' title='bbox 337 2839 385 2891; x_wconf 86' lang='lat' dir='ltr'><strong>est</strong></span> <span class='ocrx_word' id='word_1_151' title='bbox 407 2830 583 2891; x_wconf 88' lang='lat' dir='ltr'><strong>damnanda</strong></span> <span class='ocrx_word' id='word_1_152' title='bbox 603 2839 636 2892; x_wconf 89' lang='lat' dir='ltr'><strong>ut</strong></span> <span class='ocrx_word' id='word_1_153' title='bbox 658 2832 824 2891; x_wconf 83' lang='lat' dir='ltr'><strong>haeretica.</strong></span> 
     </span>
    </p>

    <p class='ocr_par' dir='ltr' id='par_1_14' title="bbox 126 2913 1056 3160">
     <span class='ocr_line' id='line_1_29' title="bbox 210 2913 1055 2995; baseline 0.001 -20"><span class='ocrx_word' id='word_1_154' title='bbox 210 2915 238 2976; x_wconf 84' lang='lat'><strong>9.</strong></span> <span class='ocrx_word' id='word_1_155' title='bbox 261 2915 457 2975; x_wconf 80' lang='lat' dir='ltr'><strong>Haereticam</strong></span> <span class='ocrx_word' id='word_1_156' title='bbox 480 2913 661 2974; x_wconf 87' lang='lat' dir='ltr'><strong>damnamus</strong></span> <span class='ocrx_word' id='word_1_157' title='bbox 683 2914 821 2994; x_wconf 90' lang='lat' dir='ltr'><strong>spiritum</strong></span> <span class='ocrx_word' id='word_1_158' title='bbox 835 2913 1055 2995; x_wconf 88' lang='lat' dir='ltr'><strong>Anabaptista·</strong></span> 
     </span>
     <span class='ocr_line' id='line_1_30' title="bbox 128 2996 1056 3078; baseline 0.005 -26"><span class='ocrx_word' id='word_1_159' title='bbox 128 3013 204 3073; x_wconf 81' lang='lat' dir='ltr'><strong>rum,</strong></span> <span class='ocrx_word' id='word_1_160' title='bbox 228 3004 262 3057; x_wconf 92' lang='lat' dir='ltr'><strong>ut</strong></span> <span class='ocrx_word' id='word_1_161' title='bbox 284 2999 337 3078; x_wconf 91' lang='lat' dir='ltr'><strong>qui</strong></span> <span class='ocrx_word' id='word_1_162' title='bbox 359 3005 485 3077; x_wconf 89' lang='lat' dir='ltr'><strong>propter</strong></span> <span class='ocrx_word' id='word_1_163' title='bbox 506 2997 664 3057; x_wconf 89' lang='lat' dir='ltr'><strong>hominum</strong></span> <span class='ocrx_word' id='word_1_164' title='bbox 689 2997 761 3056; x_wconf 87' lang='lat' dir='ltr'><strong>vitia</strong></span> <span class='ocrx_word' id='word_1_165' title='bbox 774 2997 824 3056; x_wconf 86' lang='lat' dir='ltr'><strong>vel</strong></span> <span class='ocrx_word' id='word_1_166' title='bbox 838 2996 1056 3077; x_wconf 87' lang='lat' dir='ltr'><strong>indignitatem</strong></span> 
     </span>
     <span class='ocr_line' id='line_1_31' title="bbox 126 3076 567 3160; baseline 0.011 -25"><span class='ocrx_word' id='word_1_167' title='bbox 126 3076 254 3139; x_wconf 88' lang='lat' dir='ltr'><strong>damnat</strong></span> <span class='ocrx_word' id='word_1_168' title='bbox 276 3099 382 3139; x_wconf 88' lang='lat' dir='ltr'><strong>verum</strong></span> <span class='ocrx_word' id='word_1_169' title='bbox 404 3079 567 3160; x_wconf 88' lang='lat' dir='ltr'><strong>baptisma.</strong></span> 
     </span>
    </p>

    <p class='ocr_par' dir='ltr' id='par_1_15' title="bbox 127 3160 1060 3408">
     <span class='ocr_line' id='line_1_32' title="bbox 191 3160 1057 3244; baseline 0.001 -21"><span class='ocrx_word' id='word_1_170' title='bbox 191 3165 237 3225; x_wconf 78' lang='lat'><strong>10.</strong></span> <span class='ocrx_word' id='word_1_171' title='bbox 261 3161 313 3222; x_wconf 83' lang='lat' dir='ltr'><strong>sic</strong></span> <span class='ocrx_word' id='word_1_172' title='bbox 334 3164 416 3222; x_wconf 91' lang='lat' dir='ltr'><strong>enim</strong></span> <span class='ocrx_word' id='word_1_173' title='bbox 439 3170 470 3222; x_wconf 87' lang='lat' dir='ltr'><strong>et</strong></span> <span class='ocrx_word' id='word_1_174' title='bbox 484 3164 694 3243; x_wconf 85' lang='lat' dir='ltr'><strong>magistratum</strong></span> <span class='ocrx_word' id='word_1_175' title='bbox 711 3160 791 3244; x_wconf 88' lang='lat' dir='ltr'><strong>(imo</strong></span> <span class='ocrx_word' id='word_1_176' title='bbox 806 3170 838 3220; x_wconf 90' lang='lat' dir='ltr'><strong>et</strong></span> <span class='ocrx_word' id='word_1_177' title='bbox 850 3165 1057 3224; x_wconf 82' lang='lat' dir='ltr'><strong>mInisterium</strong></span> 
     </span>
     <span class='ocr_line' id='line_1_33' title="bbox 127 3244 1060 3325; baseline 0.008 -25"><span class='ocrx_word' id='word_1_178' title='bbox 127 3244 234 3320; x_wconf 87' lang='lat' dir='ltr'><strong>verbi)</strong></span> <span class='ocrx_word' id='word_1_179' title='bbox 260 3245 369 3305; x_wconf 78' lang='lat' dir='ltr'><strong>literet</strong></span> <span class='ocrx_word' id='word_1_180' title='bbox 393 3244 555 3320; x_wconf 77' lang='lat' dir='ltr'><strong>damnare,</strong></span> <span class='ocrx_word' id='word_1_181' title='bbox 584 3252 711 3325; x_wconf 87' lang='lat' dir='ltr'><strong>propter</strong></span> <span class='ocrx_word' id='word_1_182' title='bbox 736 3253 901 3325; x_wconf 86' lang='lat' dir='ltr'><strong>peccatum</strong></span> <span class='ocrx_word' id='word_1_183' title='bbox 937 3249 990 3307; x_wconf 85' lang='lat' dir='ltr'><strong>vel</strong></span> <span class='ocrx_word' id='word_1_184' title='bbox 1019 3250 1060 3307; x_wconf 93' lang='lat' dir='ltr'><strong>in·</strong></span> 
     </span>
     <span class='ocr_line' id='line_1_34' title="bbox 127 3324 886 3408; baseline 0.009 -25"><span class='ocrx_word' id='word_1_185' title='bbox 127 3324 309 3406; x_wconf 85' lang='lat' dir='ltr'><strong>dignitatem</strong></span> <span class='ocrx_word' id='word_1_186' title='bbox 334 3346 497 3407; x_wconf 86' lang='lat' dir='ltr'><strong>personae,</strong></span> <span class='ocrx_word' id='word_1_187' title='bbox 524 3327 606 3408; x_wconf 87' lang='lat' dir='ltr'><strong>quod</strong></span> <span class='ocrx_word' id='word_1_188' title='bbox 629 3337 676 3388; x_wconf 92' lang='lat' dir='ltr'><strong>est</strong></span> <span class='ocrx_word' id='word_1_189' title='bbox 695 3328 886 3390; x_wconf 88' lang='lat' dir='ltr'><strong>seditiosum.</strong></span> 
     </span>
    </p>
   </div>
   <div class='ocr_carea' id='block_1_6' title="bbox 132 3500 253 3512">
    <p class='ocr_par' dir='ltr' id='par_1_16' title="bbox 132 3500 253 3512">
     <span class='ocr_line' id='line_1_35' title="bbox 132 3500 253 3512; baseline 0.017 -2"><span class='ocrx_word' id='word_1_190' title='bbox 132 3500 253 3512; x_wconf 48' lang='lat'><strong>¹*—</strong></span> 
     </span>
    </p>
   </div>
   <div class='ocr_carea' id='block_1_7' title="bbox 119 3609 1064 3835">
    <p class='ocr_par' dir='ltr' id='par_1_17' title="bbox 119 3609 1064 3835">
     <span class='ocr_line' id='line_1_36' title="bbox 197 3609 1063 3679; baseline 0.002 -15"><span class='ocrx_word' id='word_1_191' title='bbox 197 3613 228 3679; x_wconf 72' lang='lat'><strong>‘)</strong></span> <span class='ocrx_word' id='word_1_192' title='bbox 251 3610 466 3665; x_wconf 82' lang='lat' dir='ltr'><strong>Germanicam</strong></span> <span class='ocrx_word' id='word_1_193' title='bbox 486 3613 603 3665; x_wconf 89' lang='lat' dir='ltr'><strong>Walchii</strong></span> <span class='ocrx_word' id='word_1_194' title='bbox 623 3609 737 3663; x_wconf 68' lang='lat' dir='ltr'><strong>collect:</strong></span> <span class='ocrx_word' id='word_1_195' title='bbox 758 3610 826 3678; x_wconf 86' lang='lat' dir='ltr'><strong>Opp.</strong></span> <span class='ocrx_word' id='word_1_196' title='bbox 848 3610 932 3664; x_wconf 85' lang='lat' dir='ltr'><strong>Lutlr.</strong></span> <span class='ocrx_word' id='word_1_197' title='bbox 953 3613 988 3665; x_wconf 89' lang='grc' dir='ltr'><strong>Τ.</strong></span> <span class='ocrx_word' id='word_1_198' title='bbox 1002 3613 1063 3666; x_wconf 82' lang='lat' dir='ltr'><strong>XIX</strong></span> 
     </span>
     <span class='ocr_line' id='line_1_37' title="bbox 125 3680 1064 3753; baseline -0.003 -13"><span class='ocrx_word' id='word_1_199' title='bbox 125 3700 149 3753; x_wconf 80' lang='lat' dir='ltr'><strong>p·</strong></span> <span class='ocrx_word' id='word_1_200' title='bbox 172 3683 252 3750; x_wconf 79' lang='lat'>2250,</span> <span class='ocrx_word' id='word_1_201' title='bbox 273 3685 402 3736; x_wconf 88' lang='lat' dir='ltr'><strong>Wittcnb.</strong></span> <span class='ocrx_word' id='word_1_202' title='bbox 424 3684 471 3735; x_wconf 89' lang='lat' dir='ltr'><strong>XII</strong></span> <span class='ocrx_word' id='word_1_203' title='bbox 492 3701 517 3751; x_wconf 91' lang='lat' dir='ltr'><strong>p.</strong></span> <span class='ocrx_word' id='word_1_204' title='bbox 530 3685 592 3740; x_wconf 81' lang='lat'><strong>339.</strong></span> <span class='ocrx_word' id='word_1_205' title='bbox 628 3680 692 3735; x_wconf 82' lang='lat' dir='ltr'><strong>den.</strong></span> <span class='ocrx_word' id='word_1_206' title='bbox 713 3681 776 3736; x_wconf 91' lang='lat' dir='ltr'>VIII</span> <span class='ocrx_word' id='word_1_207' title='bbox 795 3698 821 3748; x_wconf 84' lang='lat' dir='ltr'><strong>p.</strong></span> <span class='ocrx_word' id='word_1_208' title='bbox 843 3681 909 3736; x_wconf 78' lang='lat'><strong>417.</strong></span> <span class='ocrx_word' id='word_1_209' title='bbox 953 3686 1064 3740; x_wconf 74' lang='lat' dir='ltr'><strong>Altenb.</strong></span> 
     </span>
     <span class='ocr_line' id='line_1_38' title="bbox 119 3754 646 3835; baseline -0.021 -18"><span class='ocrx_word' id='word_1_210' title='bbox 119 3757 186 3818; x_wconf 91' lang='lat' dir='ltr'>VIII</span> <span class='ocrx_word' id='word_1_211' title='bbox 204 3778 233 3835; x_wconf 86' lang='lat' dir='ltr'><strong>p.</strong></span> <span class='ocrx_word' id='word_1_212' title='bbox 254 3758 319 3819; x_wconf 71' lang='grc'><strong>498.</strong></span> <span class='ocrx_word' id='word_1_213' title='bbox 353 3757 435 3827; x_wconf 69' lang='lat' dir='ltr'><strong>Irlps.</strong></span> <span class='ocrx_word' id='word_1_214' title='bbox 451 3755 518 3808; x_wconf 80' lang='lat' dir='ltr'><strong>XXI</strong></span> <span class='ocrx_word' id='word_1_215' title='bbox 533 3772 562 3823; x_wconf 84' lang='lat' dir='ltr'><strong>p.</strong></span> <span class='ocrx_word' id='word_1_216' title='bbox 579 3754 646 3808; x_wconf 56' lang='lat' dir='ltr'><strong>*dti-</strong></span> 
     </span>
    </p>
   </div>
   <div class='ocr_carea' id='block_1_8' title="bbox 0 0 1194 4208">
    <p class='ocr_par' dir='ltr' id='par_1_18' title="bbox 0 0 1194 4208">
     <span class='ocr_line' id='line_1_39' title="bbox 0 0 1194 4208; baseline 0 0"><span class='ocrx_word' id='word_1_217' title='bbox 0 0 1194 4208; x_wconf 95' lang='lat' dir='ltr'><strong> </strong></span> 
     </span>
    </p>
   </div>
  </div>
 </body>
</html>
