<?xml version="1.0" encoding="UTF-8"?>
<!DOCTYPE html PUBLIC "-//W3C//DTD XHTML 1.0 Transitional//EN"
    "http://www.w3.org/TR/xhtml1/DTD/xhtml1-transitional.dtd">
<html xmlns="http://www.w3.org/1999/xhtml" xml:lang="en" lang="en">
 <head>
  <title>
</title>
<meta http-equiv="Content-Type" content="text/html;charset=utf-8" />
  <meta name='ocr-system' content='tesseract 3.04.00' />
  <meta name='ocr-capabilities' content='ocr_page ocr_carea ocr_par ocr_line ocrx_word'/>
</head>
<body>
  <div class='ocr_page' id='page_1' title='image "./dmartinilutheri04luthgoog_0816.png"; bbox 0 0 2346 4208; ppageno 0'>
   <div class='ocr_carea' id='block_1_1' title="bbox 391 248 1042 350">
    <p class='ocr_par' dir='ltr' id='par_1_1' title="bbox 391 248 1042 350">
     <span class='ocr_line' id='line_1_1' title="bbox 391 248 1042 350; baseline 0.022 -20"><span class='ocrx_word' id='word_1_1' title='bbox 391 248 488 332; x_wconf 75' lang='lat' dir='ltr'>eontra</span> <span class='ocrx_word' id='word_1_2' title='bbox 506 297 614 334; x_wconf 83' lang='lat' dir='ltr'>errores</span> <span class='ocrx_word' id='word_1_3' title='bbox 633 282 667 335; x_wconf 87' lang='grc' dir='ltr'>Μ.</span> <span class='ocrx_word' id='word_1_4' title='bbox 688 283 763 337; x_wconf 86' lang='lat' dir='ltr'>Luth.</span> <span class='ocrx_word' id='word_1_5' title='bbox 981 282 1042 350; x_wconf 82' lang='grc'>291</span> 
     </span>
    </p>
   </div>
   <div class='ocr_carea' id='block_1_2' title="bbox 105 452 1083 3777">
    <p class='ocr_par' dir='ltr' id='par_1_2' title="bbox 105 452 1043 961">
     <span class='ocr_line' id='line_1_2' title="bbox 111 452 1043 551; baseline 0.009 -27"><span class='ocrx_word' id='word_1_6' title='bbox 111 452 206 541; x_wconf 74' lang='lat' dir='ltr'>&#39;pmii</span> <span class='ocrx_word' id='word_1_7' title='bbox 237 461 339 551; x_wconf 76' lang='lat' dir='ltr'>quak)</span> <span class='ocrx_word' id='word_1_8' title='bbox 364 483 527 546; x_wconf 84' lang='lat' dir='ltr'>possumus</span> <span class='ocrx_word' id='word_1_9' title='bbox 550 468 664 546; x_wconf 89' lang='lat' dir='ltr'>pietate</span> <span class='ocrx_word' id='word_1_10' title='bbox 693 471 736 528; x_wconf 90' lang='lat' dir='ltr'>uti</span> <span class='ocrx_word' id='word_1_11' title='bbox 763 468 971 547; x_wconf 71' lang='lat' dir='ltr'>decrevimus,</span> <span class='ocrx_word' id='word_1_12' title='bbox 1003 480 1043 551; x_wconf 91' lang='lat' dir='ltr'>et,</span> 
     </span>
     <span class='ocr_line' id='line_1_3' title="bbox 119 544 1039 633; baseline 0.008 -25"><span class='ocrx_word' id='word_1_13' title='bbox 119 544 306 629; x_wconf 69' lang='lat' dir='ltr'>quantumi)</span> <span class='ocrx_word' id='word_1_14' title='bbox 331 546 361 609; x_wconf 92' lang='lat' dir='ltr'>in</span> <span class='ocrx_word' id='word_1_15' title='bbox 385 547 474 609; x_wconf 88' lang='lat' dir='ltr'>nobis</span> <span class='ocrx_word' id='word_1_16' title='bbox 497 556 557 626; x_wconf 90' lang='lat' dir='ltr'>est,</span> <span class='ocrx_word' id='word_1_17' title='bbox 580 571 689 631; x_wconf 85' lang='lat' dir='ltr'>agere,</span> <span class='ocrx_word' id='word_1_18' title='bbox 724 559 757 612; x_wconf 92' lang='lat' dir='ltr'>ut</span> <span class='ocrx_word' id='word_1_19' title='bbox 779 555 939 633; x_wconf 87' lang='lat' dir='ltr'>proposita</span> <span class='ocrx_word' id='word_1_20' title='bbox 961 574 1039 615; x_wconf 81' lang='lat' dir='ltr'>man·</span> 
     </span>
     <span class='ocr_line' id='line_1_4' title="bbox 105 630 1043 715; baseline 0.006 -23"><span class='ocrx_word' id='word_1_21' title='bbox 105 630 290 707; x_wconf 85' lang='lat' dir='ltr'>¹suetudinis</span> <span class='ocrx_word' id='word_1_22' title='bbox 313 631 364 690; x_wconf 93' lang='lat' dir='ltr'>via</span> <span class='ocrx_word' id='word_1_23' title='bbox 385 630 425 691; x_wconf 91' lang='lat' dir='ltr'>ad</span> <span class='ocrx_word' id='word_1_24' title='bbox 446 650 500 692; x_wconf 89' lang='lat' dir='ltr'>eor</span> <span class='ocrx_word' id='word_1_25' title='bbox 519 640 707 712; x_wconf 86' lang='lat' dir='ltr'>revertatur,</span> <span class='ocrx_word' id='word_1_26' title='bbox 730 642 761 695; x_wconf 84' lang='lat' dir='ltr'>et</span> <span class='ocrx_word' id='word_1_27' title='bbox 780 656 799 696; x_wconf 90' lang='lat' dir='ltr'>a</span> <span class='ocrx_word' id='word_1_28' title='bbox 820 635 985 715; x_wconf 87' lang='lat' dir='ltr'>praedictis</span> <span class='ocrx_word' id='word_1_29' title='bbox 998 657 1043 698; x_wconf 89' lang='lat' dir='ltr'>re-</span> 
     </span>
     <span class='ocr_line' id='line_1_5' title="bbox 117 712 1043 801; baseline 0.003 -25"><span class='ocrx_word' id='word_1_30' title='bbox 117 712 211 776; x_wconf 86' lang='lat' dir='ltr'>cedat</span> <span class='ocrx_word' id='word_1_31' title='bbox 232 713 393 789; x_wconf 89' lang='lat' dir='ltr'>erroribus,</span> <span class='ocrx_word' id='word_1_32' title='bbox 417 721 450 773; x_wconf 91' lang='lat' dir='ltr'>ut</span> <span class='ocrx_word' id='word_1_33' title='bbox 471 715 572 796; x_wconf 90' lang='lat' dir='ltr'>ipsum</span> <span class='ocrx_word' id='word_1_34' title='bbox 594 724 738 797; x_wconf 80' lang='lat' dir='ltr'><strong>tanquam</strong></span> <span class='ocrx_word' id='word_1_35' title='bbox 754 717 848 778; x_wconf 87' lang='lat' dir='ltr'>filium</span> <span class='ocrx_word' id='word_1_36' title='bbox 867 719 950 779; x_wconf 86' lang='lat' dir='ltr'>ilium</span> <span class='ocrx_word' id='word_1_37' title='bbox 974 739 1043 801; x_wconf 93' lang='lat' dir='ltr'>pro-</span> 
     </span>
     <span class='ocr_line' id='line_1_6' title="bbox 116 796 1043 884; baseline 0.005 -25"><span class='ocrx_word' id='word_1_38' title='bbox 116 797 224 878; x_wconf 88' lang='lat' dir='ltr'>digum</span> <span class='ocrx_word' id='word_1_39' title='bbox 238 804 284 877; x_wconf 62' lang='lat'>¹¹¹),</span> <span class='ocrx_word' id='word_1_40' title='bbox 306 796 346 856; x_wconf 95' lang='lat' dir='ltr'>ad</span> <span class='ocrx_word' id='word_1_41' title='bbox 368 798 517 876; x_wconf 84' lang='lat' dir='ltr'>gremium</span> <span class='ocrx_word' id='word_1_42' title='bbox 541 799 736 884; x_wconf 78' lang='lat' dir='ltr'>ecelesiaen)</span> <span class='ocrx_word' id='word_1_43' title='bbox 761 809 966 863; x_wconf 89' lang='lat' dir='ltr'>revertentem</span> <span class='ocrx_word' id='word_1_44' title='bbox 992 802 1043 863; x_wconf 92' lang='lat' dir='ltr'>be·</span> 
     </span>
     <span class='ocr_line' id='line_1_7' title="bbox 116 880 429 961; baseline -0.01 -18"><span class='ocrx_word' id='word_1_45' title='bbox 116 883 214 961; x_wconf 79' lang='lat' dir='ltr'>aigne</span> <span class='ocrx_word' id='word_1_46' title='bbox 235 880 429 961; x_wconf 77' lang='lat' dir='ltr'><strong>recipiamus.</strong></span> 
     </span>
    </p>

    <p class='ocr_par' dir='ltr' id='par_1_3' title="bbox 154 958 1042 1046">
     <span class='ocr_line' id='line_1_8' title="bbox 154 958 1042 1046; baseline 0.006 -22"><span class='ocrx_word' id='word_1_47' title='bbox 154 964 198 1039; x_wconf 75' lang='lat' dir='ltr'>a]</span> <span class='ocrx_word' id='word_1_48' title='bbox 222 958 296 1038; x_wconf 74' lang='lat' dir='ltr'>Quis</span> <span class='ocrx_word' id='word_1_49' title='bbox 327 963 469 1043; x_wconf 79' lang='lat' dir='ltr'>ignorat,</span> <span class='ocrx_word' id='word_1_50' title='bbox 506 982 559 1025; x_wconf 89' lang='lat' dir='ltr'>our</span> <span class='ocrx_word' id='word_1_51' title='bbox 590 969 753 1045; x_wconf 78' lang='lat' dir='ltr'>tantopere</span> <span class='ocrx_word' id='word_1_52' title='bbox 788 968 893 1046; x_wconf 88' lang='lat' dir='ltr'>cupias</span> <span class='ocrx_word' id='word_1_53' title='bbox 922 969 1042 1029; x_wconf 85' lang='lat' dir='ltr'>Romae</span> 
     </span>
    </p>

    <p class='ocr_par' dir='ltr' id='par_1_4' title="bbox 161 1044 957 1113">
     <span class='ocr_line' id='line_1_9' title="bbox 161 1044 957 1113; baseline 0.003 -10"><span class='ocrx_word' id='word_1_54' title='bbox 161 1044 267 1106; x_wconf 86' lang='lat' dir='ltr'>videre</span> <span class='ocrx_word' id='word_1_55' title='bbox 289 1045 474 1113; x_wconf 77' lang='lat' dir='ltr'>Lutherum?</span> <span class='ocrx_word' id='word_1_56' title='bbox 786 1088 792 1105; x_wconf 84' lang='lat'>.</span> <span class='ocrx_word' id='word_1_57' title='bbox 954 1092 957 1099; x_wconf 91' lang='lat'><strong>.</strong></span> 
     </span>
    </p>

    <p class='ocr_par' dir='ltr' id='par_1_5' title="bbox 160 1127 1041 1208">
     <span class='ocr_line' id='line_1_10' title="bbox 160 1127 1041 1208; baseline 0.003 -17"><span class='ocrx_word' id='word_1_58' title='bbox 160 1127 199 1205; x_wconf 86' lang='lat' dir='ltr'>b)</span> <span class='ocrx_word' id='word_1_59' title='bbox 223 1127 292 1189; x_wconf 89' lang='lat' dir='ltr'>Hoc</span> <span class='ocrx_word' id='word_1_60' title='bbox 312 1127 388 1189; x_wconf 87' lang='lat' dir='ltr'>iliud</span> <span class='ocrx_word' id='word_1_61' title='bbox 410 1128 533 1190; x_wconf 86' lang='lat' dir='ltr'>tandem</span> <span class='ocrx_word' id='word_1_62' title='bbox 555 1136 602 1191; x_wconf 92' lang='lat' dir='ltr'>est</span> <span class='ocrx_word' id='word_1_63' title='bbox 615 1131 712 1208; x_wconf 85' lang='lat' dir='ltr'>nefas,</span> <span class='ocrx_word' id='word_1_64' title='bbox 736 1133 820 1191; x_wconf 90' lang='lat' dir='ltr'>omni</span> <span class='ocrx_word' id='word_1_65' title='bbox 842 1135 960 1194; x_wconf 83' lang='lat' dir='ltr'>scelere</span> <span class='ocrx_word' id='word_1_66' title='bbox 978 1152 1041 1194; x_wconf 91' lang='lat' dir='ltr'>sce·</span> 
     </span>
    </p>

    <p class='ocr_par' dir='ltr' id='par_1_6' title="bbox 160 1211 897 1292">
     <span class='ocr_line' id='line_1_11' title="bbox 160 1211 897 1292; baseline 0.008 -22"><span class='ocrx_word' id='word_1_67' title='bbox 160 1211 296 1290; x_wconf 88' lang='lat' dir='ltr'>leratius,</span> <span class='ocrx_word' id='word_1_68' title='bbox 320 1211 476 1292; x_wconf 81' lang='lat' dir='ltr'>appellare</span> <span class='ocrx_word' id='word_1_69' title='bbox 498 1213 536 1274; x_wconf 84' lang='lat' dir='ltr'>ad</span> <span class='ocrx_word' id='word_1_70' title='bbox 560 1213 690 1275; x_wconf 83' lang='lat' dir='ltr'>futurum</span> <span class='ocrx_word' id='word_1_71' title='bbox 715 1215 897 1277; x_wconf 73' lang='lat' dir='ltr'>Concilium.</span> 
     </span>
    </p>

    <p class='ocr_par' dir='ltr' id='par_1_7' title="bbox 159 1292 1042 1376">
     <span class='ocr_line' id='line_1_12' title="bbox 159 1292 1042 1376; baseline 0.007 -22"><span class='ocrx_word' id='word_1_72' title='bbox 159 1292 191 1376; x_wconf 86' lang='lat' dir='ltr'>c)</span> <span class='ocrx_word' id='word_1_73' title='bbox 215 1295 340 1374; x_wconf 89' lang='lat' dir='ltr'>lmpiam</span> <span class='ocrx_word' id='word_1_74' title='bbox 363 1295 485 1355; x_wconf 88' lang='lat' dir='ltr'>scelesti</span> <span class='ocrx_word' id='word_1_75' title='bbox 514 1297 692 1376; x_wconf 77' lang='lat' dir='ltr'>impostoris</span> <span class='ocrx_word' id='word_1_76' title='bbox 715 1298 966 1361; x_wconf 85' lang='lat' dir='ltr'>constitutionem</span> <span class='ocrx_word' id='word_1_77' title='bbox 989 1318 1042 1360; x_wconf 92' lang='lat' dir='ltr'>no·</span> 
     </span>
    </p>

    <p class='ocr_par' dir='ltr' id='par_1_8' title="bbox 160 1376 1042 1462">
     <span class='ocr_line' id='line_1_13' title="bbox 160 1376 1042 1462; baseline 0.003 -23"><span class='ocrx_word' id='word_1_78' title='bbox 160 1376 208 1440; x_wconf 92' lang='lat' dir='ltr'>bis</span> <span class='ocrx_word' id='word_1_79' title='bbox 231 1377 348 1437; x_wconf 88' lang='lat' dir='ltr'>obiiois.</span> <span class='ocrx_word' id='word_1_80' title='bbox 371 1376 446 1450; x_wconf 83' lang='lat' dir='ltr'>Quis</span> <span class='ocrx_word' id='word_1_81' title='bbox 469 1380 618 1458; x_wconf 83' lang='lat' dir='ltr'>accipiet,</span> <span class='ocrx_word' id='word_1_82' title='bbox 641 1398 746 1441; x_wconf 89' lang='lat' dir='ltr'>eorum</span> <span class='ocrx_word' id='word_1_83' title='bbox 771 1384 967 1460; x_wconf 85' lang='lat' dir='ltr'>praesertim,</span> <span class='ocrx_word' id='word_1_84' title='bbox 991 1384 1042 1462; x_wconf 90' lang='lat' dir='ltr'>qui</span> 
     </span>
    </p>

    <p class='ocr_par' dir='ltr' id='par_1_9' title="bbox 158 1459 1041 1543">
     <span class='ocr_line' id='line_1_14' title="bbox 158 1459 1041 1543; baseline 0.007 -23"><span class='ocrx_word' id='word_1_85' title='bbox 158 1461 220 1535; x_wconf 80' lang='lat' dir='ltr'>iam</span> <span class='ocrx_word' id='word_1_86' title='bbox 252 1459 360 1538; x_wconf 82' lang='lat' dir='ltr'>oculos</span> <span class='ocrx_word' id='word_1_87' title='bbox 393 1461 595 1542; x_wconf 81' lang='lat' dir='ltr'>receperunt?</span> <span class='ocrx_word' id='word_1_88' title='bbox 634 1461 660 1522; x_wconf 93' lang='lat'>0</span> <span class='ocrx_word' id='word_1_89' title='bbox 698 1462 835 1524; x_wconf 86' lang='lat' dir='ltr'>fraudem</span> <span class='ocrx_word' id='word_1_90' title='bbox 865 1471 957 1543; x_wconf 85' lang='lat' dir='ltr'>atque</span> <span class='ocrx_word' id='word_1_91' title='bbox 978 1466 1041 1526; x_wconf 90' lang='lat' dir='ltr'>vic-</span> 
     </span>
    </p>

    <p class='ocr_par' dir='ltr' id='par_1_10' title="bbox 158 1542 377 1624">
     <span class='ocr_line' id='line_1_15' title="bbox 158 1542 377 1624; baseline -0.009 -21"><span class='ocrx_word' id='word_1_92' title='bbox 158 1542 296 1603; x_wconf 88' lang='lat' dir='ltr'>lentiam.</span> <span class='ocrx_word' id='word_1_93' title='bbox 373 1618 377 1624; x_wconf 24' lang='grc' dir='ltr'>Ι</span> 
     </span>
    </p>

    <p class='ocr_par' dir='ltr' id='par_1_11' title="bbox 158 1618 804 1708">
     <span class='ocr_line' id='line_1_16' title="bbox 158 1618 804 1708; baseline 0 -22"><span class='ocrx_word' id='word_1_94' title='bbox 158 1618 198 1708; x_wconf 91' lang='lat' dir='ltr'>d)</span> <span class='ocrx_word' id='word_1_95' title='bbox 223 1623 369 1686; x_wconf 82' lang='lat' dir='ltr'>Sanctum</span> <span class='ocrx_word' id='word_1_96' title='bbox 392 1624 548 1685; x_wconf 91' lang='lat' dir='ltr'>hominem</span> <span class='ocrx_word' id='word_1_97' title='bbox 569 1645 804 1688; x_wconf 85' lang='lat' dir='ltr'>commemoras.</span> 
     </span>
    </p>

    <p class='ocr_par' dir='ltr' id='par_1_12' title="bbox 159 1707 1042 1789">
     <span class='ocr_line' id='line_1_17' title="bbox 159 1707 1042 1789; baseline 0.002 -19"><span class='ocrx_word' id='word_1_98' title='bbox 159 1715 195 1783; x_wconf 83' lang='lat' dir='ltr'>e)</span> <span class='ocrx_word' id='word_1_99' title='bbox 220 1708 289 1769; x_wconf 89' lang='lat' dir='ltr'>Hoc</span> <span class='ocrx_word' id='word_1_100' title='bbox 310 1707 433 1768; x_wconf 90' lang='lat' dir='ltr'>tandem</span> <span class='ocrx_word' id='word_1_101' title='bbox 458 1716 505 1769; x_wconf 88' lang='lat' dir='ltr'>est</span> <span class='ocrx_word' id='word_1_102' title='bbox 535 1711 580 1769; x_wconf 91' lang='lat' dir='ltr'>ius</span> <span class='ocrx_word' id='word_1_103' title='bbox 604 1716 635 1770; x_wconf 92' lang='lat' dir='ltr'>et</span> <span class='ocrx_word' id='word_1_104' title='bbox 663 1710 708 1770; x_wconf 86' lang='lat' dir='ltr'>fas</span> <span class='ocrx_word' id='word_1_105' title='bbox 732 1728 824 1771; x_wconf 89' lang='lat' dir='ltr'>omne</span> <span class='ocrx_word' id='word_1_106' title='bbox 845 1711 979 1789; x_wconf 83' lang='lat' dir='ltr'>auterre,</span> <span class='ocrx_word' id='word_1_107' title='bbox 1011 1720 1042 1772; x_wconf 88' lang='lat' dir='ltr'>et</span> 
     </span>
    </p>

    <p class='ocr_par' dir='ltr' id='par_1_13' title="bbox 159 1791 1041 1872">
     <span class='ocr_line' id='line_1_18' title="bbox 159 1791 1041 1872; baseline 0.003 -22"><span class='ocrx_word' id='word_1_108' title='bbox 159 1792 287 1872; x_wconf 91' lang='lat' dir='ltr'>implere</span> <span class='ocrx_word' id='word_1_109' title='bbox 323 1791 448 1851; x_wconf 91' lang='lat' dir='ltr'>domum</span> <span class='ocrx_word' id='word_1_110' title='bbox 471 1792 593 1853; x_wconf 91' lang='lat' dir='ltr'>Domini</span> <span class='ocrx_word' id='word_1_111' title='bbox 616 1793 671 1870; x_wconf 87' lang='lat' dir='ltr'>Dei</span> <span class='ocrx_word' id='word_1_112' title='bbox 709 1793 870 1872; x_wconf 75' lang='lat' dir='ltr'>iniquitate</span> <span class='ocrx_word' id='word_1_113' title='bbox 903 1793 1041 1855; x_wconf 81' lang='lat' dir='ltr'>ot&#39;doio.</span> 
     </span>
    </p>

    <p class='ocr_par' dir='ltr' id='par_1_14' title="bbox 157 1872 1041 1955">
     <span class='ocr_line' id='line_1_19' title="bbox 157 1872 1041 1955; baseline 0.005 -21"><span class='ocrx_word' id='word_1_114' title='bbox 157 1872 248 1950; x_wconf 78' lang='lat' dir='ltr'>Quod</span> <span class='ocrx_word' id='word_1_115' title='bbox 272 1872 327 1936; x_wconf 91' lang='lat' dir='ltr'>abs</span> <span class='ocrx_word' id='word_1_116' title='bbox 349 1882 380 1934; x_wconf 89' lang='lat' dir='ltr'>te</span> <span class='ocrx_word' id='word_1_117' title='bbox 397 1893 528 1954; x_wconf 85' lang='lat' dir='ltr'>quaero:</span> <span class='ocrx_word' id='word_1_118' title='bbox 563 1875 736 1936; x_wconf 79' lang='lat' dir='ltr'>Creditisne</span> <span class='ocrx_word' id='word_1_119' title='bbox 759 1895 843 1954; x_wconf 89' lang='lat' dir='ltr'>esse,</span> <span class='ocrx_word' id='word_1_120' title='bbox 866 1875 1041 1955; x_wconf 85' lang='lat' dir='ltr'>Pontifices,</span> 
     </span>
    </p>

    <p class='ocr_par' dir='ltr' id='par_1_15' title="bbox 158 1957 1041 2038">
     <span class='ocr_line' id='line_1_20' title="bbox 158 1957 1041 2038; baseline 0.003 -21"><span class='ocrx_word' id='word_1_121' title='bbox 158 1957 244 2018; x_wconf 83' lang='lat' dir='ltr'>iilum</span> <span class='ocrx_word' id='word_1_122' title='bbox 279 1976 411 2037; x_wconf 86' lang='lat' dir='ltr'>superne</span> <span class='ocrx_word' id='word_1_123' title='bbox 445 1957 594 2035; x_wconf 88' lang='lat' dir='ltr'>iudicem,</span> <span class='ocrx_word' id='word_1_124' title='bbox 631 1959 682 2038; x_wconf 89' lang='lat' dir='ltr'>qui</span> <span class='ocrx_word' id='word_1_125' title='bbox 714 1957 880 2038; x_wconf 89' lang='lat' dir='ltr'>aliquando</span> <span class='ocrx_word' id='word_1_126' title='bbox 912 1960 990 2019; x_wconf 88' lang='lat' dir='ltr'>hano</span> <span class='ocrx_word' id='word_1_127' title='bbox 1023 1979 1041 2020; x_wconf 94' lang='lat' dir='ltr'>a</span> 
     </span>
    </p>

    <p class='ocr_par' dir='ltr' id='par_1_16' title="bbox 157 2040 1040 2118">
     <span class='ocr_line' id='line_1_21' title="bbox 157 2040 1040 2118; baseline 0.002 -18"><span class='ocrx_word' id='word_1_128' title='bbox 157 2040 246 2100; x_wconf 86' lang='lat' dir='ltr'>vobis</span> <span class='ocrx_word' id='word_1_129' title='bbox 269 2043 432 2117; x_wconf 26' lang='lat' dir='ltr'>rationem,</span> <span class='ocrx_word' id='word_1_130' title='bbox 450 2048 613 2118; x_wconf 88' lang='lat' dir='ltr'>exacturus</span> <span class='ocrx_word' id='word_1_131' title='bbox 636 2041 694 2101; x_wconf 83' lang='lat' dir='ltr'>sit?</span> <span class='ocrx_word' id='word_1_132' title='bbox 726 2041 869 2103; x_wconf 81' lang='lat' dir='ltr'>Profecto</span> <span class='ocrx_word' id='word_1_133' title='bbox 893 2060 956 2103; x_wconf 90' lang='lat' dir='ltr'>non</span> <span class='ocrx_word' id='word_1_134' title='bbox 978 2061 1040 2102; x_wconf 90' lang='lat' dir='ltr'>ere·</span> 
     </span>
    </p>

    <p class='ocr_par' dir='ltr' id='par_1_17' title="bbox 157 2121 1083 2205">
     <span class='ocr_line' id='line_1_22' title="bbox 157 2121 1083 2205; baseline 0.002 -23"><span class='ocrx_word' id='word_1_135' title='bbox 157 2121 238 2185; x_wconf 85' lang='lat' dir='ltr'>ditis.</span> <span class='ocrx_word' id='word_1_136' title='bbox 282 2122 390 2202; x_wconf 86' lang='lat' dir='ltr'>Neque</span> <span class='ocrx_word' id='word_1_137' title='bbox 419 2125 499 2183; x_wconf 91' lang='lat' dir='ltr'>enim</span> <span class='ocrx_word' id='word_1_138' title='bbox 523 2126 548 2184; x_wconf 94' lang='lat' dir='ltr'>si</span> <span class='ocrx_word' id='word_1_139' title='bbox 571 2125 669 2185; x_wconf 91' lang='lat' dir='ltr'>Deum</span> <span class='ocrx_word' id='word_1_140' title='bbox 702 2144 770 2185; x_wconf 91' lang='lat' dir='ltr'>esse</span> <span class='ocrx_word' id='word_1_141' title='bbox 793 2127 959 2205; x_wconf 84' lang='lat' dir='ltr'>putaretis,</span> <span class='ocrx_word' id='word_1_142' title='bbox 996 2126 1040 2184; x_wconf 92' lang='lat' dir='ltr'>sio</span> <span class='ocrx_word' id='word_1_143' title='bbox 1080 2133 1083 2138; x_wconf 82' lang='lat'>&#39;</span> 
     </span>
    </p>

    <p class='ocr_par' dir='ltr' id='par_1_18' title="bbox 158 2204 1038 2288">
     <span class='ocr_line' id='line_1_23' title="bbox 158 2204 1038 2288; baseline 0.001 -22"><span class='ocrx_word' id='word_1_144' title='bbox 158 2204 349 2266; x_wconf 84' lang='lat' dir='ltr'>confidenter</span> <span class='ocrx_word' id='word_1_145' title='bbox 370 2209 474 2267; x_wconf 87' lang='lat' dir='ltr'>ornnia</span> <span class='ocrx_word' id='word_1_146' title='bbox 495 2209 718 2286; x_wconf 87' lang='lat' dir='ltr'>perverteretis.</span> <span class='ocrx_word' id='word_1_147' title='bbox 763 2209 825 2268; x_wconf 86' lang='lat' dir='ltr'>iam</span> <span class='ocrx_word' id='word_1_148' title='bbox 848 2209 940 2287; x_wconf 84' lang='lat' dir='ltr'>igitur</span> <span class='ocrx_word' id='word_1_149' title='bbox 963 2211 1038 2288; x_wconf 92' lang='lat' dir='ltr'>opti-</span> 
     </span>
    </p>

    <p class='ocr_par' dir='ltr' id='par_1_19' title="bbox 156 2290 1039 2351">
     <span class='ocr_line' id='line_1_24' title="bbox 156 2290 1039 2351; baseline 0.001 -2"><span class='ocrx_word' id='word_1_150' title='bbox 156 2308 207 2349; x_wconf 90' lang='lat' dir='ltr'>ma</span> <span class='ocrx_word' id='word_1_151' title='bbox 230 2290 420 2350; x_wconf 83' lang='lat' dir='ltr'>conscientia</span> <span class='ocrx_word' id='word_1_152' title='bbox 431 2290 601 2350; x_wconf 89' lang='lat' dir='ltr'>recedimus</span> <span class='ocrx_word' id='word_1_153' title='bbox 624 2311 642 2350; x_wconf 89' lang='lat' dir='ltr'>a</span> <span class='ocrx_word' id='word_1_154' title='bbox 664 2291 763 2351; x_wconf 89' lang='lat' dir='ltr'>vobis.</span> <span class='ocrx_word' id='word_1_155' title='bbox 807 2291 958 2351; x_wconf 82' lang='lat' dir='ltr'>Seducit-is</span> <span class='ocrx_word' id='word_1_156' title='bbox 981 2311 1039 2351; x_wconf 93' lang='lat' dir='ltr'>nos</span> 
     </span>
    </p>

    <p class='ocr_par' dir='ltr' id='par_1_20' title="bbox 155 2373 871 2452">
     <span class='ocr_line' id='line_1_25' title="bbox 155 2373 871 2452; baseline 0.004 -21"><span class='ocrx_word' id='word_1_157' title='bbox 155 2374 248 2450; x_wconf 88' lang='lat' dir='ltr'>enim,</span> <span class='ocrx_word' id='word_1_158' title='bbox 271 2380 311 2449; x_wconf 92' lang='lat' dir='ltr'>et,</span> <span class='ocrx_word' id='word_1_159' title='bbox 334 2381 479 2451; x_wconf 82' lang='lat' dir='ltr'>quantum</span> <span class='ocrx_word' id='word_1_160' title='bbox 502 2375 533 2433; x_wconf 94' lang='lat' dir='ltr'>in</span> <span class='ocrx_word' id='word_1_161' title='bbox 550 2373 638 2434; x_wconf 91' lang='lat' dir='ltr'>vobis</span> <span class='ocrx_word' id='word_1_162' title='bbox 656 2380 712 2449; x_wconf 88' lang='lat' dir='ltr'>est,</span> <span class='ocrx_word' id='word_1_163' title='bbox 734 2373 871 2452; x_wconf 84' lang='lat' dir='ltr'>perditis.</span> 
     </span>
    </p>

    <p class='ocr_par' dir='ltr' id='par_1_21' title="bbox 146 2453 1037 2533">
     <span class='ocr_line' id='line_1_26' title="bbox 146 2453 1037 2533; baseline 0 -18"><span class='ocrx_word' id='word_1_164' title='bbox 146 2454 173 2526; x_wconf 73' lang='lat' dir='ltr'>f&gt;</span> <span class='ocrx_word' id='word_1_165' title='bbox 200 2453 280 2533; x_wconf 80' lang='lat' dir='ltr'>Quid</span> <span class='ocrx_word' id='word_1_166' title='bbox 303 2457 361 2529; x_wconf 88' lang='lat' dir='ltr'>ais,</span> <span class='ocrx_word' id='word_1_167' title='bbox 389 2456 567 2516; x_wconf 87' lang='lat' dir='ltr'>interfector</span> <span class='ocrx_word' id='word_1_168' title='bbox 589 2455 818 2516; x_wconf 81' lang='lat' dir='ltr'>Consiliorum?</span> <span class='ocrx_word' id='word_1_169' title='bbox 859 2457 966 2518; x_wconf 88' lang='lat' dir='ltr'>Hocne</span> <span class='ocrx_word' id='word_1_170' title='bbox 983 2454 1037 2516; x_wconf 90' lang='lat' dir='ltr'>Lu-</span> 
     </span>
    </p>

    <p class='ocr_par' dir='ltr' id='par_1_22' title="bbox 157 2536 985 2603">
     <span class='ocr_line' id='line_1_27' title="bbox 157 2536 985 2603; baseline 0.002 -5"><span class='ocrx_word' id='word_1_171' title='bbox 157 2536 260 2598; x_wconf 91' lang='lat' dir='ltr'>therus</span> <span class='ocrx_word' id='word_1_172' title='bbox 283 2537 376 2597; x_wconf 84' lang='lat' dir='ltr'>facit?</span> <span class='ocrx_word' id='word_1_173' title='bbox 898 2596 901 2603; x_wconf 92' lang='grc'><strong>,</strong></span> <span class='ocrx_word' id='word_1_174' title='bbox 961 2556 985 2601; x_wconf 64' lang='lat' dir='ltr'><em>s</em></span> 
     </span>
    </p>

    <p class='ocr_par' dir='ltr' id='par_1_23' title="bbox 154 2619 1039 2703">
     <span class='ocr_line' id='line_1_28' title="bbox 154 2619 1039 2703; baseline 0 -23"><span class='ocrx_word' id='word_1_175' title='bbox 154 2619 194 2703; x_wconf 84' lang='lat' dir='ltr'>g)</span> <span class='ocrx_word' id='word_1_176' title='bbox 219 2619 309 2695; x_wconf 77' lang='lat' dir='ltr'>Quod</span> <span class='ocrx_word' id='word_1_177' title='bbox 332 2621 449 2700; x_wconf 90' lang='lat' dir='ltr'>potuit,</span> <span class='ocrx_word' id='word_1_178' title='bbox 490 2637 551 2680; x_wconf 88' lang='lat' dir='ltr'>non</span> <span class='ocrx_word' id='word_1_179' title='bbox 576 2619 681 2681; x_wconf 80' lang='lat' dir='ltr'>voluit.</span> <span class='ocrx_word' id='word_1_180' title='bbox 727 2619 802 2694; x_wconf 78' lang='lat' dir='ltr'>Quis</span> <span class='ocrx_word' id='word_1_181' title='bbox 839 2631 965 2681; x_wconf 86' lang='lat' dir='ltr'>accusat</span> <span class='ocrx_word' id='word_1_182' title='bbox 986 2619 1039 2680; x_wconf 89' lang='lat' dir='ltr'>Le·</span> 
     </span>
    </p>

    <p class='ocr_par' dir='ltr' id='par_1_24' title="bbox 136 2702 268 2764">
     <span class='ocr_line' id='line_1_29' title="bbox 136 2702 268 2764; baseline -0.008 0"><span class='ocrx_word' id='word_1_183' title='bbox 136 2702 268 2764; x_wconf 74' lang='lat' dir='ltr'>‘onemi</span> 
     </span>
    </p>

    <p class='ocr_par' dir='ltr' id='par_1_25' title="bbox 157 2784 876 2860">
     <span class='ocr_line' id='line_1_30' title="bbox 157 2784 876 2860; baseline 0.003 -15"><span class='ocrx_word' id='word_1_184' title='bbox 157 2786 195 2860; x_wconf 84' lang='lat' dir='ltr'>h)</span> <span class='ocrx_word' id='word_1_185' title='bbox 219 2785 299 2846; x_wconf 89' lang='lat' dir='ltr'>Vide</span> <span class='ocrx_word' id='word_1_186' title='bbox 322 2785 505 2846; x_wconf 89' lang='lat' dir='ltr'>modestiam</span> <span class='ocrx_word' id='word_1_187' title='bbox 527 2784 876 2847; x_wconf 84' lang='lat' dir='ltr'>Reverendissimorum.</span> 
     </span>
    </p>

    <p class='ocr_par' dir='ltr' id='par_1_26' title="bbox 154 2867 1036 2947">
     <span class='ocr_line' id='line_1_31' title="bbox 154 2867 1036 2947; baseline 0 -19"><span class='ocrx_word' id='word_1_188' title='bbox 154 2870 180 2934; x_wconf 78' lang='lat' dir='ltr'>it</span> <span class='ocrx_word' id='word_1_189' title='bbox 209 2867 450 2940; x_wconf 74' lang='lat' dir='ltr'>Oaiementiam</span> <span class='ocrx_word' id='word_1_190' title='bbox 464 2867 690 2945; x_wconf 79' lang='lat' dir='ltr'>incredibilem,</span> <span class='ocrx_word' id='word_1_191' title='bbox 714 2879 744 2928; x_wconf 90' lang='lat' dir='ltr'>et</span> <span class='ocrx_word' id='word_1_192' title='bbox 755 2867 889 2928; x_wconf 91' lang='lat' dir='ltr'>Leonem</span> <span class='ocrx_word' id='word_1_193' title='bbox 914 2867 1036 2947; x_wconf 90' lang='lat' dir='ltr'>quidem</span> 
     </span>
    </p>

    <p class='ocr_par' dir='ltr' id='par_1_27' title="bbox 155 2952 1039 3031">
     <span class='ocr_line' id='line_1_32' title="bbox 155 2952 1039 3031; baseline 0.001 -19"><span class='ocrx_word' id='word_1_194' title='bbox 155 2970 247 3012; x_wconf 92' lang='lat' dir='ltr'>nemo</span> <span class='ocrx_word' id='word_1_195' title='bbox 270 2954 389 3031; x_wconf 91' lang='lat' dir='ltr'>putavit</span> <span class='ocrx_word' id='word_1_196' title='bbox 410 2970 504 3031; x_wconf 91' lang='lat' dir='ltr'>posse</span> <span class='ocrx_word' id='word_1_197' title='bbox 534 2958 595 3011; x_wconf 89' lang='lat' dir='ltr'>tam</span> <span class='ocrx_word' id='word_1_198' title='bbox 628 2952 810 3011; x_wconf 86' lang='lat' dir='ltr'>elementem</span> <span class='ocrx_word' id='word_1_199' title='bbox 834 2970 920 3028; x_wconf 90' lang='lat' dir='ltr'>esse,</span> <span class='ocrx_word' id='word_1_200' title='bbox 954 2971 1039 3030; x_wconf 87' lang='lat' dir='ltr'>prae-</span> 
     </span>
    </p>

    <p class='ocr_par' dir='ltr' id='par_1_28' title="bbox 164 3032 721 3114">
     <span class='ocr_line' id='line_1_33' title="bbox 164 3032 721 3114; baseline 0 -20"><span class='ocrx_word' id='word_1_201' title='bbox 164 3035 269 3094; x_wconf 87' lang='lat' dir='ltr'>sertim</span> <span class='ocrx_word' id='word_1_202' title='bbox 293 3034 417 3113; x_wconf 89' lang='lat' dir='ltr'>quando</span> <span class='ocrx_word' id='word_1_203' title='bbox 441 3032 582 3096; x_wconf 86' lang='lat' dir='ltr'>occidere</span> <span class='ocrx_word' id='word_1_204' title='bbox 605 3042 721 3114; x_wconf 86' lang='lat' dir='ltr'>posset.</span> 
     </span>
    </p>

    <p class='ocr_par' dir='ltr' id='par_1_29' title="bbox 155 3115 1036 3198">
     <span class='ocr_line' id='line_1_34' title="bbox 155 3115 1036 3198; baseline -0.001 -21"><span class='ocrx_word' id='word_1_205' title='bbox 155 3117 194 3195; x_wconf 80' lang='lat' dir='ltr'>k)</span> <span class='ocrx_word' id='word_1_206' title='bbox 219 3117 319 3178; x_wconf 80' lang='lat' dir='ltr'>Etiam</span> <span class='ocrx_word' id='word_1_207' title='bbox 342 3118 410 3195; x_wconf 91' lang='lat' dir='ltr'>pius</span> <span class='ocrx_word' id='word_1_208' title='bbox 433 3135 501 3176; x_wconf 89' lang='lat' dir='ltr'>esse</span> <span class='ocrx_word' id='word_1_209' title='bbox 524 3117 585 3178; x_wconf 87' lang='lat' dir='ltr'>Leo</span> <span class='ocrx_word' id='word_1_210' title='bbox 609 3115 842 3198; x_wconf 70' lang='lat' dir='ltr'>possetmodo</span> <span class='ocrx_word' id='word_1_211' title='bbox 867 3117 1036 3195; x_wconf 86' lang='lat' dir='ltr'>rapientem</span> 
     </span>
    </p>

    <p class='ocr_par' dir='ltr' id='par_1_30' title="bbox 154 3201 801 3280">
     <span class='ocr_line' id='line_1_35' title="bbox 154 3201 801 3280; baseline 0 -20"><span class='ocrx_word' id='word_1_212' title='bbox 154 3219 224 3261; x_wconf 92' lang='lat' dir='ltr'>eum</span> <span class='ocrx_word' id='word_1_213' title='bbox 248 3206 279 3260; x_wconf 91' lang='lat' dir='ltr'>et</span> <span class='ocrx_word' id='word_1_214' title='bbox 299 3207 492 3280; x_wconf 87' lang='lat' dir='ltr'>grassantem</span> <span class='ocrx_word' id='word_1_215' title='bbox 515 3201 626 3280; x_wconf 84' lang='lat' dir='ltr'>iugiter</span> <span class='ocrx_word' id='word_1_216' title='bbox 643 3201 801 3261; x_wconf 88' lang='lat' dir='ltr'>ferremus.</span> 
     </span>
    </p>

    <p class='ocr_par' dir='ltr' id='par_1_31' title="bbox 152 3281 1036 3365">
     <span class='ocr_line' id='line_1_36' title="bbox 152 3281 1036 3365; baseline -0.002 -23"><span class='ocrx_word' id='word_1_217' title='bbox 152 3281 183 3365; x_wconf 83' lang='lat' dir='ltr'>l)</span> <span class='ocrx_word' id='word_1_218' title='bbox 208 3281 288 3357; x_wconf 82' lang='lat' dir='ltr'>Quid</span> <span class='ocrx_word' id='word_1_219' title='bbox 311 3284 416 3343; x_wconf 87' lang='lat' dir='ltr'>niteris</span> <span class='ocrx_word' id='word_1_220' title='bbox 439 3282 551 3343; x_wconf 89' lang='lat' dir='ltr'>bonam</span> <span class='ocrx_word' id='word_1_221' title='bbox 576 3283 739 3343; x_wconf 90' lang='lat' dir='ltr'>ostendere</span> <span class='ocrx_word' id='word_1_222' title='bbox 763 3285 842 3343; x_wconf 89' lang='lat' dir='ltr'>viam</span> <span class='ocrx_word' id='word_1_223' title='bbox 866 3290 967 3357; x_wconf 90' lang='lat' dir='ltr'>tuam,</span> <span class='ocrx_word' id='word_1_224' title='bbox 997 3281 1036 3341; x_wconf 93' lang='lat' dir='ltr'>ad</span> 
     </span>
    </p>

    <p class='ocr_par' dir='ltr' id='par_1_32' title="bbox 156 3364 1037 3447">
     <span class='ocr_line' id='line_1_37' title="bbox 156 3364 1037 3447; baseline -0.002 -22"><span class='ocrx_word' id='word_1_225' title='bbox 156 3366 365 3445; x_wconf 88' lang='lat' dir='ltr'>quaerendam</span> <span class='ocrx_word' id='word_1_226' title='bbox 389 3364 596 3443; x_wconf 89' lang='lat' dir='ltr'>dilectionem,</span> <span class='ocrx_word' id='word_1_227' title='bbox 619 3368 719 3445; x_wconf 89' lang='lat' dir='ltr'>quiin</span> <span class='ocrx_word' id='word_1_228' title='bbox 740 3366 933 3447; x_wconf 86' lang='lat' dir='ltr'>superbiaet</span> <span class='ocrx_word' id='word_1_229' title='bbox 955 3365 1037 3424; x_wconf 89' lang='lat' dir='ltr'>mali-</span> 
     </span>
    </p>

    <p class='ocr_par' dir='ltr' id='par_1_33' title="bbox 156 3448 1038 3524">
     <span class='ocr_line' id='line_1_38' title="bbox 156 3448 1038 3524; baseline -0.002 -15"><span class='ocrx_word' id='word_1_230' title='bbox 156 3451 199 3509; x_wconf 89' lang='lat' dir='ltr'>tia</span> <span class='ocrx_word' id='word_1_231' title='bbox 221 3457 274 3508; x_wconf 90' lang='lat' dir='ltr'>tua</span> <span class='ocrx_word' id='word_1_232' title='bbox 294 3448 425 3510; x_wconf 85' lang='lat' dir='ltr'>docuisti</span> <span class='ocrx_word' id='word_1_233' title='bbox 448 3451 512 3508; x_wconf 90' lang='lat' dir='ltr'>vias</span> <span class='ocrx_word' id='word_1_234' title='bbox 536 3457 619 3524; x_wconf 90' lang='lat' dir='ltr'>tuas,</span> <span class='ocrx_word' id='word_1_235' title='bbox 656 3456 687 3509; x_wconf 90' lang='lat' dir='ltr'>et</span> <span class='ocrx_word' id='word_1_236' title='bbox 719 3450 749 3509; x_wconf 91' lang='lat' dir='ltr'>in</span> <span class='ocrx_word' id='word_1_237' title='bbox 773 3449 830 3508; x_wconf 90' lang='lat' dir='ltr'>alis</span> <span class='ocrx_word' id='word_1_238' title='bbox 853 3450 912 3509; x_wconf 92' lang='lat' dir='ltr'>tuis</span> <span class='ocrx_word' id='word_1_239' title='bbox 933 3449 1038 3508; x_wconf 91' lang='lat' dir='ltr'>inven-</span> 
     </span>
    </p>

    <p class='ocr_par' dir='ltr' id='par_1_34' title="bbox 156 3533 1039 3613">
     <span class='ocr_line' id='line_1_39' title="bbox 156 3533 1039 3613; baseline -0.001 -21"><span class='ocrx_word' id='word_1_240' title='bbox 156 3540 205 3592; x_wconf 91' lang='lat' dir='ltr'>tus</span> <span class='ocrx_word' id='word_1_241' title='bbox 228 3542 275 3592; x_wconf 91' lang='lat' dir='ltr'>est</span> <span class='ocrx_word' id='word_1_242' title='bbox 297 3534 420 3613; x_wconf 80' lang='lat' dir='ltr'>sanguis</span> <span class='ocrx_word' id='word_1_243' title='bbox 449 3534 618 3592; x_wconf 88' lang='lat' dir='ltr'>animarum</span> <span class='ocrx_word' id='word_1_244' title='bbox 642 3551 809 3611; x_wconf 85' lang='lat' dir='ltr'>pauperum</span> <span class='ocrx_word' id='word_1_245' title='bbox 841 3539 872 3593; x_wconf 90' lang='lat' dir='ltr'>et</span> <span class='ocrx_word' id='word_1_246' title='bbox 893 3533 1039 3592; x_wconf 86' lang='lat' dir='ltr'>innoeen-</span> 
     </span>
    </p>

    <p class='ocr_par' dir='ltr' id='par_1_35' title="bbox 157 3615 242 3674">
     <span class='ocr_line' id='line_1_40' title="bbox 157 3615 242 3674; baseline 0.012 -1"><span class='ocrx_word' id='word_1_247' title='bbox 157 3615 242 3674; x_wconf 81' lang='lat' dir='ltr'>tum?</span> 
     </span>
    </p>

    <p class='ocr_par' dir='ltr' id='par_1_36' title="bbox 154 3696 1039 3777">
     <span class='ocr_line' id='line_1_41' title="bbox 154 3696 1039 3777; baseline 0.001 -21"><span class='ocrx_word' id='word_1_248' title='bbox 154 3700 202 3774; x_wconf 89' lang='lat' dir='ltr'>m)</span> <span class='ocrx_word' id='word_1_249' title='bbox 227 3696 294 3758; x_wconf 90' lang='lat' dir='ltr'>Heu</span> <span class='ocrx_word' id='word_1_250' title='bbox 316 3697 478 3777; x_wconf 85' lang='lat' dir='ltr'>prodigum</span> <span class='ocrx_word' id='word_1_251' title='bbox 491 3696 667 3775; x_wconf 90' lang='lat' dir='ltr'>Lutherum,</span> <span class='ocrx_word' id='word_1_252' title='bbox 693 3699 743 3775; x_wconf 92' lang='lat' dir='ltr'>qui</span> <span class='ocrx_word' id='word_1_253' title='bbox 758 3698 802 3757; x_wconf 90' lang='lat' dir='ltr'>sio</span> <span class='ocrx_word' id='word_1_254' title='bbox 825 3696 949 3776; x_wconf 85' lang='lat' dir='ltr'>largiter</span> <span class='ocrx_word' id='word_1_255' title='bbox 969 3717 1039 3777; x_wconf 92' lang='lat' dir='ltr'>pro-</span> 
     </span>
    </p>
   </div>
   <div class='ocr_carea' id='block_1_3' title="bbox 150 3780 828 3925">
    <p class='ocr_par' dir='ltr' id='par_1_37' title="bbox 150 3780 828 3925">
     <span class='ocr_line' id='line_1_42' title="bbox 150 3780 828 3925; baseline 0 -85"><span class='ocrx_word' id='word_1_256' title='bbox 150 3780 235 3840; x_wconf 83' lang='lat' dir='ltr'>fudit</span> <span class='ocrx_word' id='word_1_257' title='bbox 259 3780 480 3861; x_wconf 80' lang='lat' dir='ltr'>Evangelioam</span> <span class='ocrx_word' id='word_1_258' title='bbox 504 3780 686 3844; x_wconf 83' lang='lat' dir='ltr'>doctrinam.</span> <span class='ocrx_word' id='word_1_259' title='bbox 763 3861 828 3925; x_wconf 46' lang='grc'>19*</span> 
     </span>
    </p>
   </div>
   <div class='ocr_carea' id='block_1_4' title="bbox 0 0 1178 4208">
    <p class='ocr_par' dir='ltr' id='par_1_38' title="bbox 0 0 1178 4208">
     <span class='ocr_line' id='line_1_43' title="bbox 0 0 1178 4208; baseline 0 3"><span class='ocrx_word' id='word_1_260' title='bbox 0 0 1178 4208; x_wconf 95' lang='lat' dir='ltr'> </span> 
     </span>
    </p>
   </div>
  </div>
 </body>
</html>
