2346 4208
68 3880 145 3960 k

194 249 263 318 m
533 251 781 305 nummu.

240 438 284 523 k)
304 438 512 520 Triumphus
533 437 685 516 ederi,
715 455 736 498 u
760 435 877 498 bellum
908 444 1116 500 commentum.

242 523 273 600 l)
299 525 364 583 tmo
385 530 418 583 tu
438 521 576 582 tuetebu
595 521 668 593 hoe,
687 520 833 596 Decime,
864 528 899 581 et
919 530 952 580 tn
983 520 1038 582 ille
1057 539 1118 582 eras

243 606 329 667 ierus
348 606 411 683 leo²
431 603 474 667 ol)
494 604 588 684 idque
609 603 800 664 decrevimus
821 623 1005 686 oppugnare
1024 611 1065 666 te
1110 604 1112 609 ’

283 688 435 770 Exsurge,
445 688 593 763 Penes),
615 696 714 768 etpro
735 687 885 766 pestonli
906 686 1121 769 eurapraefata

200 771 257 833 tibi
271 771 281 810 ¹
291 792 301 843 J
328 777 380 849 (ut
401 772 587 852 praefertur*
611 770 756 831 divinitus
776 769 982 848 demandute,
1000 768 1121 848 intende

201 856 234 915 iu
256 873 382 916 ausam
404 862 532 915 uncta
551 854 642 914 Rom.
664 853 830 929 eocloeiae,
856 855 964 914 matris
991 855 1121 915 omnium

203 937 448 1019 ecelesiarumb)
483 956 523 997 ae
552 935 624 997 adei
655 937 837 1016 lagiae-e,
870 950 1008 1017 quamv)
1032 946 1066 996 tu
1084 937 1123 997 iu·

204 1020 299 1082 brute
320 1022 388 1083 Deo
409 1028 464 1082 tuo
486 1020 847 1100 sauguineeouseensti.
889 1019 1008 1080 Contra
1029 1036 1123 1101 quam,

204 1112 381 1248 32:212?
382 1103 805 1266 tfftttttttttmtta
815 1102 1123 1266 ffilffll

207 1268 340 1330 eelerem
362 1271 518 1330 interitum
544 1267 841 1348 superducentes),
860 1287 995 1348 quorum
1026 1269 1124 1350 lingua

203 1349 1124 1515 {servassetis

342 1483 352 1513 l

204 1535 261 1578 nee
292 1520 324 1580 in
347 1517 491 1580 eordrlsus
511 1519 576 1578 suis
596 1517 785 1598 gloriantur,
816 1525 848 1578 et
868 1517 1041 1579 mendaces
1063 1521 1125 1577 suut

204 1599 352 1662 adversus
374 1599 593 1675 veritatemk).

247 1682 285 1768 a)
308 1684 432 1744 Petrum
453 1683 562 1745 Simon
583 1685 720 1743 iuvoeat.
762 1682 825 1744 sed
837 1685 921 1764 prius
933 1684 1039 1764 ipsum
1050 1680 1124 1749 ,audi

248 1767 400 1829 dicentem
422 1767 495 1828 tibi:
517 1766 649 1837 Pascite.
670 1767 861 1845 quantumin
884 1766 975 1827 robis
987 1772 1047 1843 est,
1067 1784 1125 1847 gre·

247 1869 319 1931 gem
340 1850 464 1926 Christi,
485 1869 589 1909 curam
610 1849 693 1908 illius
706 1858 835 1932 agentes
849 1868 912 1911 nou
934 1856 1058 1926 coacte,
1078 1845 1124 1909 sed

249 1933 401 2009 volentes,
422 1951 486 1994 non
499 1934 627 2012 turpiter
638 1931 961 2010 allectantosluerum‚
985 1931 1044 1992 sed
1064 1949 1123 2012 pro

247 2034 347 2095 penso
369 2017 486 2091 auimo,
507 2034 609 2094 neque
629 2033 687 2075 ceu
700 2014 867 2076 dominium
883 2020 1071 2076 exercentes
1080 2012 1123 2074 ad·

247 2117 355 2159 versus
372 2097 483 2172 eleros,
504 2097 559 2158 sed
570 2105 604 2158 ut
617 2099 683 2158 sitia
696 2098 885 2178 exemplaria
898 2099 1014 2178 gregis.
1038 2098 1077 2175 b)
1086 2095 1124 2158 tu

249 2179 340 2256 dicis,
374 2198 432 2240 nos
459 2180 541 2240 haud
564 2183 772 2261 agnoscimus.
814 2185 848 2254 o)
873 2181 1051 2241 Romanam
1071 2179 1122 2251 dir,

248 2281 287 2321 an
311 2264 515 2323 universalem
538 2263 673 2323 Christi?
695 2263 732 2344 d)
756 2264 823 2324 lmo
845 2270 955 2324 contra
975 2269 1032 2323 tua
1051 2281 1123 2323 meu·

248 2343 337 2404 dacia
361 2347 496 2406 ueritatis
529 2345 713 2408 adsertores.
757 2345 792 2429 e)
815 2346 860 2408 Te
889 2347 973 2406 enim
1001 2344 1124 2426 perdent

251 2427 290 2487 ob
314 2430 450 2507 pessima
473 2438 525 2488 tua
547 2431 665 2488 merita.
707 2431 734 2502 s)
760 2430 793 2490 ln
817 2437 848 2490 te
868 2429 930 2489 hoe
943 2448 1040 2489 omen
1052 2428 1123 2490 chri·

247 2516 312 2569 slus
334 2518 442 2571 vertat.
466 2515 504 2592 g)
529 2511 637 2591 Teque
657 2512 775 2572 aduret.
803 2513 840 2586 h)
864 2513 1000 2572 Futurae
1024 2511 1123 2573 securi·

247 2594 317 2652 tetis
339 2595 591 2669 incitamentum,
620 2594 774 2675 publicum
798 2601 829 2656 et
850 2596 964 2655 exinde
987 2601 1123 2677 opportu-

246 2694 318 2735 num
337 2676 462 2736 bouum.
485 2673 514 2758 i)
539 2676 670 2737 salutari
688 2677 840 2738 medicina
853 2677 1010 2740 refertum.
1034 2680 1070 2754 Ιι)
1086 2674 1122 2738 lle

247 2756 444 2837 calumniare,
467 2760 529 2819 imo
554 2761 712 2820 veritatem
731 2779 788 2821 nos
801 2761 949 2821 adversus
972 2766 1060 2821 tuam
1082 2777 1122 2838 op·

245 2843 436 2920 pressionem
459 2849 587 2902 tuemur.

287 2923 466 3004 exsurges)
480 2935 512 2984 tu
524 2944 649 3005 quoque
661 2945 855 3005 quaesumus,
868 2924 975 3002 Paule,
1001 2927 1055 3004 qui
1067 2941 1120 2986 ean

206 3010 258 3065 tua
280 3005 420 3067 doctrina
446 3026 484 3067 ac
509 3011 575 3087 pari
599 3010 745 3089 martyrio
767 3008 945 3070 illuminasti
976 3015 1073 3087 atque
1097 3005 1120 3067 il-

206 3087 392 3167 lustrastis).
435 3090 498 3150 lam
528 3092 608 3151 enim
637 3093 733 3172 surgit
758 3111 857 3152 novus
888 3089 1120 3170 Porphyrium),

205 3172 256 3250 qui
279 3174 356 3231 siout
377 3172 429 3231 ille
452 3172 525 3232 olim
545 3182 669 3235 sanctos
690 3175 852 3253 apostolos
865 3174 979 3232 iniuste
1003 3191 1121 3235 momor

205 3253 269 3331 dit.
301 3257 343 3314 ita
370 3254 420 3314 hio
448 3264 572 3315 sanctos
607 3256 836 3338 consuesse),
875 3255 1120 3335 praedecessores

205 3343 339 3412 nostros,
361 3344 468 3398 contra
491 3346 574 3398 tuam
590 3339 761 3401 doctrinam
778 3360 832 3401 eos
851 3358 912 3398 non
926 3337 1120 3412 obsecrando,

205 3419 258 3481 sed
282 3421 485 3500 increpraudo
497 3420 650 3500 mordere,
673 3421 863 3501 luceru-ed),
886 3440 923 3481 ac
946 3421 999 3482 ubi
1024 3436 1119 3483 causae

204 3521 278 3564 suae
301 3501 462 3583 diffiditej,
486 3505 526 3564 ad
548 3505 726 3583 conviciuf)
753 3505 901 3567 accedere
923 3524 988 3565 uon
1001 3511 1118 3575 veretur,

204 3604 289 3648 more
314 3586 605 3668 haeretieorumt),
635 3607 764 3667 quorum
790 3589 841 3668 (ut
861 3589 960 3666 inquit
981 3589 1117 3666 Hierony·

277 3763 305 3831 t)
328 3763 357 3815 ln
379 3764 422 3818 ed.
441 3761 518 3819 den:
541 3764 587 3833 (ut
605 3763 775 3832 praefertur)
796 3764 855 3816 tibi.
