<?xml version="1.0" encoding="UTF-8"?>
<!DOCTYPE html PUBLIC "-//W3C//DTD XHTML 1.0 Transitional//EN"
    "http://www.w3.org/TR/xhtml1/DTD/xhtml1-transitional.dtd">
<html xmlns="http://www.w3.org/1999/xhtml" xml:lang="en" lang="en">
 <head>
  <title>
</title>
<meta http-equiv="Content-Type" content="text/html;charset=utf-8" />
  <meta name='ocr-system' content='tesseract 3.04.00' />
  <meta name='ocr-capabilities' content='ocr_page ocr_carea ocr_par ocr_line ocrx_word'/>
</head>
<body>
  <div class='ocr_page' id='page_1' title='image "./dmartinilutheri04luthgoog_0621.png"; bbox 0 0 2346 4208; ppageno 0'>
   <div class='ocr_carea' id='block_1_1' title="bbox 130 259 832 328">
    <p class='ocr_par' dir='ltr' id='par_1_1' title="bbox 130 259 832 328">
     <span class='ocr_line' id='line_1_1' title="bbox 130 259 832 328; baseline 0 -9"><span class='ocrx_word' id='word_1_1' title='bbox 130 259 175 328; x_wconf 83' lang='grc'>98</span> <span class='ocrx_word' id='word_1_2' title='bbox 349 263 460 318; x_wconf 53' lang='lat' dir='ltr'>hassa</span> <span class='ocrx_word' id='word_1_3' title='bbox 482 262 594 318; x_wconf 79' lang='lat' dir='ltr'>Consul.</span> <span class='ocrx_word' id='word_1_4' title='bbox 615 263 701 316; x_wconf 83' lang='lat' dir='ltr'>D.·ll:</span> <span class='ocrx_word' id='word_1_5' title='bbox 721 261 832 319; x_wconf 70' lang='lat' dir='ltr'>mitari</span> 
     </span>
    </p>
   </div>
   <div class='ocr_carea' id='block_1_2' title="bbox 128 445 1051 696">
    <p class='ocr_par' dir='ltr' id='par_1_2' title="bbox 128 445 1051 696">
     <span class='ocr_line' id='line_1_2' title="bbox 134 445 1049 530; baseline -0.003 -21"><span class='ocrx_word' id='word_1_6' title='bbox 134 450 205 528; x_wconf 86' lang='lat' dir='ltr'>quia</span> <span class='ocrx_word' id='word_1_7' title='bbox 227 449 303 510; x_wconf 86' lang='lat' dir='ltr'>talia</span> <span class='ocrx_word' id='word_1_8' title='bbox 323 450 408 529; x_wconf 84' lang='lat' dir='ltr'>passi</span> <span class='ocrx_word' id='word_1_9' title='bbox 430 448 521 508; x_wconf 83' lang='lat' dir='ltr'>aunt?</span> <span class='ocrx_word' id='word_1_10' title='bbox 559 448 629 508; x_wconf 84' lang='lat' dir='ltr'>Non</span> <span class='ocrx_word' id='word_1_11' title='bbox 653 447 721 509; x_wconf 85' lang='lat' dir='ltr'>dieo</span> <span class='ocrx_word' id='word_1_12' title='bbox 746 448 844 527; x_wconf 89' lang='lat' dir='ltr'>vobis,</span> <span class='ocrx_word' id='word_1_13' title='bbox 866 446 927 508; x_wconf 78' lang='lat' dir='ltr'>sed</span> <span class='ocrx_word' id='word_1_14' title='bbox 941 445 974 530; x_wconf 79' lang='lat'>¹)</span> <span class='ocrx_word' id='word_1_15' title='bbox 997 446 1049 508; x_wconf 87' lang='lat' dir='ltr'>nisi</span> 
     </span>
     <span class='ocr_line' id='line_1_3' title="bbox 128 530 1051 612; baseline -0.004 -18"><span class='ocrx_word' id='word_1_16' title='bbox 128 533 355 612; x_wconf 89' lang='lat' dir='ltr'>poenitentiam</span> <span class='ocrx_word' id='word_1_17' title='bbox 369 533 502 612; x_wconf 84' lang='lat' dir='ltr'>egeritis,</span> <span class='ocrx_word' id='word_1_18' title='bbox 515 549 623 592; x_wconf 87' lang='lat' dir='ltr'>omnes</span> <span class='ocrx_word' id='word_1_19' title='bbox 641 532 780 592; x_wconf 87' lang='lat' dir='ltr'>similiter</span> <span class='ocrx_word' id='word_1_20' title='bbox 800 530 957 612; x_wconf 77' lang='lat' dir='ltr'>peribitis,</span> <span class='ocrx_word' id='word_1_21' title='bbox 977 530 1051 591; x_wconf 75' lang='lat' dir='ltr'>siam</span> 
     </span>
     <span class='ocr_line' id='line_1_4' title="bbox 132 613 1048 696; baseline -0.002 -22"><span class='ocrx_word' id='word_1_22' title='bbox 132 615 177 675; x_wconf 92' lang='lat' dir='ltr'>illi</span> <span class='ocrx_word' id='word_1_23' title='bbox 199 616 305 676; x_wconf 80' lang='lat' dir='ltr'>desem</span> <span class='ocrx_word' id='word_1_24' title='bbox 337 622 370 675; x_wconf 88' lang='lat' dir='ltr'>et</span> <span class='ocrx_word' id='word_1_25' title='bbox 399 623 486 693; x_wconf 79' lang='lat' dir='ltr'>octo,</span> <span class='ocrx_word' id='word_1_26' title='bbox 525 633 615 696; x_wconf 87' lang='lat' dir='ltr'>super</span> <span class='ocrx_word' id='word_1_27' title='bbox 647 633 725 694; x_wconf 88' lang='lat' dir='ltr'>quos</span> <span class='ocrx_word' id='word_1_28' title='bbox 758 614 871 676; x_wconf 86' lang='lat' dir='ltr'>eeeidit</span> <span class='ocrx_word' id='word_1_29' title='bbox 900 614 991 674; x_wconf 82' lang='lat' dir='ltr'>turris</span> <span class='ocrx_word' id='word_1_30' title='bbox 1022 613 1048 672; x_wconf 87' lang='lat' dir='ltr'>in</span> 
     </span>
    </p>
   </div>
   <div class='ocr_carea' id='block_1_3' title="bbox 125 694 1049 1777">
    <p class='ocr_par' dir='ltr' id='par_1_3' title="bbox 125 694 1049 1529">
     <span class='ocr_line' id='line_1_5' title="bbox 133 694 1049 778; baseline -0.003 -19"><span class='ocrx_word' id='word_1_31' title='bbox 133 697 228 778; x_wconf 83' lang='lat' dir='ltr'>Siloa,</span> <span class='ocrx_word' id='word_1_32' title='bbox 252 707 283 759; x_wconf 89' lang='lat' dir='ltr'>et</span> <span class='ocrx_word' id='word_1_33' title='bbox 305 698 417 759; x_wconf 84' lang='lat' dir='ltr'>assidit</span> <span class='ocrx_word' id='word_1_34' title='bbox 439 716 515 758; x_wconf 79' lang='lat' dir='ltr'>eoa·</span> <span class='ocrx_word' id='word_1_35' title='bbox 552 697 684 775; x_wconf 86' lang='lat' dir='ltr'>Putatis,</span> <span class='ocrx_word' id='word_1_36' title='bbox 718 697 800 777; x_wconf 85' lang='lat' dir='ltr'>quod</span> <span class='ocrx_word' id='word_1_37' title='bbox 829 704 861 758; x_wconf 89' lang='lat' dir='ltr'>et</span> <span class='ocrx_word' id='word_1_38' title='bbox 889 698 951 778; x_wconf 89' lang='lat' dir='ltr'>ipsi</span> <span class='ocrx_word' id='word_1_39' title='bbox 972 694 1049 758; x_wconf 85' lang='lat' dir='ltr'>debi-</span> 
     </span>
     <span class='ocr_line' id='line_1_6' title="bbox 127 780 1048 862; baseline -0.002 -20"><span class='ocrx_word' id='word_1_40' title='bbox 127 789 215 842; x_wconf 83' lang='lat' dir='ltr'>tores</span> <span class='ocrx_word' id='word_1_41' title='bbox 232 789 324 842; x_wconf 87' lang='lat' dir='ltr'>erant</span> <span class='ocrx_word' id='word_1_42' title='bbox 346 790 467 862; x_wconf 88' lang='lat' dir='ltr'>praeter</span> <span class='ocrx_word' id='word_1_43' title='bbox 488 799 597 842; x_wconf 86' lang='lat' dir='ltr'>omnes</span> <span class='ocrx_word' id='word_1_44' title='bbox 620 781 761 842; x_wconf 88' lang='lat' dir='ltr'>homines</span> <span class='ocrx_word' id='word_1_45' title='bbox 783 780 961 843; x_wconf 69' lang='lat' dir='ltr'>habitantes</span> <span class='ocrx_word' id='word_1_46' title='bbox 977 781 1048 841; x_wconf 88' lang='lat' dir='ltr'>leru-</span> 
     </span>
     <span class='ocr_line' id='line_1_7' title="bbox 126 863 1047 944; baseline -0.001 -20"><span class='ocrx_word' id='word_1_47' title='bbox 126 865 251 925; x_wconf 77' lang='lat' dir='ltr'>salem?</span> <span class='ocrx_word' id='word_1_48' title='bbox 294 865 363 925; x_wconf 81' lang='lat' dir='ltr'>Non</span> <span class='ocrx_word' id='word_1_49' title='bbox 387 863 456 924; x_wconf 82' lang='lat' dir='ltr'>dieo</span> <span class='ocrx_word' id='word_1_50' title='bbox 480 863 584 942; x_wconf 88' lang='lat' dir='ltr'>vobis,</span> <span class='ocrx_word' id='word_1_51' title='bbox 616 864 717 924; x_wconf 82' lang='lat' dir='ltr'>eadsi</span> <span class='ocrx_word' id='word_1_52' title='bbox 740 864 967 944; x_wconf 86' lang='lat' dir='ltr'>poenitentiam</span> <span class='ocrx_word' id='word_1_53' title='bbox 990 878 1047 923; x_wconf 85' lang='grc' dir='ltr'>ιιοιι</span> 
     </span>
     <span class='ocr_line' id='line_1_8' title="bbox 133 946 1047 1027; baseline -0.002 -20"><span class='ocrx_word' id='word_1_54' title='bbox 133 947 275 1009; x_wconf 82' lang='lat' dir='ltr'>habueri</span> <span class='ocrx_word' id='word_1_55' title='bbox 263 947 364 1024; x_wconf 78' lang='lat' dir='ltr'>1s2),</span> <span class='ocrx_word' id='word_1_56' title='bbox 397 967 504 1008; x_wconf 86' lang='lat' dir='ltr'>omnes</span> <span class='ocrx_word' id='word_1_57' title='bbox 536 946 683 1026; x_wconf 84' lang='lat' dir='ltr'>peribitis.</span> <span class='ocrx_word' id='word_1_58' title='bbox 726 947 834 1027; x_wconf 86' lang='lat' dir='ltr'>Neque</span> <span class='ocrx_word' id='word_1_59' title='bbox 864 947 948 1007; x_wconf 90' lang='lat' dir='ltr'>enim</span> <span class='ocrx_word' id='word_1_60' title='bbox 971 947 1047 1026; x_wconf 79' lang='lat' dir='ltr'>augi·</span> 
     </span>
     <span class='ocr_line' id='line_1_9' title="bbox 131 1028 1047 1112; baseline -0.003 -21.957"><span class='ocrx_word' id='word_1_61' title='bbox 131 1037 198 1091; x_wconf 90' lang='lat' dir='ltr'>tare</span> <span class='ocrx_word' id='word_1_62' title='bbox 236 1050 416 1112; x_wconf 83' lang='lat' dir='ltr'>possumus,</span> <span class='ocrx_word' id='word_1_63' title='bbox 451 1032 574 1091; x_wconf 89' lang='lat' dir='ltr'>mitiora</span> <span class='ocrx_word' id='word_1_64' title='bbox 604 1031 695 1091; x_wconf 87' lang='lat' dir='ltr'>nobis</span> <span class='ocrx_word' id='word_1_65' title='bbox 727 1028 831 1090; x_wconf 89' lang='lat' dir='ltr'>deberi</span> <span class='ocrx_word' id='word_1_66' title='bbox 867 1029 969 1106; x_wconf 84' lang='lat' dir='ltr'>mala,</span> <span class='ocrx_word' id='word_1_67' title='bbox 1003 1028 1047 1108; x_wconf 90' lang='lat' dir='ltr'>qui</span> 
     </span>
     <span class='ocr_line' id='line_1_10' title="bbox 132 1111 1047 1194; baseline -0.002 -21"><span class='ocrx_word' id='word_1_68' title='bbox 132 1115 269 1192; x_wconf 86' lang='lat' dir='ltr'>maiora,</span> <span class='ocrx_word' id='word_1_69' title='bbox 303 1114 352 1175; x_wconf 86' lang='lat' dir='ltr'>vel</span> <span class='ocrx_word' id='word_1_70' title='bbox 388 1114 501 1174; x_wconf 79' lang='lat' dir='ltr'>similia</span> <span class='ocrx_word' id='word_1_71' title='bbox 520 1121 650 1194; x_wconf 81' lang='lat' dir='ltr'>peecata</span> <span class='ocrx_word' id='word_1_72' title='bbox 680 1114 899 1176; x_wconf 81' lang='lat' dir='ltr'>commisimus</span> <span class='ocrx_word' id='word_1_73' title='bbox 944 1111 973 1172; x_wconf 84' lang='lat' dir='ltr'>N</span> <span class='ocrx_word' id='word_1_74' title='bbox 1014 1129 1047 1171; x_wconf 90' lang='lat' dir='ltr'>ue</span> 
     </span>
     <span class='ocr_line' id='line_1_11' title="bbox 132 1197 1047 1276; baseline 0 -21"><span class='ocrx_word' id='word_1_75' title='bbox 132 1198 246 1257; x_wconf 85' lang='lat' dir='ltr'>iustitia</span> <span class='ocrx_word' id='word_1_76' title='bbox 269 1204 300 1257; x_wconf 88' lang='lat' dir='ltr'>et</span> <span class='ocrx_word' id='word_1_77' title='bbox 321 1199 433 1258; x_wconf 87' lang='lat' dir='ltr'>veritas</span> <span class='ocrx_word' id='word_1_78' title='bbox 456 1197 513 1257; x_wconf 86' lang='lat' dir='ltr'>Dei</span> <span class='ocrx_word' id='word_1_79' title='bbox 536 1204 662 1276; x_wconf 85' lang='lat' dir='ltr'>propter</span> <span class='ocrx_word' id='word_1_80' title='bbox 676 1216 733 1258; x_wconf 88' lang='lat' dir='ltr'>nos</span> <span class='ocrx_word' id='word_1_81' title='bbox 747 1198 853 1276; x_wconf 86' lang='lat' dir='ltr'>inique</span> <span class='ocrx_word' id='word_1_82' title='bbox 874 1202 908 1256; x_wconf 92' lang='lat' dir='ltr'>et</span> <span class='ocrx_word' id='word_1_83' title='bbox 918 1214 991 1256; x_wconf 91' lang='lat' dir='ltr'>men</span> <span class='ocrx_word' id='word_1_84' title='bbox 1013 1212 1047 1255; x_wconf 85' lang='lat' dir='ltr'>ax</span> 
     </span>
     <span class='ocr_line' id='line_1_12' title="bbox 131 1277 1046 1360; baseline -0.001 -21"><span class='ocrx_word' id='word_1_85' title='bbox 131 1281 197 1356; x_wconf 88' lang='lat' dir='ltr'>erit,</span> <span class='ocrx_word' id='word_1_86' title='bbox 220 1299 299 1359; x_wconf 85' lang='lat' dir='ltr'>quae</span> <span class='ocrx_word' id='word_1_87' title='bbox 322 1281 488 1359; x_wconf 76' lang='lat' dir='ltr'>unicuique</span> <span class='ocrx_word' id='word_1_88' title='bbox 509 1280 595 1340; x_wconf 88' lang='lat' dir='ltr'>iuxta</span> <span class='ocrx_word' id='word_1_89' title='bbox 618 1299 714 1360; x_wconf 86' lang='lat' dir='ltr'>opera</span> <span class='ocrx_word' id='word_1_90' title='bbox 735 1300 790 1340; x_wconf 88' lang='lat' dir='ltr'>sua</span> <span class='ocrx_word' id='word_1_91' title='bbox 806 1277 938 1340; x_wconf 87' lang='lat' dir='ltr'>reddere</span> <span class='ocrx_word' id='word_1_92' title='bbox 949 1278 1046 1358; x_wconf 79' lang='lat' dir='ltr'>dispo</span> 
     </span>
     <span class='ocr_line' id='line_1_13' title="bbox 125 1362 1046 1443; baseline -0.001 -22"><span class='ocrx_word' id='word_1_93' title='bbox 125 1363 203 1442; x_wconf 83' lang='lat' dir='ltr'>suit,</span> <span class='ocrx_word' id='word_1_94' title='bbox 226 1364 251 1422; x_wconf 90' lang='lat' dir='ltr'>si</span> <span class='ocrx_word' id='word_1_95' title='bbox 274 1382 335 1424; x_wconf 90' lang='lat' dir='ltr'>non</span> <span class='ocrx_word' id='word_1_96' title='bbox 358 1365 416 1443; x_wconf 87' lang='lat' dir='ltr'>ipsi</span> <span class='ocrx_word' id='word_1_97' title='bbox 438 1364 687 1443; x_wconf 86' lang='lat' dir='ltr'>praevenerimue</span> <span class='ocrx_word' id='word_1_98' title='bbox 704 1364 753 1442; x_wconf 78' lang='lat'>³),</span> <span class='ocrx_word' id='word_1_99' title='bbox 785 1369 817 1423; x_wconf 89' lang='lat' dir='ltr'>et</span> <span class='ocrx_word' id='word_1_100' title='bbox 844 1362 956 1423; x_wconf 80' lang='lat' dir='ltr'>saltem</span> <span class='ocrx_word' id='word_1_101' title='bbox 987 1379 1046 1442; x_wconf 74' lang='lat' dir='ltr'>par</span> 
     </span>
     <span class='ocr_line' id='line_1_14' title="bbox 133 1445 917 1529; baseline -0.001 -24"><span class='ocrx_word' id='word_1_102' title='bbox 133 1446 204 1529; x_wconf 72' lang='lat' dir='ltr'>rulo</span> <span class='ocrx_word' id='word_1_103' title='bbox 227 1447 310 1506; x_wconf 84' lang='lat' dir='ltr'>malo</span> <span class='ocrx_word' id='word_1_104' title='bbox 331 1448 483 1527; x_wconf 82' lang='lat' dir='ltr'>patienter</span> <span class='ocrx_word' id='word_1_105' title='bbox 505 1445 636 1508; x_wconf 84' lang='lat' dir='ltr'>tolerato</span> <span class='ocrx_word' id='word_1_106' title='bbox 659 1446 917 1511; x_wconf 76' lang='lat' dir='ltr'>satisfecerimus..</span> 
     </span>
    </p>

    <p class='ocr_par' dir='ltr' id='par_1_4' title="bbox 126 1529 1047 1777">
     <span class='ocr_line' id='line_1_15' title="bbox 126 1529 1047 1607; baseline -0.003 -18"><span class='ocrx_word' id='word_1_107' title='bbox 126 1571 129 1577; x_wconf 81' lang='lat'><em>·</em></span> <span class='ocrx_word' id='word_1_108' title='bbox 214 1529 390 1590; x_wconf 83' lang='lat' dir='ltr'>ininferna</span> <span class='ocrx_word' id='word_1_109' title='bbox 426 1547 499 1589; x_wconf 87' lang='lat' dir='ltr'>vero</span> <span class='ocrx_word' id='word_1_110' title='bbox 529 1537 562 1588; x_wconf 90' lang='lat' dir='ltr'>et</span> <span class='ocrx_word' id='word_1_111' title='bbox 593 1537 720 1590; x_wconf 86' lang='lat' dir='ltr'>aeterna</span> <span class='ocrx_word' id='word_1_112' title='bbox 750 1529 951 1589; x_wconf 74' lang='lat' dir='ltr'>damnatione</span> <span class='ocrx_word' id='word_1_113' title='bbox 980 1532 1047 1607; x_wconf 87' lang='lat' dir='ltr'>quet</span> 
     </span>
     <span class='ocr_line' id='line_1_16' title="bbox 126 1612 1047 1693; baseline 0 -22"><span class='ocrx_word' id='word_1_114' title='bbox 126 1612 228 1672; x_wconf 85' lang='lat' dir='ltr'>millia</span> <span class='ocrx_word' id='word_1_115' title='bbox 239 1619 319 1690; x_wconf 88' lang='lat' dir='ltr'>sunt,</span> <span class='ocrx_word' id='word_1_116' title='bbox 342 1615 394 1692; x_wconf 87' lang='lat' dir='ltr'>qui</span> <span class='ocrx_word' id='word_1_117' title='bbox 416 1630 474 1672; x_wconf 83' lang='lat' dir='ltr'>nee</span> <span class='ocrx_word' id='word_1_118' title='bbox 496 1612 689 1672; x_wconf 81' lang='lat' dir='ltr'>millesimam</span> <span class='ocrx_word' id='word_1_119' title='bbox 712 1618 911 1693; x_wconf 74' lang='lat' dir='ltr'>peecatorum</span> <span class='ocrx_word' id='word_1_120' title='bbox 934 1618 1047 1672; x_wconf 82' lang='lat' dir='ltr'>nostru-</span> 
     </span>
     <span class='ocr_line' id='line_1_17' title="bbox 131 1695 1047 1777; baseline -0.001 -22"><span class='ocrx_word' id='word_1_121' title='bbox 131 1715 197 1755; x_wconf 86' lang='lat' dir='ltr'>rum</span> <span class='ocrx_word' id='word_1_122' title='bbox 219 1705 337 1776; x_wconf 81' lang='lat' dir='ltr'>partem</span> <span class='ocrx_word' id='word_1_123' title='bbox 360 1695 495 1756; x_wconf 82' lang='lat' dir='ltr'>habent?</span> <span class='ocrx_word' id='word_1_124' title='bbox 526 1703 604 1775; x_wconf 88' lang='lat' dir='ltr'>quot</span> <span class='ocrx_word' id='word_1_125' title='bbox 635 1695 677 1756; x_wconf 92' lang='lat' dir='ltr'>ibi</span> <span class='ocrx_word' id='word_1_126' title='bbox 705 1696 855 1777; x_wconf 86' lang='lat' dir='ltr'>virgines,</span> <span class='ocrx_word' id='word_1_127' title='bbox 887 1695 1047 1774; x_wconf 82' lang='lat' dir='ltr'>pueri,st</span> 
     </span>
    </p>
   </div>
   <div class='ocr_carea' id='block_1_4' title="bbox 14 1777 1046 1876">
    <p class='ocr_par' dir='ltr' id='par_1_5' title="bbox 14 1777 1046 1876">
     <span class='ocr_line' id='line_1_18' title="bbox 14 1777 1046 1876; baseline 0 -38"><span class='ocrx_word' id='word_1_128' title='bbox 14 1817 21 1826; x_wconf 79' lang='lat'><em>·</em></span> <span class='ocrx_word' id='word_1_129' title='bbox 130 1797 207 1858; x_wconf 84' lang='lat' dir='ltr'>quoa</span> <span class='ocrx_word' id='word_1_130' title='bbox 230 1798 288 1840; x_wconf 88' lang='lat' dir='ltr'>nos</span> <span class='ocrx_word' id='word_1_131' title='bbox 308 1781 493 1840; x_wconf 84' lang='lat' dir='ltr'>innoeentes</span> <span class='ocrx_word' id='word_1_132' title='bbox 517 1779 686 1838; x_wconf 79' lang='lat' dir='ltr'>vocamus?</span> <span class='ocrx_word' id='word_1_133' title='bbox 729 1777 813 1876; x_wconf 74' lang='lat' dir='ltr'>Qupt</span> <span class='ocrx_word' id='word_1_134' title='bbox 833 1777 1046 1858; x_wconf 60' lang='lat' dir='ltr'>religiosiss-</span> 
     </span>
    </p>
   </div>
   <div class='ocr_carea' id='block_1_5' title="bbox 123 1861 1047 3525">
    <p class='ocr_par' dir='ltr' id='par_1_6' title="bbox 124 1861 1047 3007">
     <span class='ocr_line' id='line_1_19' title="bbox 129 1861 1046 1942; baseline -0.002 -20"><span class='ocrx_word' id='word_1_135' title='bbox 129 1861 283 1940; x_wconf 83' lang='lat' dir='ltr'>serdotes,</span> <span class='ocrx_word' id='word_1_136' title='bbox 307 1864 465 1942; x_wconf 76' lang='lat' dir='ltr'>coniuges,</span> <span class='ocrx_word' id='word_1_137' title='bbox 489 1864 539 1941; x_wconf 90' lang='lat' dir='ltr'>qui</span> <span class='ocrx_word' id='word_1_138' title='bbox 561 1871 628 1923; x_wconf 86' lang='grc' dir='ltr'>ιοιιι</span> <span class='ocrx_word' id='word_1_139' title='bbox 650 1863 713 1922; x_wconf 88' lang='lat' dir='ltr'>vita</span> <span class='ocrx_word' id='word_1_140' title='bbox 735 1862 792 1922; x_wconf 85' lang='lat' dir='ltr'>visi</span> <span class='ocrx_word' id='word_1_141' title='bbox 813 1866 886 1920; x_wconf 90' lang='lat' dir='ltr'>sunt</span> <span class='ocrx_word' id='word_1_142' title='bbox 900 1861 969 1921; x_wconf 88' lang='lat' dir='ltr'>Deo</span> <span class='ocrx_word' id='word_1_143' title='bbox 990 1877 1046 1920; x_wconf 81' lang='lat' dir='ltr'>ner·</span> 
     </span>
     <span class='ocr_line' id='line_1_20' title="bbox 130 1943 1047 2025; baseline -0.003 -19"><span class='ocrx_word' id='word_1_144' title='bbox 130 1947 203 2022; x_wconf 84' lang='lat' dir='ltr'>vire,</span> <span class='ocrx_word' id='word_1_145' title='bbox 225 1954 259 2006; x_wconf 91' lang='lat' dir='ltr'>et</span> <span class='ocrx_word' id='word_1_146' title='bbox 279 1964 340 2006; x_wconf 90' lang='lat' dir='ltr'>uno</span> <span class='ocrx_word' id='word_1_147' title='bbox 363 1945 442 2005; x_wconf 85' lang='lat' dir='ltr'>forte</span> <span class='ocrx_word' id='word_1_148' title='bbox 472 1964 544 2005; x_wconf 83' lang='lat' dir='ltr'>casu</span> <span class='ocrx_word' id='word_1_149' title='bbox 574 1945 688 2025; x_wconf 88' lang='lat' dir='ltr'>lapsi</span> <span class='ocrx_word' id='word_1_150' title='bbox 680 1965 711 2005; x_wconf 89' lang='grc' dir='ltr'>ιιι</span> <span class='ocrx_word' id='word_1_151' title='bbox 734 1951 893 2005; x_wconf 87' lang='lat' dir='ltr'>aeternum</span> <span class='ocrx_word' id='word_1_152' title='bbox 915 1943 1047 2024; x_wconf 83' lang='lat' dir='ltr'>pleetun·</span> 
     </span>
     <span class='ocr_line' id='line_1_21' title="bbox 127 2027 1047 2108; baseline -0.001 -19.998"><span class='ocrx_word' id='word_1_153' title='bbox 127 2029 209 2088; x_wconf 80' lang='lat' dir='ltr'>tur?</span> <span class='ocrx_word' id='word_1_154' title='bbox 230 2028 338 2108; x_wconf 89' lang='lat' dir='ltr'>Neque</span> <span class='ocrx_word' id='word_1_155' title='bbox 360 2030 442 2088; x_wconf 87' lang='lat' dir='ltr'>enim</span> <span class='ocrx_word' id='word_1_156' title='bbox 464 2028 514 2087; x_wconf 84' lang='lat' dir='ltr'>hia</span> <span class='ocrx_word' id='word_1_157' title='bbox 543 2027 795 2089; x_wconf 86' lang='lat' dir='ltr'>dissimulandum</span> <span class='ocrx_word' id='word_1_158' title='bbox 818 2034 880 2088; x_wconf 88' lang='lat' dir='ltr'>est:</span> <span class='ocrx_word' id='word_1_159' title='bbox 914 2046 978 2087; x_wconf 88' lang='lat' dir='ltr'>una</span> <span class='ocrx_word' id='word_1_160' title='bbox 1005 2031 1047 2088; x_wconf 83' lang='lat' dir='ltr'>est</span> 
     </span>
     <span class='ocr_line' id='line_1_22' title="bbox 130 2110 1047 2192; baseline 0.001 -22"><span class='ocrx_word' id='word_1_161' title='bbox 130 2112 361 2171; x_wconf 84' lang='lat' dir='ltr'>iustitia-Dei</span> <span class='ocrx_word' id='word_1_162' title='bbox 354 2132 384 2172; x_wconf 90' lang='grc' dir='ltr'>ιιι</span> <span class='ocrx_word' id='word_1_163' title='bbox 408 2110 544 2190; x_wconf 85' lang='lat' dir='ltr'>quolibet</span> <span class='ocrx_word' id='word_1_164' title='bbox 567 2119 712 2192; x_wconf 79' lang='lat' dir='ltr'>peceato,</span> <span class='ocrx_word' id='word_1_165' title='bbox 738 2111 911 2190; x_wconf 74' lang='lat' dir='ltr'>aequaliter</span> <span class='ocrx_word' id='word_1_166' title='bbox 932 2110 1047 2171; x_wconf 85' lang='lat' dir='ltr'>aditet</span> 
     </span>
     <span class='ocr_line' id='line_1_23' title="bbox 129 2193 1046 2274; baseline 0.001 -21"><span class='ocrx_word' id='word_1_167' title='bbox 129 2194 254 2254; x_wconf 82' lang='lat' dir='ltr'>damnat</span> <span class='ocrx_word' id='word_1_168' title='bbox 284 2203 459 2274; x_wconf 81' lang='lat' dir='ltr'>peecatum,</span> <span class='ocrx_word' id='word_1_169' title='bbox 493 2194 523 2254; x_wconf 88' lang='lat' dir='ltr'>in</span> <span class='ocrx_word' id='word_1_170' title='bbox 547 2213 731 2274; x_wconf 83' lang='lat' dir='ltr'>quoeunque</span> <span class='ocrx_word' id='word_1_171' title='bbox 765 2200 920 2274; x_wconf 88' lang='lat' dir='ltr'>repertum</span> <span class='ocrx_word' id='word_1_172' title='bbox 951 2193 1046 2255; x_wconf 73' lang='lat' dir='ltr'>buerit</span> 
     </span>
     <span class='ocr_line' id='line_1_24' title="bbox 130 2277 1046 2341; baseline -0.003 -2"><span class='ocrx_word' id='word_1_173' title='bbox 130 2281 178 2341; x_wconf 83' lang='lat' dir='ltr'>An</span> <span class='ocrx_word' id='word_1_174' title='bbox 203 2297 264 2337; x_wconf 86' lang='lat' dir='ltr'>non</span> <span class='ocrx_word' id='word_1_175' title='bbox 290 2277 340 2337; x_wconf 85' lang='lat' dir='ltr'>hie</span> <span class='ocrx_word' id='word_1_176' title='bbox 362 2277 502 2337; x_wconf 88' lang='lat' dir='ltr'>videmus</span> <span class='ocrx_word' id='word_1_177' title='bbox 526 2278 782 2338; x_wconf 88' lang='lat' dir='ltr'>inaestimabilem</span> <span class='ocrx_word' id='word_1_178' title='bbox 798 2278 857 2337; x_wconf 90' lang='lat' dir='ltr'>Dei</span> <span class='ocrx_word' id='word_1_179' title='bbox 880 2278 1046 2338; x_wconf 78' lang='lat' dir='ltr'>miseriem·</span> 
     </span>
     <span class='ocr_line' id='line_1_25' title="bbox 128 2359 1045 2440; baseline -0.001 -20"><span class='ocrx_word' id='word_1_180' title='bbox 128 2360 219 2439; x_wconf 87' lang='lat' dir='ltr'>diam,</span> <span class='ocrx_word' id='word_1_181' title='bbox 244 2379 323 2440; x_wconf 90' lang='lat' dir='ltr'>quae</span> <span class='ocrx_word' id='word_1_182' title='bbox 345 2368 391 2421; x_wconf 91' lang='lat' dir='ltr'>tot</span> <span class='ocrx_word' id='word_1_183' title='bbox 379 2363 435 2421; x_wconf 88' lang='lat' dir='ltr'>ties</span> <span class='ocrx_word' id='word_1_184' title='bbox 458 2363 546 2421; x_wconf 87' lang='lat' dir='ltr'>merit</span> <span class='ocrx_word' id='word_1_185' title='bbox 535 2371 584 2421; x_wconf 86' lang='lat' dir='ltr'>tos</span> <span class='ocrx_word' id='word_1_186' title='bbox 606 2381 668 2422; x_wconf 86' lang='lat' dir='ltr'>nun</span> <span class='ocrx_word' id='word_1_187' title='bbox 681 2360 858 2422; x_wconf 88' lang='lat' dir='ltr'>damnavit?</span> <span class='ocrx_word' id='word_1_188' title='bbox 882 2359 1045 2436; x_wconf 79' lang='lat' dir='ltr'>Quantum,</span> 
     </span>
     <span class='ocr_line' id='line_1_26' title="bbox 128 2441 1044 2525; baseline 0.001 -23"><span class='ocrx_word' id='word_1_189' title='bbox 128 2462 255 2522; x_wconf 79' lang='lat' dir='ltr'>quaese,</span> <span class='ocrx_word' id='word_1_190' title='bbox 278 2452 335 2523; x_wconf 87' lang='lat' dir='ltr'>est,</span> <span class='ocrx_word' id='word_1_191' title='bbox 358 2444 439 2523; x_wconf 88' lang='lat' dir='ltr'>quod</span> <span class='ocrx_word' id='word_1_192' title='bbox 463 2445 526 2524; x_wconf 89' lang='lat' dir='ltr'>pati</span> <span class='ocrx_word' id='word_1_193' title='bbox 549 2464 729 2525; x_wconf 88' lang='lat' dir='ltr'>possumus,</span> <span class='ocrx_word' id='word_1_194' title='bbox 765 2444 815 2505; x_wconf 90' lang='lat' dir='ltr'>vel</span> <span class='ocrx_word' id='word_1_195' title='bbox 838 2450 905 2504; x_wconf 85' lang='lat' dir='ltr'>tota</span> <span class='ocrx_word' id='word_1_196' title='bbox 926 2445 993 2505; x_wconf 84' lang='lat' dir='ltr'>vita</span> <span class='ocrx_word' id='word_1_197' title='bbox 1011 2441 1044 2503; x_wconf 84' lang='lat' dir='ltr'>ad</span> 
     </span>
     <span class='ocr_line' id='line_1_27' title="bbox 126 2527 1045 2623; baseline 0.001 -37"><span class='ocrx_word' id='word_1_198' title='bbox 126 2545 259 2623; x_wconf 83' lang='lat' dir='ltr'>poenam</span> <span class='ocrx_word' id='word_1_199' title='bbox 282 2536 450 2606; x_wconf 81' lang='lat' dir='ltr'>aeternam,</span> <span class='ocrx_word' id='word_1_200' title='bbox 473 2546 564 2606; x_wconf 85' lang='lat' dir='ltr'>quam</span> <span class='ocrx_word' id='word_1_201' title='bbox 586 2529 629 2587; x_wconf 92' lang='lat' dir='ltr'>illi</span> <span class='ocrx_word' id='word_1_202' title='bbox 653 2548 714 2589; x_wconf 87' lang='lat' dir='ltr'>uno</span> <span class='ocrx_word' id='word_1_203' title='bbox 734 2527 848 2587; x_wconf 81' lang='lat' dir='ltr'>delleta</span> <span class='ocrx_word' id='word_1_204' title='bbox 872 2527 978 2587; x_wconf 88' lang='lat' dir='ltr'>meriti</span> <span class='ocrx_word' id='word_1_205' title='bbox 999 2545 1045 2607; x_wconf 74' lang='lat' dir='ltr'>pa</span> 
     </span>
     <span class='ocr_line' id='line_1_28' title="bbox 128 2592 1045 2693; baseline 0.001 -24"><span class='ocrx_word' id='word_1_206' title='bbox 128 2611 190 2669; x_wconf 91' lang='lat' dir='ltr'>tiun</span> <span class='ocrx_word' id='word_1_207' title='bbox 193 2611 261 2671; x_wconf 81' lang='lat' dir='ltr'>tur?</span> <span class='ocrx_word' id='word_1_208' title='bbox 290 2611 355 2672; x_wconf 86' lang='lat' dir='ltr'>Nos</span> <span class='ocrx_word' id='word_1_209' title='bbox 378 2612 498 2671; x_wconf 88' lang='lat' dir='ltr'>interim</span> <span class='ocrx_word' id='word_1_210' title='bbox 522 2610 618 2689; x_wconf 89' lang='lat' dir='ltr'>liberi,</span> <span class='ocrx_word' id='word_1_211' title='bbox 641 2618 673 2672; x_wconf 87' lang='lat' dir='ltr'>et</span> <span class='ocrx_word' id='word_1_212' title='bbox 694 2611 778 2672; x_wconf 90' lang='lat' dir='ltr'>mult</span> <span class='ocrx_word' id='word_1_213' title='bbox 759 2620 796 2670; x_wconf 87' lang='lat' dir='ltr'>trs</span> <span class='ocrx_word' id='word_1_214' title='bbox 818 2629 838 2670; x_wconf 87' lang='lat' dir='ltr'>a</span> <span class='ocrx_word' id='word_1_215' title='bbox 860 2592 974 2693; x_wconf 78' lang='lat' dir='ltr'>de04)</span> <span class='ocrx_word' id='word_1_216' title='bbox 993 2609 1045 2670; x_wconf 78' lang='lat' dir='ltr'>dis·</span> 
     </span>
     <span class='ocr_line' id='line_1_29' title="bbox 126 2691 1045 2775; baseline 0 -21"><span class='ocrx_word' id='word_1_217' title='bbox 126 2695 275 2755; x_wconf 85' lang='lat' dir='ltr'>simulatis</span> <span class='ocrx_word' id='word_1_218' title='bbox 305 2697 440 2775; x_wconf 70' lang='lat' dir='ltr'>peceatis</span> <span class='ocrx_word' id='word_1_219' title='bbox 476 2702 599 2758; x_wconf 78' lang='lat' dir='ltr'>servati.</span> <span class='ocrx_word' id='word_1_220' title='bbox 656 2693 745 2769; x_wconf 80' lang='lat' dir='ltr'>Quod</span> <span class='ocrx_word' id='word_1_221' title='bbox 778 2695 858 2754; x_wconf 89' lang='lat' dir='ltr'>enim</span> <span class='ocrx_word' id='word_1_222' title='bbox 893 2693 974 2754; x_wconf 86' lang='lat' dir='ltr'>haee</span> <span class='ocrx_word' id='word_1_223' title='bbox 995 2691 1045 2754; x_wconf 82' lang='lat' dir='ltr'>uei</span> 
     </span>
     <span class='ocr_line' id='line_1_30' title="bbox 125 2776 1046 2858; baseline -0.002 -20"><span class='ocrx_word' id='word_1_224' title='bbox 125 2776 283 2838; x_wconf 78' lang='lat' dir='ltr'>beneficia</span> <span class='ocrx_word' id='word_1_225' title='bbox 297 2798 359 2839; x_wconf 89' lang='grc' dir='ltr'>ιιοιι</span> <span class='ocrx_word' id='word_1_226' title='bbox 384 2797 534 2855; x_wconf 79' lang='lat' dir='ltr'>curamus,</span> <span class='ocrx_word' id='word_1_227' title='bbox 557 2784 610 2838; x_wconf 90' lang='lat' dir='ltr'>aut</span> <span class='ocrx_word' id='word_1_228' title='bbox 632 2778 740 2858; x_wconf 85' lang='lat' dir='ltr'>frigide</span> <span class='ocrx_word' id='word_1_229' title='bbox 762 2778 983 2855; x_wconf 87' lang='lat' dir='ltr'>aestimamus,</span> <span class='ocrx_word' id='word_1_230' title='bbox 1008 2777 1046 2836; x_wconf 91' lang='lat' dir='ltr'>in</span> 
     </span>
     <span class='ocr_line' id='line_1_31' title="bbox 124 2861 1045 2941; baseline 0.001 -21"><span class='ocrx_word' id='word_1_231' title='bbox 124 2863 216 2941; x_wconf 84' lang='lat' dir='ltr'>gratit</span> <span class='ocrx_word' id='word_1_232' title='bbox 204 2861 277 2922; x_wconf 88' lang='lat' dir='ltr'>tudo</span> <span class='ocrx_word' id='word_1_233' title='bbox 301 2869 363 2939; x_wconf 87' lang='lat' dir='ltr'>est,</span> <span class='ocrx_word' id='word_1_234' title='bbox 387 2870 418 2921; x_wconf 88' lang='lat' dir='ltr'>et</span> <span class='ocrx_word' id='word_1_235' title='bbox 440 2861 590 2941; x_wconf 88' lang='lat' dir='ltr'>quaedam</span> <span class='ocrx_word' id='word_1_236' title='bbox 613 2861 817 2922; x_wconf 81' lang='lat' dir='ltr'>incredulitat</span> <span class='ocrx_word' id='word_1_237' title='bbox 796 2867 837 2920; x_wconf 85' lang='lat' dir='ltr'>trs</span> <span class='ocrx_word' id='word_1_238' title='bbox 868 2861 1045 2921; x_wconf 79' lang='lat' dir='ltr'>insensatus</span> 
     </span>
     <span class='ocr_line' id='line_1_32' title="bbox 124 2942 243 3007; baseline 0.034 -5"><span class='ocrx_word' id='word_1_239' title='bbox 124 2942 243 3007; x_wconf 89' lang='lat' dir='ltr'>duritia.</span> 
     </span>
    </p>

    <p class='ocr_par' dir='ltr' id='par_1_7' title="bbox 123 3026 1046 3525">
     <span class='ocr_line' id='line_1_33' title="bbox 130 3026 1045 3103; baseline 0 -15"><span class='ocrx_word' id='word_1_240' title='bbox 130 3046 133 3051; x_wconf 89' lang='lat'>·</span> <span class='ocrx_word' id='word_1_241' title='bbox 208 3028 372 3088; x_wconf 89' lang='lat' dir='ltr'>Praeterea</span> <span class='ocrx_word' id='word_1_242' title='bbox 400 3027 459 3086; x_wconf 89' lang='lat' dir='ltr'>hue</span> <span class='ocrx_word' id='word_1_243' title='bbox 488 3026 682 3088; x_wconf 77' lang='lat' dir='ltr'>convehendi</span> <span class='ocrx_word' id='word_1_244' title='bbox 717 3034 788 3086; x_wconf 87' lang='lat' dir='ltr'>sunt</span> <span class='ocrx_word' id='word_1_245' title='bbox 823 3033 869 3087; x_wconf 90' lang='lat' dir='ltr'>tot</span> <span class='ocrx_word' id='word_1_246' title='bbox 896 3026 1045 3103; x_wconf 82' lang='lat' dir='ltr'>infideles,</span> 
     </span>
     <span class='ocr_line' id='line_1_34' title="bbox 124 3109 1046 3191; baseline 0.001 -21"><span class='ocrx_word' id='word_1_247' title='bbox 124 3118 243 3191; x_wconf 82' lang='lat' dir='ltr'>gentes,</span> <span class='ocrx_word' id='word_1_248' title='bbox 265 3110 379 3187; x_wconf 89' lang='lat' dir='ltr'>ludaei,</span> <span class='ocrx_word' id='word_1_249' title='bbox 401 3111 550 3189; x_wconf 83' lang='lat' dir='ltr'>infantes,</span> <span class='ocrx_word' id='word_1_250' title='bbox 574 3109 683 3190; x_wconf 89' lang='lat' dir='ltr'>quibus</span> <span class='ocrx_word' id='word_1_251' title='bbox 707 3111 733 3170; x_wconf 85' lang='lat' dir='ltr'>si</span> <span class='ocrx_word' id='word_1_252' title='bbox 756 3109 828 3170; x_wconf 87' lang='lat' dir='ltr'>data</span> <span class='ocrx_word' id='word_1_253' title='bbox 849 3109 985 3171; x_wconf 83' lang='lat' dir='ltr'>luissent</span> <span class='ocrx_word' id='word_1_254' title='bbox 1004 3129 1046 3188; x_wconf 84' lang='lat' dir='ltr'>es,</span> 
     </span>
     <span class='ocr_line' id='line_1_35' title="bbox 124 3192 1046 3273; baseline -0.001 -20"><span class='ocrx_word' id='word_1_255' title='bbox 124 3214 203 3273; x_wconf 89' lang='lat' dir='ltr'>quae</span> <span class='ocrx_word' id='word_1_256' title='bbox 223 3194 313 3255; x_wconf 86' lang='lat' dir='ltr'>nobis</span> <span class='ocrx_word' id='word_1_257' title='bbox 336 3193 409 3253; x_wconf 87' lang='lat' dir='ltr'>data</span> <span class='ocrx_word' id='word_1_258' title='bbox 430 3201 509 3272; x_wconf 84' lang='lat' dir='ltr'>sunt,</span> <span class='ocrx_word' id='word_1_259' title='bbox 533 3213 594 3254; x_wconf 88' lang='lat' dir='ltr'>uon</span> <span class='ocrx_word' id='word_1_260' title='bbox 618 3196 648 3253; x_wconf 90' lang='lat' dir='ltr'>in</span> <span class='ocrx_word' id='word_1_261' title='bbox 671 3193 803 3270; x_wconf 84' lang='lat' dir='ltr'>inferno,</span> <span class='ocrx_word' id='word_1_262' title='bbox 825 3192 879 3252; x_wconf 86' lang='lat' dir='ltr'>sed</span> <span class='ocrx_word' id='word_1_263' title='bbox 903 3194 935 3252; x_wconf 89' lang='lat' dir='ltr'>in</span> <span class='ocrx_word' id='word_1_264' title='bbox 959 3193 1046 3254; x_wconf 84' lang='lat' dir='ltr'>eaelo</span> 
     </span>
     <span class='ocr_line' id='line_1_36' title="bbox 123 3275 1046 3358; baseline 0.001 -21"><span class='ocrx_word' id='word_1_265' title='bbox 123 3285 246 3355; x_wconf 85' lang='lat' dir='ltr'>essent,</span> <span class='ocrx_word' id='word_1_266' title='bbox 276 3295 313 3337; x_wconf 84' lang='lat' dir='ltr'>ae</span> <span class='ocrx_word' id='word_1_267' title='bbox 335 3277 427 3358; x_wconf 86' lang='lat' dir='ltr'>longe</span> <span class='ocrx_word' id='word_1_268' title='bbox 460 3278 559 3336; x_wconf 84' lang='lat' dir='ltr'>minus</span> <span class='ocrx_word' id='word_1_269' title='bbox 593 3284 785 3356; x_wconf 83' lang='lat' dir='ltr'>peaeassent.</span> <span class='ocrx_word' id='word_1_270' title='bbox 835 3275 913 3335; x_wconf 86' lang='lat' dir='ltr'>Nam</span> <span class='ocrx_word' id='word_1_271' title='bbox 937 3283 970 3336; x_wconf 90' lang='lat' dir='ltr'>et</span> <span class='ocrx_word' id='word_1_272' title='bbox 992 3277 1046 3338; x_wconf 82' lang='lat' dir='ltr'>hos</span> 
     </span>
     <span class='ocr_line' id='line_1_37' title="bbox 124 3358 1046 3440; baseline 0.002 -22"><span class='ocrx_word' id='word_1_273' title='bbox 124 3369 278 3440; x_wconf 83' lang='lat' dir='ltr'>speetrum</span> <span class='ocrx_word' id='word_1_274' title='bbox 301 3360 440 3420; x_wconf 82' lang='lat' dir='ltr'>Christus</span> <span class='ocrx_word' id='word_1_275' title='bbox 462 3360 552 3420; x_wconf 91' lang='lat' dir='ltr'>nobis</span> <span class='ocrx_word' id='word_1_276' title='bbox 574 3360 722 3435; x_wconf 73' lang='lat' dir='ltr'>Matth.⁵;l</span> <span class='ocrx_word' id='word_1_277' title='bbox 746 3359 786 3420; x_wconf 91' lang='lat' dir='ltr'>ob</span> <span class='ocrx_word' id='word_1_278' title='bbox 819 3358 930 3419; x_wconf 84' lang='lat' dir='ltr'>oeulos</span> <span class='ocrx_word' id='word_1_279' title='bbox 952 3360 1046 3440; x_wconf 83' lang='lat' dir='ltr'>ponit,</span> 
     </span>
     <span class='ocr_line' id='line_1_38' title="bbox 124 3440 1046 3525; baseline 0 -22"><span class='ocrx_word' id='word_1_280' title='bbox 124 3444 247 3505; x_wconf 78' lang='lat' dir='ltr'>diceus:</span> <span class='ocrx_word' id='word_1_281' title='bbox 272 3444 337 3503; x_wconf 90' lang='lat' dir='ltr'>Vae</span> <span class='ocrx_word' id='word_1_282' title='bbox 358 3442 412 3504; x_wconf 92' lang='lat' dir='ltr'>tibi</span> <span class='ocrx_word' id='word_1_283' title='bbox 437 3440 520 3505; x_wconf 79' lang='lat' dir='ltr'>coro</span> <span class='ocrx_word' id='word_1_284' title='bbox 537 3444 622 3503; x_wconf 85' lang='lat' dir='ltr'>Zaim</span> <span class='ocrx_word' id='word_1_285' title='bbox 638 3443 683 3525; x_wconf 68' lang='grc' dir='ltr'>θ),</span> <span class='ocrx_word' id='word_1_286' title='bbox 706 3463 765 3504; x_wconf 81' lang='lat' dir='ltr'>vae</span> <span class='ocrx_word' id='word_1_287' title='bbox 787 3442 840 3502; x_wconf 91' lang='lat' dir='ltr'>tibi</span> <span class='ocrx_word' id='word_1_288' title='bbox 864 3442 1046 3511; x_wconf 82' lang='lat' dir='ltr'>Bethsaidu;</span> 
     </span>
    </p>
   </div>
   <div class='ocr_carea' id='block_1_6' title="bbox 193 3646 1045 3714">
    <p class='ocr_par' dir='ltr' id='par_1_8' title="bbox 193 3646 1045 3714">
     <span class='ocr_line' id='line_1_39' title="bbox 193 3646 1045 3714; baseline -0.006 -10"><span class='ocrx_word' id='word_1_289' title='bbox 193 3653 220 3714; x_wconf 95' lang='grc'>1)</span> <span class='ocrx_word' id='word_1_290' title='bbox 240 3651 269 3702; x_wconf 90' lang='lat' dir='ltr'>ln</span> <span class='ocrx_word' id='word_1_291' title='bbox 289 3650 332 3705; x_wconf 89' lang='lat' dir='ltr'>ed.</span> <span class='ocrx_word' id='word_1_292' title='bbox 351 3651 426 3705; x_wconf 78' lang='lat' dir='ltr'>lem:</span> <span class='ocrx_word' id='word_1_293' title='bbox 448 3653 505 3702; x_wconf 92' lang='lat' dir='ltr'>imo</span> <span class='ocrx_word' id='word_1_294' title='bbox 525 3651 587 3701; x_wconf 87' lang='lat' dir='ltr'>nisi.</span> <span class='ocrx_word' id='word_1_295' title='bbox 624 3648 655 3708; x_wconf 69' lang='lat'>2)</span> <span class='ocrx_word' id='word_1_296' title='bbox 675 3647 759 3700; x_wconf 88' lang='lat' dir='ltr'>lbid.:</span> <span class='ocrx_word' id='word_1_297' title='bbox 789 3663 845 3699; x_wconf 90' lang='lat' dir='ltr'>non</span> <span class='ocrx_word' id='word_1_298' title='bbox 874 3646 938 3700; x_wconf 87' lang='lat' dir='ltr'>dico</span> <span class='ocrx_word' id='word_1_299' title='bbox 961 3650 1045 3712; x_wconf 84' lang='lat' dir='ltr'>vobis,</span> 
     </span>
    </p>
   </div>
   <div class='ocr_carea' id='block_1_7' title="bbox 119 3718 1044 3862">
    <p class='ocr_par' dir='ltr' id='par_1_9' title="bbox 119 3718 1044 3862">
     <span class='ocr_line' id='line_1_40' title="bbox 119 3718 1044 3789; baseline -0.002 -16"><span class='ocrx_word' id='word_1_300' title='bbox 119 3725 176 3774; x_wconf 89' lang='lat' dir='ltr'>imo</span> <span class='ocrx_word' id='word_1_301' title='bbox 196 3724 219 3773; x_wconf 87' lang='lat' dir='ltr'>si</span> <span class='ocrx_word' id='word_1_302' title='bbox 232 3724 437 3789; x_wconf 50' lang='lat' dir='ltr'>&#39;poenitentiam</span> <span class='ocrx_word' id='word_1_303' title='bbox 449 3738 504 3774; x_wconf 89' lang='lat' dir='ltr'>non</span> <span class='ocrx_word' id='word_1_304' title='bbox 525 3721 647 3789; x_wconf 81' lang='lat' dir='ltr'>egeritis,</span> <span class='ocrx_word' id='word_1_305' title='bbox 677 3723 708 3780; x_wconf 72' lang='lat' dir='ltr'>:tl</span> <span class='ocrx_word' id='word_1_306' title='bbox 722 3718 806 3772; x_wconf 86' lang='lat' dir='ltr'>lbid.:</span> <span class='ocrx_word' id='word_1_307' title='bbox 827 3723 1044 3788; x_wconf 85' lang='lat' dir='ltr'>pervenerimus.</span> 
     </span>
     <span class='ocr_line' id='line_1_41' title="bbox 120 3791 1043 3862; baseline -0.004 -15"><span class='ocrx_word' id='word_1_308' title='bbox 120 3793 153 3862; x_wconf 87' lang='grc'>4)</span> <span class='ocrx_word' id='word_1_309' title='bbox 175 3793 257 3847; x_wconf 85' lang='lat' dir='ltr'>lbid.:</span> <span class='ocrx_word' id='word_1_310' title='bbox 276 3793 358 3847; x_wconf 84' lang='lat' dir='ltr'>adeo.</span> <span class='ocrx_word' id='word_1_311' title='bbox 372 3795 408 3857; x_wconf 72' lang='lat' dir='ltr'>b)</span> <span class='ocrx_word' id='word_1_312' title='bbox 429 3793 497 3846; x_wconf 87' lang='lat' dir='ltr'>lbid.</span> <span class='ocrx_word' id='word_1_313' title='bbox 517 3792 660 3856; x_wconf 76' lang='lat' dir='ltr'>additum:</span> <span class='ocrx_word' id='word_1_314' title='bbox 681 3791 723 3845; x_wconf 88' lang='lat'>11.</span> <span class='ocrx_word' id='word_1_315' title='bbox 743 3792 774 3856; x_wconf 83' lang='grc'>6)</span> <span class='ocrx_word' id='word_1_316' title='bbox 795 3791 876 3846; x_wconf 89' lang='lat' dir='ltr'>lbid.:</span> <span class='ocrx_word' id='word_1_317' title='bbox 897 3791 1043 3846; x_wconf 76' lang='lat' dir='ltr'>Chol-ula.</span> 
     </span>
    </p>
   </div>
   <div class='ocr_carea' id='block_1_8' title="bbox 0 0 1178 4208">
    <p class='ocr_par' dir='ltr' id='par_1_10' title="bbox 0 0 1178 4208">
     <span class='ocr_line' id='line_1_42' title="bbox 0 0 1178 4208; baseline 0 2"><span class='ocrx_word' id='word_1_318' title='bbox 0 0 1178 4208; x_wconf 95' lang='lat' dir='ltr'> </span> 
     </span>
    </p>
   </div>
  </div>
 </body>
</html>
