2346 4208
334 277 370 334 (la
388 279 496 334 raficas
514 276 626 333 avano
643 276 831 335 marocia·-
973 274 1038 343 Μ

111 462 300 544 intelligere:
333 461 374 524 da
404 469 506 525 autem
528 463 619 543 milri,
648 470 796 543 quantum
830 462 885 524 tibi
915 461 1037 525 vitator

111 545 152 608 ad
172 546 304 635 gloriam
327 552 411 631 tuam
433 547 464 607 in
487 566 537 607 me
558 554 733 629 peccatore.
795 606 798 613 .

374 726 416 791 111
458 726 516 790 ‚De
537 726 753 793 familiaritate.

196 882 279 945 Rara
300 883 393 943 etism
415 888 446 943 et
468 880 577 945 eadem
607 881 710 946 brevis
732 882 922 947 familiaritas
944 880 1036 967 prot·

35 1008 39 1019 .
112 972 160 1029 est
182 963 344 1028 sacerdoti.
376 962 575 1027 Verissimum
599 967 680 1027 enim
703 965 801 1028 estid
824 965 1036 1048 proverbium:

112 1048 213 1110 Amisi
235 1048 317 1110 mres
344 1049 500 1130 temporis.
550 1046 642 1125 Quod
671 1048 697 1110 si
730 1050 821 1113 amici
854 1048 936 1111 iuras
964 1056 1038 1111 sant

112 1132 282 1213 temporis,
313 1130 386 1212 quid
417 1138 506 1194 amnt
527 1132 666 1194 extranei
688 1139 720 1194 et
741 1133 839 1215 ignoti
861 1128 912 1194 vel
935 1133 1035 1197 micas

112 1214 299 1307 familiages?
352 1214 466 1276 Verum
500 1215 533 1276 in
562 1214 609 1277 his
635 1213 799 1299 prudentia
826 1234 946 1278 summa
981 1214 1036 1279 tllrl

112 1317 190 1379 opus
218 1296 324 1378 fuerit,
366 1317 406 1359 ne
433 1297 552 1360 scilicet
579 1298 705 1360 nimium
734 1298 854 1382 lirgiens
875 1298 1036 1361 heminam

112 1382 288 1443 convictum
310 1381 495 1442 daemonum
520 1381 687 1445 societates
710 1381 845 1444 incidas:
866 1402 986 1463 rursus,
1009 1384 1034 1444 si

112 1466 238 1526 nimium
261 1464 403 1543 accedas,
424 1485 444 1526 a
465 1466 568 1545 porcis
590 1464 789 1527 conculceris.
827 1468 932 1545 ltaque
954 1466 981 1526 ai
1004 1470 1035 1531 te

113 1549 271 1610 vocaverit
292 1549 376 1609 Deus
401 1545 444 1630 (si
467 1550 675 1610 necessarium
697 1548 788 1609 fuerit
808 1549 938 1627 servire,
961 1560 1038 1609 ooo·

112 1630 234 1709 solere,
256 1631 392 1710 colloqui
413 1631 572 1712 proximo,
607 1631 657 1691 vel
677 1650 734 1711 pro
757 1631 876 1704 salute,
899 1637 953 1692 aut
973 1631 1037 1693 alia

111 1716 296 1777 necessitate
318 1713 358 1776 ad
384 1712 416 1775 id
436 1714 529 1776 fueris
555 1715 729 1794 quaesitus)
764 1732 890 1796 prorsus
925 1714 976 1775 lex
1005 1722 1039 1777 ct

112 1797 220 1879 regula
241 1799 450 1877 cuiuscunque
471 1798 601 1858 instituti
622 1799 665 1858 tui
688 1805 718 1858 te
740 1799 889 1859 retineat:
913 1797 1033 1859 caritati

113 1883 213 1943 omnis
234 1881 286 1942 lex
308 1880 402 1942 debet
422 1879 534 1943 cedere
545 1883 636 1942 etiam
652 1879 761 1944 orandi
777 1889 810 1943 et
829 1878 1037 1959 sacrificandi,

113 1962 164 2025 ubi
177 1983 250 2027 vero
268 1983 330 2025 non
343 1965 475 2040 vocaris,
498 1964 573 2025 nulli
587 1971 617 2026 te
638 1965 777 2047 ingeras,
795 1983 835 2025 ne
856 1965 1037 2047 incipias...

113 2048 193 2109 velle
201 2093 274 2112 .....
297 2045 331 2125 *)
357 2054 388 2110 et
409 2048 531 2110 animae
554 2053 624 2108 tuae
645 2049 771 2128 patieris
791 2047 1016 2110 detrimentum.

423 2230 475 2291 lv.
519 2231 567 2293 De
588 2231 738 2292 oratione.

196 2386 313 2447 Memor
334 2394 401 2446 esto
426 2392 456 2446 te
479 2384 672 2446 sacerdotem
695 2405 784 2462 esse,
807 2385 838 2445 id
861 2393 927 2461 cat,
952 2385 1038 2445 mini·

113 2475 207 2530 strum
232 2488 430 2530 communem
459 2478 491 2528 et
512 2468 684 2548 publicum:
719 2467 852 2548 ideoque
884 2487 946 2528 non
981 2486 1038 2548 pro

114 2561 144 2612 le
168 2560 295 2631 tantum,
318 2558 464 2631 quantum
477 2569 532 2632 pro
556 2551 664 2611 ovibus
676 2552 794 2611 intente
818 2551 929 2619 orabis,
952 2570 1039 2630 praa·

113 2637 217 2696 sertim
239 2654 296 2716 pro
320 2634 486 2695 maioribus
509 2633 675 2710 ecclesiae,
699 2634 817 2695 scilicet
841 2631 1037 2714 pontificibus

115 2725 147 2778 et
167 2718 357 2794 rectoribus,
388 2718 535 2797 quoniam
564 2717 685 2778 illorum
709 2717 792 2777 salus
813 2723 951 2778 nostrum
975 2735 1039 2778 om·

114 2804 197 2862 nium
220 2808 267 2862 eat
289 2800 381 2863 salus.

352 2984 388 3046 V.
413 2983 458 3044 De
479 2981 630 3046 sacrificio
653 2983 805 3045 faciendo.

196 3138 265 3200 Non
289 3158 411 3219 semper
434 3139 493 3199 eris
514 3137 696 3200 idoneusad
716 3137 909 3215 sacrificium,
932 3154 1037 3196 verum

115 3228 148 3282 ut
163 3221 219 3282 fias
242 3222 382 3297 idoneus,
405 3220 571 3302 aliquando
594 3222 648 3283 tibi
672 3219 882 3282 accedendum
905 3227 1037 3280 estnon

114 3304 239 3365 idoneo.
264 3304 296 3365 ld
317 3305 432 3383 facies,
455 3305 480 3364 si
503 3304 653 3385 cogitabis
676 3324 739 3365 non
762 3309 960 3384 propterte,
984 3300 1038 3363 sed

114 3394 240 3467 propter
261 3388 360 3465 alios,
382 3389 413 3447 in
436 3389 571 3468 peccatis
593 3390 795 3469 constitutos,
816 3405 872 3466 pro
896 3384 1039 3447 Christian

116 3488 225 3531 norum
249 3470 483 3532 necessitatibus
505 3470 559 3531 tibi
586 3490 655 3531 esse
677 3467 921 3531 sacrificandum.
964 3466 1038 3531 ldao

115 3554 198 3633 quod
221 3573 275 3634 pro
299 3562 329 3614 te
351 3572 414 3615 non
436 3553 564 3631 faceres,
586 3554 681 3614 facies
702 3572 758 3633 pro
780 3552 857 3613 illia:
889 3569 946 3612 nec
967 3551 1039 3612 ioci·

114 3638 180 3717 pias
198 3639 341 3716 cuiquam
356 3634 522 3717 confidere,
540 3637 611 3716 quia
623 3636 754 3697 idoneus
768 3633 823 3697 tibi
839 3636 922 3696 visua
939 3634 1038 3695 tiras-it.

122 3778 125 3781 .
142 3777 145 3781 .
160 3776 206 3784 ..-
222 3775 538 3784 ---------.-——=-—--

173 3828 204 3893 ⁸)
228 3826 280 3881 llic
298 3826 399 3881 lacuna
417 3829 459 3881 ast
476 3826 506 3880 in
525 3828 612 3879 textu.

792 3895 877 3967 ‘25⁸
