2346 4208
120 251 163 321 32
331 255 374 307 Ad
393 254 597 326 ugocerotem
613 256 799 323 Emsaranpm

123 441 293 520 calcitrare,
316 449 348 503 et
369 445 498 504 invitam
512 452 621 504 contra
643 465 677 505 se
700 446 810 524 ipsam,
830 443 865 504 id
887 450 947 520 cst,
970 444 1044 507 vari·

122 533 218 586 tatem
239 526 361 589 latrare.

204 610 317 671 Verum
344 609 422 670 illud
451 611 668 672 suavissimum
698 611 747 671 vel
781 610 954 675 balsamum
975 609 1044 671 Ilm·

120 711 263 753 seranum
286 692 443 772 quomodo
465 694 680 772 praeteream?
724 693 815 768 Quod
836 693 1040 767 ratiunculam

121 796 239 854 meam,
275 795 336 854 qua
358 776 479 857 Lipsiae
513 776 759 854 contendebam,
793 777 959 838 ecelesiam
986 777 1041 839 Dei

120 859 213 919 fuisse
236 860 302 919 sine
324 859 501 920 monarchia
523 861 630 940 viginti
663 862 752 920 annis
785 868 859 921 ante
891 860 1043 923 ecclesiae

120 942 281 1003 Romanae
304 952 420 1020 ortum,
453 941 523 1003 ideo
552 963 615 1003 non
638 962 707 1003 esse
728 943 954 1020 necessariam,
986 960 1044 1002 nec

121 1026 193 1086 iuris
216 1025 320 1104 divini,
344 1027 388 1086 ita
409 1027 514 1103 solvis,
537 1026 604 1087 Nee
625 1028 716 1086 etiam
739 1027 833 1103 Petri,
854 1027 968 1105 inquis,
990 1043 1042 1106 po·

121 1110 224 1170 testati
245 1118 298 1169 aut
321 1128 532 1170 successorum
568 1111 633 1169 eius
668 1111 735 1188 plus
772 1110 924 1187 detrahit,
958 1107 1041 1189 quod

120 1207 193 1273 post
213 1193 389 1253 vicesimum
421 1212 534 1252 annum
567 1192 617 1252 vel
650 1195 726 1252 citra
748 1193 877 1265 Romam
911 1192 1041 1272 primum

120 1276 276 1356 applicuit,
299 1295 390 1355 quam
412 1276 550 1336 felicitati
571 1275 699 1336 latronis
723 1275 834 1353 obluit,
868 1273 953 1354 quod
974 1282 1043 1355 post

122 1357 323 1438 quadraginta
351 1359 475 1420 demum
515 1358 581 1419 dies
610 1377 678 1418 cum
702 1359 822 1420 Christo
854 1360 886 1418 in
918 1358 1041 1425 coelum

122 1441 270 1516 ascendit,
293 1442 378 1517 lento
401 1444 482 1502 enim
504 1461 598 1522 passu
619 1461 668 1502 res
691 1442 844 1503 humanae
866 1441 1023 1503 incedunt.

206 1524 302 1603 Vide,
331 1527 372 1585 mi
395 1525 517 1602 Emser,
550 1544 590 1584 an
623 1544 685 1585 non
714 1527 792 1585 hacc
824 1526 905 1585 inter
926 1524 1040 1605 pocula

123 1605 247 1685 dixeris,
268 1616 322 1667 aut
342 1610 421 1668 sicut
435 1609 560 1669 Balaam
583 1609 708 1688 propria
730 1617 760 1669 te
782 1627 860 1669 voce
876 1627 1044 1688 coarguas,

121 1709 171 1751 res
192 1690 341 1751 humanas
364 1692 447 1751 lento
470 1711 563 1770 passu
584 1691 729 1751 incedere
751 1691 845 1770 dicis,
868 1698 900 1751 et
921 1692 984 1751 hoo
1005 1691 1043 1751 da

121 1781 276 1853 potestate
299 1774 496 1834 monarchiae
516 1774 595 1834 Petri
618 1775 710 1852 dicis,
738 1794 788 1835 res
810 1793 885 1854 ergo
908 1775 1041 1835 humana

122 1864 170 1917 est
194 1857 392 1918 monarchia?
433 1858 540 1936 Rogo,
575 1858 682 1918 desine
708 1857 874 1937 aliquando
899 1859 1042 1921 resistere

123 1941 242 2000 veritati
270 1960 324 2021 per·
350 1959 385 2001 οι
419 1948 502 1999 tuum
533 1940 681 2019 loquenti.
724 1940 813 2002 Tot
805 1961 866 2001 ram
889 1941 1040 2022 exemplis

123 2021 361 2102 deprehenderis
385 2025 543 2083 veritatem
570 2025 601 2083 in
636 2023 730 2084 corde
759 2032 811 2087 tuo
844 2024 1042 2103 violentam,

124 2107 255 2167 necdum
274 2106 439 2186 resipiscis,
461 2125 529 2183 nec,
551 2107 633 2202 quod
656 2109 747 2168 toties
769 2106 824 2168 tihi
847 2108 1009 2187 erumpit
1000 2125 1042 2169 ιιι-

124 2191 198 2266 vito,
223 2190 364 2250 moveris.
408 2188 492 2249 Cave
515 2210 554 2250 ne
583 2192 608 2250 si
638 2191 757 2250 veritati
788 2191 849 2250 vim
878 2191 971 2250 toties
1000 2191 1040 2249 in·

124 2273 245 2350 tuleris,
277 2275 345 2351 ipsa
371 2281 402 2333 te
425 2273 591 2352 ahqnando
614 2274 889 2353 irrecuperabiliter
911 2272 1042 2349 deserat,

125 2361 236 2436 sponte
258 2356 369 2416 videris
399 2356 480 2416 velle
508 2359 670 2417 caecutire.
719 2355 750 2416 Si
773 2356 906 2436 Caiphas
934 2364 966 2416 et
987 2357 1042 2417 Ba-

124 2439 204 2499 laam
229 2440 348 2500 veritati
372 2459 426 2519 per
448 2460 481 2500 se
509 2440 610 2500 dictae
643 2459 705 2501 non
741 2441 941 2514 restitissent,
971 2436 1041 2518 quid

125 2522 184 2583 illis
208 2522 324 2583 beatius
350 2523 450 2584 foret?
488 2523 640 2602 Exempla
673 2523 725 2583 tibi
763 2531 848 2601 sunt,
881 2523 936 2583 tihi
964 2522 1042 2598 dieo,

125 2607 278 2667 terribilia.

206 2689 248 2749 Et
268 2689 388 2751 adeone
420 2686 488 2750 vilis
518 2690 571 2751 tibi
599 2708 648 2749 res
680 2695 728 2749 est
751 2689 798 2747 ius
822 2686 959 2748 divinum
982 2707 1044 2749 mo·

124 2773 268 2834 narchiae
293 2782 379 2852 tuae,
415 2775 477 2833 ut
469 2793 582 2853 ipsum
600 2774 686 2832 unius
709 2772 838 2832 latronis
861 2770 977 2833 dilatae
999 2792 1043 2832 sa·

124 2856 179 2916 luti
202 2857 383 2936 compares?
414 2857 475 2916 Cur
503 2875 576 2937 ergo
600 2858 642 2915 tui
666 2855 853 2915 monarchae
873 2854 955 2915 Petri
978 2873 1042 2916 suc·

125 2959 265 3001 cessores
288 2960 351 3001 non
382 2940 474 3002 modo
503 2960 564 3000 non
595 2959 663 2999 cum
691 2940 780 2998 unius
803 2937 953 3015 hominis,
990 2935 1042 2997 sed

124 3043 163 3084 ne
186 3042 254 3082 eum
278 3025 412 3084 universi
434 3023 555 3103 quidem
579 3024 660 3083 orbis
684 3022 836 3083 ecclesiae
867 3021 1042 3082 conditione

124 3126 159 3167 se
181 3109 353 3187 comparari
375 3107 552 3188 patiuntur?
575 3106 645 3166 dum
668 3106 830 3186 privilegia
851 3113 882 3164 et
902 3106 970 3165 iura
985 3104 1042 3165 Ro·

125 3210 234 3251 manae
256 3192 407 3252 ecclesiae
432 3192 510 3252 adeo
534 3199 656 3250 strenue
678 3198 709 3250 et
731 3190 781 3269 pie
804 3188 990 3265 defendunt,
1013 3194 1043 3249 nt

123 3275 274 3355 integram
296 3274 458 3335 Graeciam
482 3282 513 3335 et
528 3274 717 3351 Bohemiam,
739 3280 833 3368 atque
848 3271 993 3349 Galliam,
1015 3278 1044 3331 at

125 3376 233 3418 omnes
261 3360 437 3437 provincias
476 3358 637 3417 maluerint
664 3358 779 3436 perire,
816 3357 878 3416 imo
915 3356 1043 3452 propriis

124 3440 299 3501 fulminibus
324 3440 411 3524 (oum
435 3441 602 3503 Canoniata
623 3442 752 3519 loquor)
777 3440 875 3520 parati
897 3441 958 3500 sint
978 3457 1042 3519 per·

125 3524 252 3584 dereet
241 3527 556 3601 texeommunicare,
585 3543 677 3602 quam
711 3543 772 3584 uno
802 3531 958 3583 momento
983 3521 1043 3602 pati

125 3607 250 3668 dilatam
273 3615 326 3667 aut
314 3609 580 3669 tsnbiectamt
528 3615 580 3668 aut
597 3614 742 3668 mutatam
754 3607 945 3666 voluntatem
958 3624 1043 3665 suam

129 3693 202 3772 (pot
190 3698 332 3751 testatem
356 3691 450 3770 dixi).

209 3774 289 3835 Vide
310 3794 394 3856 ergo,
416 3795 455 3837 ne
478 3783 510 3835 tu
531 3755 574 3835 sis
595 3775 792 3855 impiissimus
821 3774 852 3835 iu
880 3780 944 3835 tam
964 3772 1044 3834 zelo
