2346 4208
416 257 451 311 de
467 257 592 314 libertate
606 258 768 313 christiana.
988 255 1051 323 239

123 464 213 507 mera
233 445 290 509 Dei
319 445 528 507 misericordia
549 466 605 526 per
627 446 779 509 Christum
808 449 840 506 in
869 446 964 507 verbo
987 447 1051 507 eins

123 547 292 610 personam
322 529 415 609 digne
437 537 468 589 et
498 531 684 611 sufficienter
716 528 862 590 iustificat
888 537 921 590 et
942 530 1050 606 salvet,

124 618 158 675 et
179 611 265 673 nullo
289 631 401 692 opere,
432 611 515 672 nulla
544 616 612 699 lege
635 613 810 674 Christiano
833 613 949 677 bomini
973 632 1050 692 opus

121 714 196 757 esee
218 694 257 756 ad
279 695 426 774 salntem,
456 714 524 757 cum
547 716 602 776 per
623 695 715 757 tidem
746 697 821 756 liber
843 698 882 755 sit
903 694 941 757 ab
965 697 1049 756 omni

121 779 206 859 lege,
234 784 326 839 etex
349 797 433 838 mera
452 779 594 839 libertate
606 777 636 862 ¹)
664 782 767 840 omnia
790 779 922 859 gratuito
946 779 1048 859 saciat,

123 879 330 941 quaecunque
352 863 439 940 tecit,
468 862 543 922 nihil
566 881 716 942 quaerens
744 873 798 922 aut
819 861 1049 933 commodi-aut

123 943 233 1007 salutis
258 944 346 1026 (cum
380 946 441 1004 iam
464 955 548 1005 satur
576 949 608 1006 et
629 945 733 1006 salvus
766 945 848 1020 sit2)
873 944 972 1025 gratia
992 945 1051 1007 Dei

128 1047 171 1089 ex
192 1025 254 1088 lide
275 1026 361 1110 sua),
384 1028 439 1088 sed
461 1029 560 1089 solum
584 1028 808 1109 beneplacitum
832 1029 899 1091 Dei.

210 1110 263 1172 Sic
284 1120 315 1171 et
336 1110 453 1171 infideli
474 1112 591 1172 nullum
614 1131 691 1190 opus
726 1113 839 1172 bouum
863 1111 989 1191 prodest
1010 1110 1055 1172 ad

122 1194 273 1257 iustitiam
295 1200 327 1255 et
348 1194 489 1272 salntem,
513 1195 674 1256 ediverso
699 1194 813 1255 nullum
837 1196 950 1255 malum
973 1213 1050 1274 opus

123 1277 201 1339 facit
222 1297 291 1337 eum
304 1275 336 1360 ³)
362 1278 475 1337 malum
493 1284 546 1338 aut
561 1278 748 1357 damnatum,
772 1279 824 1338 sed
843 1277 1049 1355 incredulitas,

124 1379 208 1440 qnae
231 1379 394 1439 personam
414 1367 445 1420 et
474 1361 614 1422 arborem
650 1363 762 1423 malam
793 1362 881 1440 facit,
918 1362 998 1421 mala
1019 1371 1051 1421 et

123 1443 273 1504 damnata
291 1444 365 1504 facit
386 1462 490 1523 opera.
534 1445 639 1523 Unde,
660 1446 733 1505 dum
758 1445 856 1505 bonus
878 1451 932 1504 aut
952 1443 1050 1503 malus

124 1528 289 1606 quisquam
311 1525 447 1605 efficitur,
471 1546 533 1587 non
555 1528 616 1589 hoc
637 1528 675 1589 ab
694 1527 849 1608 operibus,
872 1527 926 1587 sed
949 1546 968 1586 a
990 1526 1050 1588 tide

123 1609 175 1671 vel
198 1610 411 1670 incredulitate
433 1612 543 1686 oritur,
566 1613 644 1671 sicut
666 1610 797 1690 Sapiens
812 1611 846 1687 *)
872 1611 959 1671 dicit:
994 1609 1049 1671 lni-

121 1695 204 1754 tinm
227 1695 346 1773 peceati
369 1701 545 1773 apostatare
568 1695 678 1773 abac,
701 1694 730 1753 id
754 1704 810 1774 est,
833 1714 896 1754 non
915 1693 1050 1771 credere,

123 1784 158 1839 et
184 1775 297 1837 Paulus
319 1776 429 1839 librae.
455 1782 510 1839 ll:
542 1778 673 1856 Oportet
693 1777 891 1838 accedentem
915 1776 1050 1852 credere,
1101 1823 1109 1831 .

122 1866 156 1921 et
178 1858 316 1919 Christus
340 1859 553 1921 idemdicens:
576 1860 639 1920 rint
660 1861 751 1921 facite
774 1859 912 1920 arborem
936 1859 1048 1920 bonam

122 1950 158 2003 et
178 1942 292 2003 fructus
315 1943 379 2003 eins
403 1943 514 2020 bonos,
535 1951 587 2004 aot
608 1942 699 2005 facite
720 1944 861 2004 arborem
886 1945 996 2002 malam
1020 1950 1051 2003 et

122 2027 241 2086 fructus
264 2027 329 2086 eius
352 2027 467 2105 malos,
491 2046 529 2086 ac
551 2030 596 2087 sic
617 2027 713 2087 dicat:
748 2026 806 2101 Qui
830 2026 915 2086 volet
935 2026 1048 2087 fructus

124 2111 227 2171 bonos
250 2109 378 2185 habere,
407 2109 445 2169 ab
478 2110 587 2170 arbore
608 2111 750 2191 incipiet,
782 2117 813 2170 et
834 2109 914 2170 hanc
937 2110 1050 2171 bonam

122 2191 296 2274 plantabit,
330 2193 373 2252 ita
394 2193 445 2271 qui
468 2193 531 2253 vult
551 2193 643 2256 ,bona
665 2194 805 2274 operari,
834 2213 896 2253 non
918 2191 957 2254 ab
979 2211 1051 2272 ope·

122 2274 234 2354 tando,
257 2275 312 2336 sed
332 2295 350 2334 a
373 2276 528 2337 credendo
550 2278 685 2357 incipiet,
706 2277 789 2356 quod
810 2297 973 2357 personam
998 2275 1050 2338 bo·

123 2377 201 2420 nem
226 2359 310 2420 iacit.
354 2359 424 2419 Non
448 2362 528 2419 enim
553 2380 716 2439 personam
740 2361 853 2421 bonam
875 2361 962 2434 facit,
991 2361 1049 2420 nisi

124 2440 215 2518 fides,
239 2461 296 2502 nec
319 2443 440 2518 malam,
464 2444 521 2502 uisi
542 2443 748 2506 incredulitas.

209 2524 277 2584 Hoc
299 2545 374 2585 sane
396 2545 500 2586 verum
524 2535 586 2604 est,
621 2527 764 2607 operibus
798 2526 863 2587 lieri
893 2527 1048 2586 hominem

122 2608 240 2671 bonum
269 2616 322 2668 aut
351 2609 463 2669 melum
486 2627 589 2668 coram
623 2609 814 2686 hominibus,
852 2609 913 2669 hoe
947 2615 1049 2669 autem

122 2691 190 2753 fieri
223 2701 271 2752 est
293 2692 390 2768 idem,
420 2692 502 2771 quod
532 2692 654 2752 ostendi
683 2699 714 2752 et
735 2693 899 2772 cognosci,
923 2694 990 2770 quis
1012 2693 1051 2752 sit

126 2774 228 2836 bonus
250 2783 303 2834 ant
318 2776 425 2854 malus,
448 2776 743 2838 utChristnsMattb.
756 2781 783 2840 7.
801 2775 890 2835 dicit:
913 2774 961 2834 Ex
973 2775 1048 2835 fruc

124 2858 206 2918 tibus
228 2877 332 2918 eorum
347 2860 542 2941 cognoscetis
565 2878 628 2922 eos.
671 2861 714 2920 At
734 2859 794 2919 hoo
806 2867 902 2919 totum
924 2859 955 2918 in
980 2877 1049 2939 spe·

128 2943 178 3000 aie
201 2948 232 3001 et
253 2952 340 3002 extra
362 2948 475 3019 manet,
498 2962 559 3021 qna
579 2944 609 3002 in
632 2962 665 3003 re
686 2945 807 3024 plurimi
821 2942 975 3019 selluutur,
998 2945 1048 3020 qui

123 3023 261 3085 scribere
278 3031 310 3084 et
332 3025 446 3085 docere
469 3034 667 3104 praesumunt
689 3027 771 3087 bona
794 3045 905 3104 opera,
939 3025 1046 3104 quibos

122 3105 369 3186 iustificemur4),
392 3110 512 3168 interim
536 3110 607 3169 fidei
622 3130 662 3170 ne
683 3116 892 3170 memorentur
914 3108 1047 3188 quidem,

124 3200 236 3251 euntes
257 3193 288 3251 iu
312 3192 368 3251 viis
392 3193 474 3269 suis,
497 3191 565 3251 falsi
588 3200 619 3253 et
640 3194 781 3253 fallentes
804 3211 940 3272 semper.
979 3211 1047 3272 pro·

122 3271 263 3335 ficientes
285 3275 315 3334 in
338 3277 435 3354 peius,
458 3277 542 3335 caeci
566 3295 727 3337 caecorum
752 3275 856 3352 duces,
881 3275 983 3336 multis
1000 3296 1045 3336 se-

123 3375 159 3418 se
182 3358 327 3438 operibns
339 3359 513 3438 fatigantes,
535 3366 565 3419 et
589 3369 690 3421 tamen
713 3360 918 3439 nunqnamad
942 3379 1044 3419 veram

121 3441 268 3501 iustitiam
292 3443 517 3521 pervenientes,
541 3444 699 3523 dequibus
712 3444 741 3506 S.
758 3443 869 3502 Paulus
883 3449 908 3505 1.
931 3443 1045 3506 Time.

123 3521 213 3586 dicit:
243 3525 400 3586 Habentes
423 3525 544 3604 quidem
570 3529 703 3607 speciem
727 3527 867 3607 pietatis,
904 3527 1044 3587 virtutem

138 3624 174 3694 '1'
180 3622 247 3704 in?
243 3621 381 3693 euss'snn:
401 3638 571 3692 liberalitate.
593 3635 625 3704 2)
646 3635 734 3688 Μαι
752 3633 875 3700 fit..3)1n
896 3634 938 3687 eu.
957 3636 1043 3703 cuge

121 3717 207 3767 euim.
244 3712 276 3770 4>
297 3711 328 3764 In
347 3711 389 3764 ad.
411 3712 477 3767 1521
499 3717 526 3764 at
543 3710 621 3764 lem:
640 3710 829 3761 iustitiaentur.

196 3785 228 3854 ¹¹)
249 3784 351 3839 Sirach.
370 3784 412 3840 10.
