2346 4208
349 941 587 1039 Tractatus
623 942 807 1040 liutheri
845 940 848 946 ’

564 1095 602 1162 de

325 1213 452 1281 retiooe
473 1213 606 1281 vivendi
627 1213 837 1283 sacerdotum.

207 1500 363 1591 [rutheros
385 1546 493 1588 meuse
514 1527 595 1589 Maio
619 1547 647 1588 e.
666 1531 747 1594 1519
770 1550 789 1591 c
810 1531 971 1613 spoletino
994 1554 1041 1597 ro·

123 1623 224 1697 gatus,
248 1620 281 1673 ut
302 1611 360 1673 sibi
382 1612 476 1671 vitem
499 1609 723 1672 sacerdotalem
745 1611 944 1688 describeret,
966 1616 1045 1680 hoec

121 1699 150 1759 ei
181 1696 341 1778 respondit
375 1693 425 1755 die
456 1695 505 1757 16.
528 1691 666 1754 eiusdem
701 1698 831 1758 mensis:
881 1698 1045 1776 „Ceterum
1145 1722 1152 1729 ·

122 1780 161 1841 de
184 1777 380 1854 sacerdotati,
403 1773 488 1856 quod
510 1776 606 1858 petis,
631 1778 693 1839 vito
715 1777 928 1857 describendo,
951 1801 1045 1846 curs

122 1883 171 1925 me
192 1865 294 1945 petis,
330 1862 382 1940 qui
415 1867 478 1921 tem
500 1862 628 1942 copiose
650 1861 766 1939 hebees
798 1864 973 1945 apostolum
1004 1865 1044 1928 ed

119 1946 221 2008 Titum
255 1953 287 2007 et
307 1939 502 2005 Timotheum
539 1941 741 2006 disserentem
778 1947 809 2008 in
839 1946 921 2008 hono
947 1951 1044 2013 rem.“

120 2028 315 2111 Quemquam
356 2047 430 2088 vero
463 2025 512 2086 hic
555 2045 618 2087 non
649 2029 785 2109 scripsit,
829 2050 863 2092 se
895 2030 1045 2114 Spoletini

120 2113 260 2193 precibus
275 2112 489 2173 obsecuturum
513 2128 592 2189 esse,
616 2116 717 2172 temen
741 2115 923 2196 paulopost
944 2135 1044 2196 peuce

119 2196 157 2257 de
189 2198 308 2257 ratione
334 2192 456 2254 vivendi
489 2193 683 2254 secerdotum
708 2199 923 2278 composuisse
959 2198 1043 2261 vide·

119 2287 174 2340 tur.
217 2279 355 2340 Joonues
377 2276 556 2352 Auriicber,
587 2277 676 2338 culce
702 2279 892 2342 vinariensis
916 2283 1042 2345 concio·

120 2368 218 2439 notor,
240 2364 355 2443 primus
383 2381 422 2421 ee
450 2380 478 2422 a.
503 2363 583 2424 1556
605 2361 636 2420 iu
658 2361 759 2422 lucem
782 2363 878 2425 edidit
899 2365 930 2425 in
954 2373 1041 2428 tomo

117 2447 217 2526 primo
241 2444 501 2525 epistolarum
525 2444 561 2503 R.
584 2443 616 2504 P.
639 2443 676 2507 D.
698 2445 856 2507 Martini
878 2447 1042 2511 Lutheri

119 2549 148 2609 p.
173 2533 231 2593 175
254 2547 341 2608 sqq,
374 2534 466 2605 utque
493 2525 607 2586 ibidem
629 2527 767 2588 tradidit:
801 2528 863 2591 hoc
893 2533 1040 2612 seriptum

119 2612 241 2674 Lutheri
269 2613 299 2671 in
328 2609 516 2671 bibliothece
547 2609 697 2670 iohannis
721 2610 803 2672 Grau
834 2615 968 2692 postoris
992 2614 1043 2675 Vi·

119 2697 268 2756 nerieosis
282 2695 440 2754 inventum
465 2713 544 2753 esse.
566 2692 689 2772 Legitur
700 2694 750 2755 hic
764 2694 925 2756 Trcctctus
948 2698 1042 2759 etiem

118 2778 278 2839 inLutheri
301 2777 440 2857 epistolis
463 2775 757 2839 cdeWettioeditis
773 2778 991 2860 q1‚271sqq.)‚
1010 2782 1041 2841 io
1073 2791 1075 2796 “

119 2861 282 2923 Loescheri
312 2861 447 2924 Reform.
480 2860 566 2920 Actis
588 2858 644 2937 ΙΙΙ,
678 2864 738 2926 950
761 2880 829 2941 sqq.
866 2869 897 2923 et
923 2881 1043 2943 germe-

119 2946 187 3006 nice
209 2943 381 3006 ianlchii
403 2943 476 3004 edit.
490 2942 706 3024 Opp.Lutheri
727 2943 762 3006 T.
772 2943 851 3024 XXI,
866 2966 895 3026 p.
905 2948 964 3010 631
974 2964 1042 3026 sqq.

116 3027 181 3089 Nos
205 3036 322 3090 textum
345 3027 532 3090 reddidimus
556 3027 724 3088 secuudum
741 3028 896 3090 Aurifcbri
920 3028 1041 3091 librum.

345 3193 810 3257 Rutiovivendi

199 3348 465 3428 secerdotum,
487 3349 592 3411 Mart.
616 3346 787 3408 Luthero
810 3353 956 3410 sutore.

261 3514 283 3574 Ι.
328 3515 373 3575 De
396 3515 478 3575 victu
502 3512 695 3575 secerdotum
719 3517 901 3592 temperato.

200 3631 352 3711 Quicquid
376 3631 414 3692 de
436 3632 565 3712 prandio
588 3632 697 3707 fuerit,
725 3647 855 3690 coenem
884 3648 953 3690 esse
975 3648 1042 3710 per·

117 3735 185 3776 cem
207 3722 240 3775 et
262 3715 388 3777 brevem
411 3716 534 3796 corpori
556 3722 588 3776 et
610 3717 731 3777 enimse
752 3711 890 3793 prodest,
912 3712 991 3773 sicut
1012 3717 1045 3775 et

142 3821 235 3862 humeri
248 3832 300 3870 opp.
315 3822 340 3863 V.
358 3821 386 3862 Δ.
400 3822 428 3862 sd
442 3821 483 3864 rot.
497 3822 548 3864 um.
562 3822 578 3864 1.
591 3833 613 3874 p.
629 3823 679 3868 Vol.
694 3824 735 3866 111.
881 3798 926 3864 (ὦ
