2346 4208
128 241 194 309 300
466 243 543 297 Bulla
560 241 661 296 Leonis
680 242 714 295 X.

129 431 249 493 Notarii
270 433 419 495 confectis
442 432 689 514 etsubscriptio,
725 430 776 492 vel
803 429 835 492 in
863 429 948 491 alma
970 418 1052 492 Urba

130 517 304 596 impressis,
338 524 369 578 et
402 515 503 597 sigillo
536 516 664 576 alicuius
695 515 899 576 ecclesiastici
921 512 1052 575 Praelali

132 600 274 675 munitis,
311 601 423 680 ubique
447 607 558 679 stetur,
594 607 624 660 et
646 598 739 679 plena
760 597 837 660 fides
860 597 1053 679 adhibeatur,

130 689 222 760 prout
256 683 455 764 originalibus
484 683 578 744 literis
616 688 747 743 staretur
779 690 811 744 et
845 680 1053 757 adhiberetur,

128 765 154 825 si
171 765 274 826 forent
296 766 451 828 exhibitae
473 767 522 828 vel
544 773 698 830 ostensae.
772 838 774 843 ι

170 844 206 930 a)
230 848 309 909 Huic
329 848 500 911 difficultati
533 849 750 913 subvenientes
772 847 875 910 denuo
900 846 1052 909 edendam

171 934 360 1011 curavimus,
395 932 521 993 multum
550 934 630 992 euim
659 940 765 994 nostra
795 933 929 992 interest
961 930 1052 993 talem

170 1020 255 1074 tuam
282 1022 344 1076 tarn
381 1014 574 1096 splendidam
596 1014 715 1077 Rullarn
749 1015 900 1076 latissime
923 1015 1052 1074 circum-

168 1097 248 1159 ferri.
1047 1132 1051 1139 ·

212 1181 251 1241 Et
274 1201 312 1242 ne
334 1182 488 1262 praefatus
510 1181 658 1243 Lutherus
682 1200 850 1260 omnesque
873 1183 928 1242 alii
950 1201 1052 1262 supra

128 1263 215 1340 dicti,
254 1284 332 1344 quos
366 1271 544 1344 praesentes
576 1264 683 1326 literae
712 1263 952 1346 quomodolibet
985 1284 1051 1326 con·

128 1357 271 1426 cernunt,
293 1349 498 1429 ignorantiam
521 1348 686 1409 earundem
709 1349 875 1427 literarum,
901 1356 933 1409 et
956 1350 988 1409 iu
1011 1350 1051 1409 eis

128 1435 345 1492 contentorum
379 1432 513 1492 omniurn
554 1438 585 1491 et
622 1433 811 1514 singulorum
845 1432 1051 1511 praetendere

127 1512 269 1591 valeant,
298 1515 401 1575 literas
423 1515 507 1594 ipsas
531 1516 561 1573 iu
585 1515 736 1576 Basilicas
758 1515 906 1596 principis
928 1524 1049 1596 aposto·

126 1594 242 1674 lorum,
265 1602 296 1657 et
318 1597 522 1658 cancellariae
545 1599 755 1678 apostolicae,
780 1616 838 1657 uec
861 1616 925 1658 non
951 1597 1049 1659 cathe-

126 1677 254 1739 dralium
271 1680 469 1741 ecclesiarum
485 1680 833 1763 Brandeuburgeusium,
848 1680 1048 1742 Misueusium

128 1769 159 1819 et
181 1762 457 1844 Mersbergeusium
480 1763 578 1824 valvis
612 1763 695 1845 afligi
719 1772 750 1826 et
771 1764 923 1845 publicari
946 1762 1048 1826 deberi

127 1846 302 1925 voluimus,
335 1845 556 1925 decernentes,
589 1848 671 1928 quod
695 1847 860 1909 earundem
896 1847 1049 1909 literarum

127 1927 295 2006 publicatio
318 1930 362 1989 aio
394 1931 476 1990 facta
509 1930 715 2011 supradictum
739 1930 902 1991 Martinam
933 1949 1050 1991 omnes·

129 2028 188 2089 que
209 2012 287 2073 alios
310 2020 340 2072 et
363 2013 502 2094 singulos
530 2016 799 2094 praenominatos,
832 2031 911 2092 quos
945 2013 1051 2075 literae

126 2092 299 2155 huiusmodi
342 2095 578 2173 quomodolibet
599 2095 627 2178 ¹)
671 2102 876 2174 concernunt,
923 2095 1050 2177 perinde

128 2183 262 2253 arctant,
297 2197 334 2236 ac
362 2180 387 2237 si
416 2179 522 2238 literae
543 2176 630 2260 ipsae
653 2179 702 2239 die
724 2178 878 2239 affixionis
902 2188 934 2240 et
959 2179 1050 2260 publi·

127 2261 257 2320 cationis
279 2260 452 2321 huiuamodi
477 2262 521 2319 eis
534 2263 736 2344 personaliter
758 2262 856 2322 lectae
879 2270 911 2323 et
932 2264 1048 2324 intima-

127 2349 176 2401 tae
198 2343 314 2404 forent:
339 2362 430 2422 quum
454 2363 516 2403 non
539 2348 579 2406 sit
600 2344 773 2423 verisimile,
797 2345 880 2424 quod
903 2365 952 2423 ea,
975 2366 1049 2427 quac

126 2432 187 2484 tarn
211 2434 351 2505 patenter
374 2426 466 2505 liunt,
497 2426 631 2489 debeant
653 2426 732 2508 apud
757 2447 812 2490 eos
835 2429 1046 2509 incognitos)

125 2527 295 2571 remanere.

167 2597 202 2670 a)
228 2594 269 2652 At
291 2595 523 2674 cognoscimus,
556 2594 609 2654 sed
633 2613 694 2654 uon
718 2596 934 2675 agnoscimus,
975 2596 1048 2657 haec

168 2675 291 2736 tandem
315 2683 363 2736 est
375 2676 530 2738 hebetudo
554 2686 669 2740 nostra.

207 2758 276 2819 Nou
301 2759 493 2821 obstantibus
509 2767 542 2834 a)
578 2760 847 2821 constitutionibus
876 2767 908 2820 et
930 2761 1048 2822 ordina-

125 2839 259 2901 tionibus
282 2843 473 2921 apostolicis,
498 2862 551 2903 seu
575 2843 755 2923 supradictis
771 2842 914 2903 omuibus
940 2853 971 2903 et
993 2845 1047 2904 siu·

124 2921 220 3063 gulis,
255 2925 304 2984 vel
335 2944 439 2985 eorum
473 2926 563 2986 alicui
582 2924 631 3005 ²),
664 2931 717 2986 aut
745 2924 903 3004 quibusvis
933 2928 1003 2986 aliis
1031 2947 1047 2987 a

148 3003 206 3064 ede
229 3009 403 3085 apostolica
427 3009 600 3087 praedicta,
640 3008 689 3068 vel
717 3007 756 3068 ab
789 3027 826 3068 ea
858 3016 1045 3151 potestatpm

123 3085 316 3161 habentibus,
341 3091 396 3151 sub
421 3093 528 3170 quavis
552 3092 658 3169 forma,
681 3093 772 3151 ctiam
797 3091 1045 3168 confessionnis,

123 3174 244 3230 etcum
268 3173 423 3251 quibusvis
447 3177 537 3234 etiam
554 3174 588 3250 b)
613 3175 785 3236 fortissimis
809 3174 974 3252 clausulis,
998 3184 1046 3234 aut

122 3271 161 3309 ex
184 3256 290 3330 quavis
307 3274 408 3333 causa,
433 3277 486 3317 seu
500 3257 608 3337 grandi
621 3257 868 3317 consideratione
885 3256 1045 3332 indultum,

122 3333 171 3393 vel
194 3354 374 3397 concessum
391 3341 512 3417 existat,
536 3341 617 3419 quod
640 3340 791 3416 interdici,
813 3340 974 3419 suspendi,
999 3340 1045 3399 vel

121 3421 382 3481 excommunicari
405 3442 466 3483 nou
490 3426 610 3501 possint
649 3443 702 3503 per
725 3424 827 3483 literas
854 3423 1044 3501 apostolicas

121 3519 182 3560 non
206 3502 354 3564 facientes
377 3504 499 3584 plenam
524 3513 554 3566 et
577 3526 771 3586 expressam,
811 3524 848 3565 ac
883 3504 922 3564 de
953 3505 1043 3566 verbo

117 3669 530 3686 μΜΜ--ι--ιυο

190 3759 448 3834 Inedia.l1i1uch.:
473 3781 620 3850 quoslibet.
657 3781 691 3845 2)
711 3780 743 3835 In
764 3780 808 3835 aa.
826 3777 900 3832 oea:
933 3750 1040 3833 arretii.
