2346 4208
457 108 492 165 (le
510 111 581 181 legs.
927 108 989 177 385

62 292 280 437 alterationem
301 316 321 358 a
340 297 412 381 lege
423 306 454 360 et
474 299 611 380 peccatis
622 299 698 378 eius,
721 298 896 381 qnaaapud
916 321 989 383 gen-

96 395 197 438 snon
219 387 299 442 sunt.
738 388 742 401 ¹

126 463 176 526 25.
200 461 279 536 Quin
313 465 499 525 mentiuntur
532 469 563 525 et
593 464 705 525 Paulus
738 467 770 525 st
802 466 984 548 prophetae,

62 543 147 622 qnod
170 549 278 625 gentes
301 546 386 628 loge,
418 549 574 627 peccatis,
595 553 696 608 morte
728 552 857 625 terrent,
888 557 919 610 et
940 571 988 612 re·

62 624 274 706 demptionem
297 649 352 710 per
374 629 526 691 Christum
551 633 742 711 promittunt.

125 711 174 775 26.
198 711 275 772 (lum
297 714 396 773 sciant
417 713 490 774 talia
512 713 594 793 apud
617 730 689 774 suos
711 712 842 776 Iudaeos
865 717 986 776 tantum

60 792 177 870 valere,
198 797 232 855 ut
254 795 401 877 sublege
423 797 622 857 ceremoniali
645 797 819 858 conclusos.

125 877 174 941 27.
198 877 301 938 claret
323 898 413 960 ergo:
445 878 505 954 Qui
527 879 653 940 Paulum
689 879 728 940 de
756 879 826 961 lege
849 898 986 942 ceremo-

59 959 135 1029 niali
159 966 275 1020 tantum
299 962 383 1041 loqui
406 962 539 1042 docent,
560 963 724 1033 ¹Christum
757 963 937 1043 simpliciter
968 983 986 1025 e

61 1041 178 1103 mundo
200 1043 314 1104 tollunt
335 1063 403 1105 cunr
426 1046 569 1107 universo
592 1045 766 1126 evangelie.

124 1127 175 1191 28.
198 1125 238 1186 Et
273 1129 463 1189 constituunt
495 1147 552 1189 nos
586 1130 672 1209 ipsos
699 1135 822 1190 nostros
845 1127 986 1191 iustifica-

59 1215 155 1284 torcs,
178 1228 234 1289 per
255 1229 352 1290 opera
364 1212 493 1272 moralia
505 1231 559 1274 seu
572 1211 755 1292 decalogum
768 1213 835 1272 sine
852 1211 985 1274 Christo.

121 1293 172 1356 29.
194 1291 233 1351 m
255 1293 327 1372 quid
357 1294 413 1355 fuit
435 1313 513 1375 opus
543 1292 637 1355 filium
661 1295 718 1355 Dei
756 1294 821 1355 dari
853 1296 984 1376 pretium

57 1378 294 1455 propeccatis,
328 1396 396 1437 cum
420 1377 505 1458 leges
530 1377 754 1439 ceremoniales
788 1377 883 1438 homo
917 1379 984 1438 sine

57 1456 182 1518 Christo
204 1460 356 1538 potuisset
376 1467 545 1541 praestare.
970 1454 973 1489 ³

121 1542 172 1604 30.
194 1541 272 1601 Nam
296 1544 376 1603 siout
396 1543 491 1604 horno
513 1549 618 1624 potest
633 1544 700 1604 sine
712 1542 835 1603 Christo
858 1561 984 1622 capram

55 1623 206 1704 mulgere,
230 1643 341 1704 equum
364 1645 508 1706 pascere,
541 1625 666 1688 domum
689 1625 874 1705 aedificare,
905 1626 984 1687 sicut

55 1714 168 1788 gentes
190 1707 338 1770 fecerunt.
702 1722 705 1727 '

120 1791 170 1854 31.
192 1789 238 1850 lta
258 1797 364 1871 potest
385 1793 478 1853 etiam
501 1793 569 1854 sine
591 1792 713 1853 Christo
746 1797 849 1852 vestes
871 1791 986 1869 lavare,

55 1874 226 1934 caesariem
249 1875 375 1954 radere,
412 1877 502 1937 certis
533 1875 640 1937 diebus
670 1875 791 1953 feriari,
809 1908 812 1913 ·
831 1873 984 1936 sacrificia

55 1962 207 2035 mactare,
237 1957 397 2040 lampades
418 1957 607 2038 accendere,
639 1959 719 2019 sicut
738 1957 877 2019 lecerunt
898 1958 984 2039 impii

54 2038 243 2101 sacerdotes*
260 2042 371 2103 Christi
395 2047 426 2104 et
447 2043 667 2124 prophetarum
688 2039 874 2103 homicidae.

119 2124 169 2186 32.
191 2123 260 2184 Non
279 2127 406 2185 multum
420 2124 568 2188 dissimile
582 2132 673 2204 esset,
696 2127 722 2186 si
746 2124 875 2204 diceres,
897 2122 984 2209 Chri

55 2212 136 2266 stum
160 2225 229 2267 esse
251 2218 426 2286 mortuum,
460 2228 500 2270 ne
522 2211 562 2271 sit
583 2227 729 2292 necesse,
760 2227 884 2289 capram
907 2207 982 2268 mul-

54 2306 141 2370 gere,
165 2297 195 2350 et
217 2291 277 2351 alia
300 2292 471 2353 domestica
493 2311 589 2371 opera
610 2292 722 2354 iacere.

120 2374 170 2437 33.
194 2373 225 2434 si
248 2393 323 2456 ergo
346 2373 484 2434 Christus
513 2382 560 2435 est
584 2375 718 2436 omnium
742 2374 900 2434 hominnm
923 2373 980 2434 sal·

56 2463 147 2516 vator
166 2457 198 2516 in
220 2464 287 2518 toto
310 2456 447 2535 mundo,
469 2475 598 2519 necesse
620 2464 668 2518 cst
683 2456 810 2517 Paulum
834 2454 918 2536 loqui
942 2456 982 2518 de

56 2538 129 2620 lege
157 2547 189 2599 et
210 2545 346 2620 peccatis
370 2542 506 2602 omnium
526 2540 685 2601 hominum
708 2540 801 2601 totius
823 2539 939 2600 mundi.
973 2562 977 2577 ²

119 2623 168 2686 34.
193 2623 260 2684 stat
281 2646 366 2707 ergo,
388 2625 516 2685 Paulum
538 2624 622 2703 loqui
645 2643 708 2685 non
731 2622 831 2684 solum
854 2623 893 2684 de
917 2640 981 2684 mo·

54 2705 114 2766 reli
137 2704 216 2787 lege,
240 2708 294 2768 sed
319 2711 411 2771 etiam
435 2706 474 2769 dc
496 2713 564 2769 tota
586 2709 652 2768 eius
673 2707 815 2788 potentia
837 2713 869 2767 et
891 2707 932 2768 vi.

119 2791 167 2853 35.
191 2789 290 2865 Quam
309 2794 371 2853 vim
392 2811 432 2852 ne
454 2790 597 2872 intelligit
610 2789 733 2871 quidem
746 2790 841 2850 homo
864 2788 978 2850 animal

53 2871 265 2954 rationale1),
288 2877 386 2937 multo
408 2877 507 2936 minus
530 2874 570 2936 de
592 2893 630 2936 ea
650 2873 787 2934 iudicare
809 2877 843 2934 st
862 2871 988 2949 docere,

54 2962 169 3036 potest.
538 2974 542 2984 ·
629 2974 633 2979 ·

120 3044 170 3108 36.
192 3043 247 3102 Vis
268 3049 371 3103 autem
401 3048 434 3102 et
465 3041 605 3124 potentia
637 3040 702 3101 eius
724 3045 787 3119 est,
823 3037 979 3118 occidere,

53 3144 109 3186 seu
132 3132 292 3207 peccatum
316 3132 443 3187 aeterno
460 3131 559 3186 morte
572 3122 781 3185 damnandum
805 3121 978 3183 ostendere.

119 3211 168 3274 37.
190 3208 250 3270 Ubi
280 3228 354 3271 vero
392 3209 531 3289 coeperit
562 3208 657 3268 homo
690 3211 839 3287 arguente
869 3205 978 3286 spiritu

54 3293 136 3353 hanc
158 3293 217 3352 vim
241 3293 355 3353 sentire
382 3299 413 3354 et
441 3291 632 3372 intelligere,
664 3309 741 3351 mox
772 3288 916 3370 desperat
938 3287 977 3348 de

54 3375 116 3438 Dei
138 3374 357 3436 misericordia.

57 3533 461 3549 ..ρ--η--μ--ι--ω-

77 3644 80 3649 ·
128 3627 159 3695 l)
178 3625 209 3680 ln
229 3625 272 3679 ed.
291 3623 375 3679 1558:
395 3622 513 3675 ratione.

80 3733 173 3776 Lutharl
189 3743 240 3784 opp.
254 3732 274 3773 V
295 3731 321 3770 Α.
336 3722 664 3776 adrsr.hlscl.p.vol.1v.
834 3689 878 3753 25
