2346 4208
121 244 187 319 9ὁο
370 251 463 309 ansol.
483 252 510 307 L.
528 268 614 324 super
632 254 818 322 Proposition.
845 290 848 295 -

123 440 315 515 stantiensis,
338 458 468 519 negem,
501 441 562 518 qui'
579 439 711 501 habram
738 441 800 503 boo
820 440 1031 501 munimentum

123 529 155 583 et
175 522 255 583 bano
277 523 519 600 exeusationem,
549 523 631 602 quod
650 526 782 587 eonoilio
804 521 954 585 inuumbit
973 538 1029 601 pru·

122 605 196 667 bare
219 625 276 666 sua
296 606 460 667 deoretaet
482 607 654 685 ostendere,
677 626 711 668 se
726 628 789 670 non
810 624 941 683 errasse,
959 608 1031 685 post
1067 684 1071 689 Ι

124 708 216 768 quam
239 690 390 765 constitit,
421 690 520 769 ipsum
544 691 709 770 aliquando
733 710 853 752 errasse
882 696 916 749 et
941 704 1032 749 errare

120 790 224 852 posse.

206 853 285 930 Quid
310 874 385 935 ergo
408 862 497 935 putas
519 857 609 918 nobis
637 863 795 937 praestant
815 855 951 917 vinariae
969 852 1032 915 iliae

124 938 325 999 oonoiliorum
348 940 444 999 nostri
468 939 566 1000 seouli
589 940 861 1001 determinationes
883 944 1031 1017 streptu

122 1020 282 1098 bationes,
318 1022 376 1083 nisi
405 1022 489 1099 quod
515 1042 573 1083 nos
605 1022 737 1084 reddunt
760 1024 857 1095 (siin
879 1020 949 1082 illas
977 1017 1032 1081 nixi

122 1103 286 1178 fuerimus)
315 1105 467 1182 insertos,
500 1105 551 1165 ubi
583 1105 707 1167 tandem
746 1104 940 1184 quaerendus
961 1100 1030 1175 ait¹)

123 1186 271 1263 Christus,
295 1188 437 1265 eeclesia,
460 1189 640 1264 oonoilium,
662 1189 792 1269 Spiritus
814 1191 958 1262 sanotus,
978 1202 1030 1245 om

122 1270 233 1348 niaque
256 1270 347 1348 piane
368 1271 400 1329 in
423 1273 552 1350 primum
577 1271 672 1333 ehaos
695 1270 932 1335 confunduntur.

206 1351 267 1413 Sed
292 1353 331 1412 ad
354 1353 594 1416 constantiense
615 1362 761 1430 revertor,
783 1370 846 1433 quo·
869 1351 969 1433 magis
987 1350 1030 1411 in·

122 1441 221 1516 petor,
246 1437 330 1496 ouius
343 1436 573 1499 damnationem
594 1439 626 1498 in
648 1437 776 1499 artioulo
797 1436 851 1496 illo
870 1433 1030 1503 Huasitiou:

121 1518 205 1598 Papa
227 1536 289 1578 non
318 1525 365 1579 eat
393 1520 458 1579 iure
490 1519 595 1581 divino
634 1539 726 1599 super
752 1538 861 1591 omnes
883 1513 1031 1657 anoloni&

122 1603 214 1662 etiam
237 1602 308 1662 ideo
329 1603 465 1680 iniquam
481 1600 597 1678 assero,
622 1602 705 1681 quod
727 1604 767 1663 sit
786 1601 944 1662 contraria
955 1597 991 1659 Ni

121 1702 162 1743 no
175 1685 309 1746 concilio
322 1693 352 1744 et
367 1685 523 1761 Africano,
546 1693 577 1746 et
591 1688 647 1747 toti
669 1686 810 1747 orientali
832 1683 1031 1745 anfrisano

122 1767 285 1846 ecelesiae,
308 1787 376 1827 oum
400 1787 461 1827 non
484 1769 542 1829 nisi
554 1776 644 1829 sexta
664 1767 792 1849 Synodo
814 1760 1030 1829 Culoedonensi

120 1848 242 1910 oblatus
264 1851 304 1910 sit
324 1851 472 1930 primatus
499 1858 578 1919 (non
602 1853 667 1911 iure
689 1849 826 1933 divino),
848 1849 904 1910 sed
931 1847 971 1909 ab
991 1863 1031 1907 eo

122 1932 217 1993 elesia
238 1933 329 1994 Rom.
353 1933 565 2012 pontificibus,
593 1954 652 1995 neo
674 1936 719 1995 sio
740 1940 844 2015 tamep
866 1931 907 1994 ab
928 1932 975 1993 eis
993 1946 1029 1989 ur

120 2021 267 2094 sumptus,
291 2021 324 2075 ut
345 2017 451 2076 soribit
473 2016 503 2078 S.
515 2017 693 2098 Gregorius.
737 2017 817 2077 Nam
838 2016 864 2076 si
886 2016 954 2076 iure
969 2011 1031 2075 diri·

120 2117 161 2156 no
187 2104 281 2157 staret
302 2099 460 2178 primatus,
482 2100 631 2161 Nioenum
647 2120 715 2161 oum
739 2105 870 2179 quatuor
891 2093 1032 2176 sequenti·

119 2178 176 2239 bus
200 2187 282 2241 emet
302 2181 499 2258 haereticum,
522 2202 693 2261 omnesque
711 2185 742 2243 in
765 2181 898 2242 ecelesia
910 2176 1033 2255 =orientis

124 2261 277 2340 haeretiei,
300 2264 446 2325 haeretiei
465 2266 553 2329 Rom.
572 2265 745 2345 pontifiees,
768 2266 818 2344 qui
836 2262 976 2325 oblatum
995 2278 1031 2321 re

120 2355 275 2423 spuerunt.
299 2346 400 2421 Quare
415 2348 486 2409 volo
495 2351 650 2410 autoritati
662 2347 909 2410 constantiensis
921 2340 1032 2407 oonuiffi

120 2427 152 2487 in
181 2428 239 2488 heo
267 2431 354 2508 parte
383 2431 456 2491 nihii
480 2432 598 2492 sedere.
641 2432 711 2492 Non
745 2432 825 2491 enim
853 2429 956 2509 patiar
973 2424 1034 2493 ,ulit

120 2512 240 2571 ratione
269 2515 415 2574 maiorem
439 2517 556 2595 partem
580 2515 731 2575 ecelesiae
759 2513 948 2574 haeretioam
977 2507 1033 2571 tisri

121 2601 249 2672 propter
259 2595 496 2657 Constantiense
509 2599 687 2673 concilium,¹
706 2596 787 2675 quod
804 2614 924 2656 enasse
942 2592 1032 2674 palan

122 2685 177 2739 est.
221 2678 286 2738 Neo
299 2680 417 2757 mirum,
440 2699 509 2740 oum
531 2681 744 2741 administrata
766 2679 844 2739 haee
867 2678 931 2738 sint
951 2674 1033 2757 pots

121 2761 231 2819 simum
255 2762 397 2822 maehina
418 2764 632 2841 inquisitorum
663 2770 693 2822 et
724 2763 876 2824 sosionrm
909 2776 1033 2821 suorun.

204 2843 282 2905 Sunt
313 2853 343 2905 et
372 2845 457 2905 mul-ti
490 2845 541 2905 aiii
573 2846 691 2907 articuli
714 2845 859 2907 Hussitioi
894 2838 1034 2903 vemssimi

126 2925 241 2985 ibidem
266 2927 418 3003 damnati,
442 2947 519 3006 quos
542 2929 724 3008 expediam,
757 2947 825 2988 oum
849 2925 1034 2987 adversariru

122 3026 171 3067 me
202 3011 399 3086 exoitaverit,
432 3030 502 3071 nam
535 3007 597 3072 boo
632 3008 773 3091 ipsius²)
798 3009 921 3071 oonoilii
943 3006 1033 3069 verbis

125 3091 282 3153 evidenter
307 3092 464 3172 probabo,
489 3094 639 3154 dohannis
662 3094 752 3154 Hussi
774 3093 960 3153 seutentiam
981 3108 1032 3153 non

123 3174 235 3249 fuisse,
258 3175 339 3253 quod
363 3176 461 3236 malus
480 3177 627 3257 pontifex,
649 3179 753 3236 autin
775 3182 907 3256 peooato
924 3170 1032 3237 monui

121 3257 274 3332 existens,
304 3278 367 3319 non
398 3260 438 3318 sit
465 3260 605 3338 pontifex
625 3259 802 3337 habendus,
830 3259 904 3319 lieet
924 3254 1046 3339 sangui¹

121 3339 198 3398 narii
221 3341 416 3418 inquisitores
440 3342 552 3402 multos
575 3342 719 3403 articulos
751 3343 779 3403 ei
807 3343 839 3401 in
869 3340 951 3401 hano
979 3355 1030 3401 reu

121 3422 284 3501 impositos
300 3423 438 3484 damnari
451 3425 594 3487 curarint.
635 3424 701 3487 Nee
712 3425 768 3484 hio
783 3443 868 3499 auro,
890 3423 973 3503 quod
992 3438 1031 3483 nu

123 3503 311 3566 Boemorum
342 3514 505 3585 patronum
527 3509 751 3586 vociferantur3
784 3507 879 3586 ipsius
903 3502 1030 3569 caroffi,

122 3586 206 3666 quod
228 3595 336 3649 eontra
360 3610 408 3650 me
431 3592 561 3668 iactant,
591 3590 722 3651 ostendo
755 3598 785 3650 et
806 3609 920 3669 sequor
941 3588 1028 3651 verbu

160 3791 191 3860 1)
213 3791 241 3845 ln
263 3792 306 3848 ed.
326 3796 413 3867 arip:
433 3798 483 3850 est.
520 3794 552 3862 2)
574 3796 604 3849 ln
624 3794 687 3850 edd.
707 3796 793 3867 erip:
812 3796 963 3866 exipsius.
