2346 4208
371 260 772 347 munnio-pun.
965 252 1028 343 sss

104 452 280 525 committet
289 461 327 525 iri·
336 480 490 525 summurn
503 461 691 545 pontificem,
714 480 805 543 qnam
816 476 1027 545 ago'unqnam

104 558 194 609 flua
211 556 329 607 *mern
350 548 498 629 cogitare.
542 546 661 625 Primo,
685 564 748 607 non
777 546 876 608 solnm
900 544 1027 629 frikidos

104 628 232 709 MR,
271 628 330 691 ss'd
350 637 383 691 ct
403 636 499 713 negat
520 629 728 711 etprohibet,
763 648 801 690 ao
822 628 950 690 damnat
971 647 1027 691 cos

106 728 243 775 nones
276 718 313 775 at
337 712 534 793 banonistas,
566 712 617 794 qui
649 712 820 774 Romanum
849 708 1027 793 pontificem

168 796 292 877 sipario,
324 802 432 877 capnt,
465 798 635 874 summarii,
672 797 837 857 maximum
860 794 1028 877 appellant.

180 878 224 940 da
245 879 411 961 primatum
434 880 463 941 ai
484 880 627 941 auferens
648 880 770 962 penitus
798 878 868 941 aum
903 878 1028 959 reliquis

180 978 274 1025 arum
286 962 580 1046 aediumepiscopis,
591 961 624 1022 id
637 969 693 1040 cst,
703 962 895 1043 patriarchis,
906 968 1028 1042 aequat.
1080 989 1081 993 ¹

163 1050 373 1127 ²'rtrnt=‹rrgo,
396 1047 449 1127 qui
470 1065 520 1108 me
542 1064 623 1108 nova
644 1047 787 1127 posuisse
808 1047 955 1127 garriunt,
978 1046 1033 1126 qui¹

111 1126 306 1211 Epidisaim'a
328 1130 460 1191 Decreta
480 1129 542 1189 dixi
564 1130 740 1211 superiora,
771 1135 803 1189 et
823 1129 932 1208 credo,
966 1146 1042 1190 nou·

113 1212 219 1295 idque.
254 1210 344 1293 Nam
363 1212 416 1273 hio
442 1230 543 1275 canon
578 1212 701 1273 concilii
722 1212 858 1273 Africani
889 1230 927 1273 eo
960 1210 1029 1295 plus

113 1292 165 1355 ἢ
262 1294 409 1357 ferandus
437 1302 501 1375 est,
535 1314 596 1376 quo
630 1294 753 1377 longius
789 1294 827 1356 ab
859 1294 1034 1357 ambitione·

196 1380 233 1459 it,
255 1384 292 1439 ai
309 1379 523 1460 evangelicam
545 1377 729 1440 modestiam
752 1378 842 1458 sapit.

124 1480 146 1509 2-
186 1460 251 1537 Qui
271 1478 350 1544 argo
383 1480 433 1522 ms
470 1463 657 1524 haereticum
690 1467 854 1539 accusant,
887 1460 1029 1539 obsecro,

220 1544 368 1607 tantem
389 1546 460 1605 huic
482 1547 604 1619 canoni,
626 1546 651 1605 ai
665 1545 740 1605 mihi
760 1544 871 1606 nolunt
892 1542 1029 1626 parc's'rs.

117 1558 311 1709 κωπίω·
337 1627 462 1709 admisi,
493 1647 695 1709 quaecunque
716 1629 865 1689 Romano·
891 1622 1029 1709 pontiflci

119 1706 200 1773 hodia
222 1710 408 1790 inbuuntur,
430 1730 497 1773 rem
516 1720 582 1773 'non
606 1730 698 1793 nego,
720 1710 802 1772 facto
824 1729 889 1772 non
910 1716 1031 1771 contra·

120 1788 188 1873 ibeo,
208 1792 267 1857 sed
280 1792 321 1855 ds
340 1796 407 1857 iura
428 1796 494 1856 sius
515 1794 639 1876 disputo
662 1801 694 1855 et
714 1795 830 1862 centio:
854 1792 944 1869 Quod
967 1811 1029 1853 non

121 1873 176 1937 isra
193 1874 319 1956 divino,
342 1876 398 1940 ssd
418 1877 552 1940 decretis
573 1879 730 1939 hominum
753 1876 829 1938 talia
850 1876 1028 1939 tribuentur.

122 1952 190 2033 triu
211 1960 348 2043 amplius
367 1960 541 2022 faciendum
569 1961 643 2022 mihi
665 1960 732 2022 est?
765 1979 804 2020 an
838 1977 900 2021 non
930 1958 1037 2020 solum*

123 2038 209 2105 hbeo
230 2043 347 2104 iactum
368 2042 519 2125 confiteri,
543 2043 704 2106 sedetiam
719 2044 887 2104 mendaciis
912 2049 943 2103 et
964 2059 1029 2103 cnr-

122 2124 305 2207 aptioribus
320 2126 495 2208 scripturae
515 2127 597 2189 idem
613 2126 769 2188 stabilire?
792 2127 889 2187 Absit.
932 2125 1029 2207 Igitur

123 2204 253 2286 damner,
275 2218 422 2290 quantum
445 2212 567 2288 volunt,
591 2210 640 2271 hic
662 2209 761 2271 habeo
786 2228 955 2287 canonem,
980 2209 1029 2287 qui

123 2286 237 2353 &ornat
258 2293 433 2353 Romanurn
455 2293 633 2374 pontificem
669 2293 874 2353 universalem
910 2289 1029 2372 pontifi-

123 2388 179 2435 cem
200 2378 323 2456 vocari,
364 2376 448 2457 quod
477 2396 535 2458 ego
573 2384 676 2438 tamen
699 2395 854 2456 nunqnam
877 2375 1029 2437 damnavi.

121 2452 173 2519 iad
193 2458 345 2520 addamus
368 2461 465 2541 plura.

194 2542 313 2603 Ibidem
344 2543 487 2623 Pelagius
522 2542 663 2603 omnibus
686 2542 840 2623 episcopis
875 2540 979 2601 scribit
1000 2541 1030 2599 in

118 2616 193 2687 huno
224 2625 365 2686 modum:
412 2627 520 2686 Nullus
554 2627 794 2706 patriarcharum
825 2625 1030 2685 universitatis

120 2708 268 2770 vocabula
291 2727 425 2789 unquam
449 2716 557 2770 utatur.
602 2708 681 2783 Quia
703 2710 729 2768 si
759 2728 835 2768 unus
859 2706 1032 2788 patriarcha

116 2792 295 2854 universalis
318 2791 436 2870 dicitur,
459 2792 698 2873 patriarcharum
721 2810 835 2852 nomen
850 2792 958 2851 ceteris
981 2789 1032 2849 de·

114 2884 246 2958 rogatur.
292 2875 353 2937 Sed
376 2875 456 2936 absit
465 2876 525 2936 hoc
536 2895 555 2935 a
566 2875 707 2935 fidelibus
723 2872 1030 2952 sibivaile1)qnem-

114 2962 193 3035 pium
217 2960 370 3039 arripere,
407 2959 488 3020 unde
509 2959 660 3020 honorem
688 2960 810 3019 fratrum
835 2976 957 3016 snorum
979 2958 1032 3015 im·

114 3045 250 3104 minnere
279 3043 613 3123 equuantulaounque
639 3049 726 3122 parte
762 3041 907 3101 videatur.
953 3038 1032 3113 Qua-

112 3134 239 3207 propter
260 3129 373 3188 caritas
396 3134 499 3187 vestra
521 3127 675 3186 neminem
698 3144 848 3204 unquam,
887 3124 977 3183 etiam
1002 3124 1031 3182 in

111 3211 347 3295 epistolissuis,
371 3209 576 3270 universalem
590 3209 736 3289 appellet,
760 3208 873 3268 nasibi
896 3205 1030 3266 debiturn

112 3294 282 3374 subtrahat,
306 3313 374 3354 cum
397 3293 485 3354 alteri
507 3293 656 3354 honorem
679 3291 771 3352 infert
791 3290 969 3351 indebitum.

196 3376 302 3457 Vides,
325 3376 408 3456 quod
430 3376 556 3437 honoris
578 3376 702 3435 fraterni
725 3375 897 3434 imminutio
917 3374 971 3448 sit,
1008 3373 1033 3430 si

111 3478 191 3527 unus
213 3463 358 3525 omnibus
380 3462 579 3542 praeferatur,
603 3461 694 3519 etiam
717 3459 859 3519 Romano
883 3453 1032 3538 pontifice

111 3557 230 3612 autore.

148 3744 179 3810 1)
201 3743 235 3796 In
265 3741 330 3796 adit.
359 3740 466 3808 priore:
494 3735 543 3791 sad
562 3736 635 3788 absit
653 3734 706 3787 hoc
725 3721 742 3784 a
761 3730 886 3785 fidelibus
908 3730 961 3784 hoc
980 3730 1035 3784 sibi

112 3814 185 3870 vella
204 3823 257 3870 cto.
757 3876 825 3941 w
