2346 4208
119 254 183 324 202
307 261 463 329 Disputatio
482 261 590 329 Lipsiae
607 261 702 315 habita
720 277 744 314 a.
765 262 827 316 XIX

120 447 281 528 adimpleri
302 449 370 509 sinc
390 450 531 526 caritate,
563 443 809 528 neque'aliquos
831 446 978 509 docuisse
996 448 1036 509 in·

120 533 307 592 fructuosam
320 533 552 612 poenitentiam,
577 530 632 597 sed
652 531 876 611 quomodoper
898 532 1036 593 timorem

122 615 262 676 servilem
285 615 324 676 ad
345 617 532 675 fructuosam
556 616 759 694 perveniatur.
790 614 831 674 ut
851 613 938 693 quod
959 632 1037 695 mag·

122 697 215 759 nilico
238 698 400 759 verborum
423 704 572 778 apparatu
593 699 722 758 recessit
755 697 794 759 ab
816 697 969 759 hodierna
991 714 1037 765 so·

122 781 296 857 lutioue¹)‚
321 783 392 861 quia
413 781 534 841 dixerat
554 781 731 861 Sapientem
758 781 844 860 loqui
870 780 911 841 da
932 781 1039 841 timon

122 864 224 942 filiali,
247 866 307 925 iam
331 884 406 926 vero
429 865 562 925 admittit
584 864 762 943 loquentem
785 864 825 925 de
846 865 963 926 timore
983 882 1039 925 scr·

120 949 189 1009 vili:
211 967 275 1016 non
298 954 400 1009 tamen
423 947 618 1009 excludendo
631 950 770 1027 gratiam.
794 946 887 1023 Quod
898 966 959 1008 neo
978 950 1039 1011 lox·

122 1032 190 1108 tus,
224 1049 282 1090 nec
303 1031 332 1093 S.
357 1032 512 1093 Doctores
534 1031 699 1110 patiuntur.
742 1031 820 1091 Nam
841 1048 900 1112 per
920 1031 1039 1111 sapion-

120 1115 192 1175 tiam
215 1114 359 1195 intelligit
378 1117 557 1191 caritatem,
591 1120 623 1173 et
652 1115 695 1174 ita
721 1115 840 1174 initium
862 1119 949 1175 essct
970 1110 1039 1175 ana

119 1198 248 1257 initium.
291 1197 388 1257 Totus
424 1215 548 1277 quoque
592 1196 781 1277 Augustinus
814 1215 879 1257 uon
911 1194 1040 1275 laboral,

121 1279 279 1360 quomodo
310 1282 402 1341 timor
435 1280 555 1341 servilis
591 1299 658 1339 cum
692 1281 819 1341 caritate
854 1281 896 1340 sit
923 1280 1040 1343 initium

122 1364 275 1439 caritatis,
309 1363 365 1424 sed
387 1362 544 1442 quomodo
575 1364 668 1424 timor
688 1364 808 1424 servilis
829 1364 932 1443 primo
954 1374 1041 1425 occul

121 1453 175 1527 pet
195 1452 329 1506 mentem
353 1452 384 1507 et
404 1448 503 1526 primo
536 1447 741 1526 ingrediatur,
774 1453 805 1507 et
843 1447 889 1507 sic
907 1445 1043 1507 inducat

122 1530 304 1606 caritatem,
332 1528 415 1608 quod
453 1531 545 1590 etiam
568 1535 617 1589 est
637 1528 676 1589 de
698 1535 802 1590 mente
820 1528 970 1610 Gregorii
990 1530 1041 1589 iur-

121 1611 280 1692 probantis
302 1613 432 1673 reditum
455 1613 648 1688 cancrinum,
671 1612 722 1674 ubi
745 1611 934 1673 reverendus
956 1612 1042 1675 Pate

121 1715 177 1774 pro
200 1696 351 1776 Gregorio
375 1697 570 1776 scorpionem
594 1695 668 1755 mihi
679 1695 817 1756 adducit:
839 1696 903 1756 Res
918 1700 969 1757 ast
984 1692 1049 1757 sol.

120 1778 204 1839 licita
238 1785 297 1840 etc.
341 1778 456 1839 Omnes
488 1797 562 1859 ergo
593 1777 623 1838 S.
647 1779 800 1840 Doctores
832 1777 928 1838 hodie
962 1774 1047 1839 utri.

120 1862 230 1923 volunt
251 1863 392 1923 timorem
417 1861 559 1922 servilem
583 1879 653 1921 esse
675 1863 794 1923 initium
817 1860 974 1941 caritatis,
1004 1856 1040 1923 etl

119 1946 354 2025 intelligentiam
378 1965 474 2025 saepe
495 1945 618 2023 datam,
642 1951 675 2005 et
696 1963 787 2024 quam
809 1942 1040 2006 Praedicatortt

121 2029 224 2089 solent
245 2028 329 2107 dare,
353 2028 392 2088 de
416 2048 477 2107 quo
500 2027 600 2089 refero
624 2047 674 2093 me
697 2028 736 2088 ad
757 2027 897 2089 iudices!
1024 2030 1034 2049 ‘

144 2243 249 2306 Tertia
271 2243 388 2305 damma
408 2243 481 2307 Julii
501 2261 584 2305 anno
605 2196 740 2305 mlx
773 2242 852 2307 hora
880 2224 1034 2311 coeunte

143 2394 230 2457 Circo
253 2395 410 2455 rosteriam
435 2395 667 2456 conclusionum
691 2398 818 2475 quartae
841 2399 873 2457 et
895 2395 1027 2475 quintas

505 2559 579 2619 Elec
590 2560 620 2619 iu
629 2578 650 2618 s.

204 2725 385 2788 Reverende
407 2726 506 2805 Pater,
527 2726 599 2805 quia
620 2731 741 2804 tempus
764 2722 853 2785 nobis
873 2720 1039 2804 praelixam

123 2818 171 2872 est
190 2811 281 2873 nimis
304 2816 441 2885 arctum,
475 2815 577 2869 tamen
600 2806 757 2889 tangendo
780 2805 906 2867 fundum
930 2802 1040 2889 negotii

123 2895 226 2973 aliqua
245 2894 344 2955 obiter
366 2893 560 2975 attingemus.
602 2889 681 2952 Illud
704 2888 834 2967 scilicet,
856 2888 940 2969 quod
963 2884 1040 2971 quili-

109 2978 175 3043 ¹bet
211 2976 357 3038 sacerdos
384 2974 528 3045 absolvat
557 2995 575 3034 a
601 2993 705 3054 poena
732 2978 763 3033 et
792 2970 901 3055 culpa,
938 2974 1042 3057 couno

123 3080 318 3122 communem
339 3079 427 3121 usum
450 3059 542 3119 totius
566 3057 725 3118 ecelesiae.
757 3054 798 3116 Elt
819 3054 902 3135 quod
923 3054 957 3115 in
980 3052 1041 3117 Sor

126 3162 218 3204 mone
241 3143 358 3222 vulgari
383 3149 414 3203 et
435 3140 644 3201 Conclusione
667 3138 777 3217 dicitis,
800 3158 839 3198 ex
861 3137 948 3198 nulla
969 3136 1047 3223 Scri·¹

125 3234 214 3308 ptura
237 3227 381 3307 probari,
419 3224 553 3284 divinam
587 3222 732 3283 iustitiam
755 3222 888 3301 aliquam
912 3238 1040 3300 poenam

123 3311 172 3388 vel
196 3310 436 3371 satisfactionem
459 3306 659 3387 expostulare
681 3325 699 3365 a
720 3310 895 3385 peccatore.
924 3303 967 3364 lut
986 3302 1041 3366 illis

123 3394 253 3472 innitor,
285 3394 356 3471 quia
380 3393 411 3451 in
435 3391 630 3451 absolutione
653 3388 867 3449 sacramentali
890 3386 982 3467 culpa
1001 3402 1041 3447 rc·

124 3479 252 3539 mittitur
274 3476 477 3553 simultanee,
509 3473 565 3534 sed
592 3491 698 3553 poena
718 3476 849 3552 peccato
871 3469 978 3541 debita
996 3486 1040 3530 ao

133 3623 255 3631 -1—----·
269 3622 291 3629 --
300 3622 393 3631 ..υ-...-
404 3620 510 3629 -........

161 3722 191 3784 1)
212 3722 243 3773 ln
263 3720 303 3774 cd.
324 3721 425 3790 origin.
445 3717 564 3791 margini
585 3716 885 3797 adscriptumlegitur:
904 3716 1039 3785 urrunnu,

124 3810 186 3855 non,
201 3794 322 3858 recessi,
341 3790 494 3861 respoudit.
