<?xml version="1.0" encoding="UTF-8"?>
<!DOCTYPE html PUBLIC "-//W3C//DTD XHTML 1.0 Transitional//EN"
    "http://www.w3.org/TR/xhtml1/DTD/xhtml1-transitional.dtd">
<html xmlns="http://www.w3.org/1999/xhtml" xml:lang="en" lang="en">
 <head>
  <title>
</title>
<meta http-equiv="Content-Type" content="text/html;charset=utf-8" />
  <meta name='ocr-system' content='tesseract 3.04.00' />
  <meta name='ocr-capabilities' content='ocr_page ocr_carea ocr_par ocr_line ocrx_word'/>
</head>
<body>
  <div class='ocr_page' id='page_1' title='image "./dmartinilutheri04luthgoog_0350.png"; bbox 0 0 2346 4208; ppageno 0'>
   <div class='ocr_carea' id='block_1_1' title="bbox 345 254 1035 326">
    <p class='ocr_par' dir='ltr' id='par_1_1' title="bbox 345 254 1035 326">
     <span class='ocr_line' id='line_1_1' title="bbox 345 254 1035 326; baseline 0.019 -18"><span class='ocrx_word' id='word_1_1' title='bbox 345 255 421 317; x_wconf 72' lang='lat' dir='ltr'>Xlll.</span> <span class='ocrx_word' id='word_1_2' title='bbox 436 255 476 325; x_wconf 82' lang='lat' dir='ltr'>¹ds</span> <span class='ocrx_word' id='word_1_3' title='bbox 493 260 632 326; x_wconf 81' lang='lat' dir='ltr'>potestate</span> <span class='ocrx_word' id='word_1_4' title='bbox 651 256 751 325; x_wconf 78' lang='lat' dir='ltr'>Papae·</span> <span class='ocrx_word' id='word_1_5' title='bbox 971 254 1035 323; x_wconf 82' lang='grc'>339</span> 
     </span>
    </p>
   </div>
   <div class='ocr_carea' id='block_1_2' title="bbox 104 440 1035 1835">
    <p class='ocr_par' dir='ltr' id='par_1_2' title="bbox 104 440 1035 1835">
     <span class='ocr_line' id='line_1_2' title="bbox 109 440 1034 525; baseline -0.006 -12"><span class='ocrx_word' id='word_1_6' title='bbox 109 440 361 523; x_wconf 64' lang='lat' dir='ltr'>botarum-ideo</span> <span class='ocrx_word' id='word_1_7' title='bbox 382 463 448 509; x_wconf 87' lang='lat' dir='ltr'>non</span> <span class='ocrx_word' id='word_1_8' title='bbox 469 445 597 523; x_wconf 84' lang='lat' dir='ltr'>mirum,</span> <span class='ocrx_word' id='word_1_9' title='bbox 624 443 706 525; x_wconf 89' lang='lat' dir='ltr'>quod</span> <span class='ocrx_word' id='word_1_10' title='bbox 729 453 762 505; x_wconf 89' lang='lat' dir='ltr'>et</span> <span class='ocrx_word' id='word_1_11' title='bbox 781 445 878 505; x_wconf 83' lang='lat' dir='ltr'>falsos</span> <span class='ocrx_word' id='word_1_12' title='bbox 898 445 1034 509; x_wconf 88' lang='lat' dir='ltr'>intellec-</span> 
     </span>
     <span class='ocr_line' id='line_1_3' title="bbox 109 528 1034 608; baseline 0.009 -24"><span class='ocrx_word' id='word_1_13' title='bbox 109 532 191 585; x_wconf 87' lang='lat' dir='ltr'>tores</span> <span class='ocrx_word' id='word_1_14' title='bbox 212 544 249 585; x_wconf 84' lang='lat' dir='ltr'>se</span> <span class='ocrx_word' id='word_1_15' title='bbox 272 528 448 589; x_wconf 88' lang='lat' dir='ltr'>ostendunt.</span> <span class='ocrx_word' id='word_1_16' title='bbox 493 528 601 589; x_wconf 83' lang='lat' dir='ltr'>Melius</span> <span class='ocrx_word' id='word_1_17' title='bbox 624 528 687 588; x_wconf 86' lang='lat' dir='ltr'>Leo</span> <span class='ocrx_word' id='word_1_18' title='bbox 710 547 802 608; x_wconf 88' lang='lat' dir='ltr'>supra</span> <span class='ocrx_word' id='word_1_19' title='bbox 823 535 959 607; x_wconf 82' lang='lat' dir='ltr'>petram,</span> <span class='ocrx_word' id='word_1_20' title='bbox 986 548 1034 593; x_wconf 87' lang='lat' dir='ltr'>so-</span> 
     </span>
     <span class='ocr_line' id='line_1_4' title="bbox 108 606 1033 692; baseline -0.001 -19"><span class='ocrx_word' id='word_1_21' title='bbox 108 606 272 681; x_wconf 73' lang='lat' dir='ltr'>liditatem,</span> <span class='ocrx_word' id='word_1_22' title='bbox 288 611 477 692; x_wconf 81' lang='lat' dir='ltr'>intelligens,</span> <span class='ocrx_word' id='word_1_23' title='bbox 497 612 682 673; x_wconf 88' lang='lat' dir='ltr'>vocabulum</span> <span class='ocrx_word' id='word_1_24' title='bbox 706 611 811 691; x_wconf 82' lang='lat' dir='ltr'>Cepha</span> <span class='ocrx_word' id='word_1_25' title='bbox 834 612 914 673; x_wconf 88' lang='lat' dir='ltr'>bene</span> <span class='ocrx_word' id='word_1_26' title='bbox 935 613 1033 672; x_wconf 86' lang='lat' dir='ltr'>novit:</span> 
     </span>
     <span class='ocr_line' id='line_1_5' title="bbox 107 692 1034 775; baseline 0.002 -22"><span class='ocrx_word' id='word_1_27' title='bbox 107 699 142 761; x_wconf 67' lang='grc' dir='ltr'>κ</span> <span class='ocrx_word' id='word_1_28' title='bbox 159 692 288 763; x_wconf 64' lang='lat' dir='ltr'>fficnec</span> <span class='ocrx_word' id='word_1_29' title='bbox 304 695 511 775; x_wconf 83' lang='lat' dir='ltr'>evangelium,</span> <span class='ocrx_word' id='word_1_30' title='bbox 532 713 591 755; x_wconf 86' lang='lat' dir='ltr'>nee</span> <span class='ocrx_word' id='word_1_31' title='bbox 610 694 755 755; x_wconf 77' lang='lat' dir='ltr'>Oenones</span> <span class='ocrx_word' id='word_1_32' title='bbox 776 702 860 755; x_wconf 90' lang='lat' dir='ltr'>recte</span> <span class='ocrx_word' id='word_1_33' title='bbox 881 695 1034 775; x_wconf 88' lang='lat' dir='ltr'>intelligit.</span> 
     </span>
     <span class='ocr_line' id='line_1_6' title="bbox 109 774 1035 858; baseline 0.004 -19"><span class='ocrx_word' id='word_1_34' title='bbox 109 804 133 845; x_wconf 77' lang='lat' dir='ltr'>.·.r</span> <span class='ocrx_word' id='word_1_35' title='bbox 161 774 252 843; x_wconf 75' lang='lat' dir='ltr'>..unt</span> <span class='ocrx_word' id='word_1_36' title='bbox 272 784 376 839; x_wconf 83' lang='lat' dir='ltr'>autem</span> <span class='ocrx_word' id='word_1_37' title='bbox 401 776 516 858; x_wconf 78' lang='lat' dir='ltr'>Cepha,</span> <span class='ocrx_word' id='word_1_38' title='bbox 540 784 620 843; x_wconf 82' lang='lat' dir='ltr'>teste</span> <span class='ocrx_word' id='word_1_39' title='bbox 635 778 835 858; x_wconf 81' lang='lat' dir='ltr'>Hieronymo,</span> <span class='ocrx_word' id='word_1_40' title='bbox 857 797 961 857; x_wconf 86' lang='lat' dir='ltr'>syrum</span> <span class='ocrx_word' id='word_1_41' title='bbox 984 797 1035 843; x_wconf 84' lang='lat' dir='ltr'>vo·</span> 
     </span>
     <span class='ocr_line' id='line_1_7' title="bbox 110 856 1034 940; baseline -0.004 -15"><span class='ocrx_word' id='word_1_42' title='bbox 110 856 272 939; x_wconf 58' lang='lat' dir='ltr'>atulam,</span> <span class='ocrx_word' id='word_1_43' title='bbox 296 860 489 940; x_wconf 71' lang='lat' dir='ltr'>,significans</span> <span class='ocrx_word' id='word_1_44' title='bbox 522 860 726 936; x_wconf 77' lang='lat' dir='ltr'><strong>soliditatem,</strong></span> <span class='ocrx_word' id='word_1_45' title='bbox 772 879 862 940; x_wconf 92' lang='lat' dir='ltr'>qnam</span> <span class='ocrx_word' id='word_1_46' title='bbox 897 859 1034 921; x_wconf 81' lang='lat' dir='ltr'>Graecus</span> 
     </span>
     <span class='ocr_line' id='line_1_8' title="bbox 109 942 1033 1023; baseline 0.002 -20"><span class='ocrx_word' id='word_1_47' title='bbox 109 948 232 1021; x_wconf 72' lang='lat' dir='ltr'>patrum</span> <span class='ocrx_word' id='word_1_48' title='bbox 246 942 439 1023; x_wconf 60' lang='lat' dir='ltr'>valtramum,</span> <span class='ocrx_word' id='word_1_49' title='bbox 462 943 494 1005; x_wconf 90' lang='lat' dir='ltr'>id</span> <span class='ocrx_word' id='word_1_50' title='bbox 516 950 575 1023; x_wconf 81' lang='lat' dir='ltr'>eol,</span> <span class='ocrx_word' id='word_1_51' title='bbox 596 964 705 1005; x_wconf 86' lang='lat' dir='ltr'>sexum</span> <span class='ocrx_word' id='word_1_52' title='bbox 721 944 770 1007; x_wconf 82' lang='lat' dir='ltr'>vel</span> <span class='ocrx_word' id='word_1_53' title='bbox 786 964 894 1023; x_wconf 85' lang='lat' dir='ltr'>rupem</span> <span class='ocrx_word' id='word_1_54' title='bbox 916 942 1033 1005; x_wconf 76' lang='lat' dir='ltr'>firmam</span> 
     </span>
     <span class='ocr_line' id='line_1_9' title="bbox 111 1025 1034 1110; baseline 0.002 -27"><span class='ocrx_word' id='word_1_55' title='bbox 111 1025 276 1097; x_wconf 54' lang='lat' dir='ltr'>tanstulit.</span> <span class='ocrx_word' id='word_1_56' title='bbox 321 1028 372 1089; x_wconf 80' lang='lat' dir='ltr'>At·</span> <span class='ocrx_word' id='word_1_57' title='bbox 393 1026 500 1089; x_wconf 81' lang='lat' dir='ltr'>noster</span> <span class='ocrx_word' id='word_1_58' title='bbox 533 1036 665 1108; x_wconf 75' lang='lat' dir='ltr'><strong>nugator</strong></span> <span class='ocrx_word' id='word_1_59' title='bbox 678 1026 709 1108; x_wconf 85' lang='lat'>¹)</span> <span class='ocrx_word' id='word_1_60' title='bbox 734 1025 881 1110; x_wconf 71' lang='grc' dir='ltr'><em>κεφαλήν</em></span> <span class='ocrx_word' id='word_1_61' title='bbox 923 1046 1034 1107; x_wconf 79' lang='lat' dir='ltr'>graece</span> 
     </span>
     <span class='ocr_line' id='line_1_10' title="bbox 111 1109 1034 1191; baseline 0.001 -23"><span class='ocrx_word' id='word_1_62' title='bbox 111 1126 165 1187; x_wconf 88' lang='lat' dir='ltr'>pro</span> <span class='ocrx_word' id='word_1_63' title='bbox 184 1109 289 1189; x_wconf 84' lang='lat' dir='ltr'>cepha</span> <span class='ocrx_word' id='word_1_64' title='bbox 309 1112 431 1191; x_wconf 79' lang='lat' dir='ltr'><strong>syriace</strong></span> <span class='ocrx_word' id='word_1_65' title='bbox 451 1112 588 1190; x_wconf 69' lang='lat' dir='ltr'>accepit,</span> <span class='ocrx_word' id='word_1_66' title='bbox 625 1116 656 1173; x_wconf 85' lang='lat' dir='ltr'>et</span> <span class='ocrx_word' id='word_1_67' title='bbox 688 1118 790 1171; x_wconf 87' lang='lat' dir='ltr'>tamen</span> <span class='ocrx_word' id='word_1_68' title='bbox 821 1112 901 1170; x_wconf 85' lang='lat' dir='ltr'>inter</span> <span class='ocrx_word' id='word_1_69' title='bbox 928 1129 1034 1171; x_wconf 88' lang='lat' dir='ltr'>sacros</span> 
     </span>
     <span class='ocr_line' id='line_1_11' title="bbox 112 1188 1034 1274; baseline -0.007 -15"><span class='ocrx_word' id='word_1_70' title='bbox 112 1188 256 1259; x_wconf 60' lang='lat' dir='ltr'>mones</span> <span class='ocrx_word' id='word_1_71' title='bbox 279 1193 331 1253; x_wconf 80' lang='lat' dir='ltr'>uel</span> <span class='ocrx_word' id='word_1_72' title='bbox 349 1194 465 1274; x_wconf 87' lang='lat' dir='ltr'>primus</span> <span class='ocrx_word' id='word_1_73' title='bbox 486 1192 625 1257; x_wconf 86' lang='lat' dir='ltr'>habetur.</span> <span class='ocrx_word' id='word_1_74' title='bbox 666 1193 746 1254; x_wconf 84' lang='lat' dir='ltr'>Nam</span> <span class='ocrx_word' id='word_1_75' title='bbox 764 1194 799 1252; x_wconf 86' lang='lat' dir='ltr'>&#39;in</span> <span class='ocrx_word' id='word_1_76' title='bbox 811 1193 1034 1270; x_wconf 83' lang='lat' dir='ltr'>Decretulibus,</span> 
     </span>
     <span class='ocr_line' id='line_1_12' title="bbox 111 1274 1033 1357; baseline 0.002 -22"><span class='ocrx_word' id='word_1_77' title='bbox 111 1292 188 1353; x_wconf 74' lang='lat' dir='ltr'>guas</span> <span class='ocrx_word' id='word_1_78' title='bbox 204 1274 376 1357; x_wconf 82' lang='lat' dir='ltr'>Gregorius</span> <span class='ocrx_word' id='word_1_79' title='bbox 397 1277 442 1339; x_wconf 85' lang='lat' dir='ltr'>lX</span> <span class='ocrx_word' id='word_1_80' title='bbox 464 1276 684 1339; x_wconf 85' lang='lat' dir='ltr'>etBonifaoius</span> <span class='ocrx_word' id='word_1_81' title='bbox 708 1275 778 1336; x_wconf 92' lang='lat' dir='ltr'>VIll</span> <span class='ocrx_word' id='word_1_82' title='bbox 801 1286 1033 1357; x_wconf 70' lang='lat' dir='ltr'>congesserunt</span> 
     </span>
     <span class='ocr_line' id='line_1_13' title="bbox 113 1356 1034 1439; baseline 0.002 -20"><span class='ocrx_word' id='word_1_83' title='bbox 113 1356 320 1429; x_wconf 68' lang='lat' dir='ltr'>ludiccuuoni</span> <span class='ocrx_word' id='word_1_84' title='bbox 343 1361 468 1439; x_wconf 85' lang='lat' dir='ltr'>suisque</span> <span class='ocrx_word' id='word_1_85' title='bbox 489 1361 640 1422; x_wconf 81' lang='lat' dir='ltr'>similibus</span> <span class='ocrx_word' id='word_1_86' title='bbox 663 1360 813 1419; x_wconf 78' lang='lat' dir='ltr'>autoritas</span> <span class='ocrx_word' id='word_1_87' title='bbox 837 1367 923 1419; x_wconf 85' lang='lat' dir='ltr'>tanta</span> <span class='ocrx_word' id='word_1_88' title='bbox 945 1360 1034 1421; x_wconf 89' lang='lat' dir='ltr'>tribu-</span> 
     </span>
     <span class='ocr_line' id='line_1_14' title="bbox 112 1440 1035 1529; baseline 0.001 -28"><span class='ocrx_word' id='word_1_89' title='bbox 112 1440 184 1529; x_wconf 55' lang='lat' dir='ltr'>itur,</span> <span class='ocrx_word' id='word_1_90' title='bbox 218 1443 328 1503; x_wconf 75' lang='lat' dir='ltr'>utrix</span> <span class='ocrx_word' id='word_1_91' title='bbox 350 1462 413 1505; x_wconf 87' lang='lat' dir='ltr'>una</span> <span class='ocrx_word' id='word_1_92' title='bbox 434 1445 487 1521; x_wconf 80' lang='lat' dir='ltr'>sit,</span> <span class='ocrx_word' id='word_1_93' title='bbox 522 1463 602 1524; x_wconf 89' lang='lat' dir='ltr'>quae</span> <span class='ocrx_word' id='word_1_94' title='bbox 623 1462 686 1505; x_wconf 91' lang='lat' dir='ltr'>non</span> <span class='ocrx_word' id='word_1_95' title='bbox 708 1448 806 1504; x_wconf 87' lang='lat' dir='ltr'>totum</span> <span class='ocrx_word' id='word_1_96' title='bbox 829 1442 910 1503; x_wconf 87' lang='lat' dir='ltr'>hunc</span> <span class='ocrx_word' id='word_1_97' title='bbox 931 1444 1035 1522; x_wconf 79' lang='lat' dir='ltr'>spiret.</span> 
     </span>
     <span class='ocr_line' id='line_1_15' title="bbox 104 1522 1034 1607; baseline -0.006 -17"><span class='ocrx_word' id='word_1_98' title='bbox 104 1522 288 1602; x_wconf 62' lang='lat' dir='ltr'>,Praeterea</span> <span class='ocrx_word' id='word_1_99' title='bbox 307 1526 391 1604; x_wconf 84' lang='lat' dir='ltr'>quod</span> <span class='ocrx_word' id='word_1_100' title='bbox 403 1526 551 1607; x_wconf 82' lang='lat' dir='ltr'>deinceps</span> <span class='ocrx_word' id='word_1_101' title='bbox 567 1526 649 1589; x_wconf 89' lang='lat' dir='ltr'>hano</span> <span class='ocrx_word' id='word_1_102' title='bbox 660 1527 789 1587; x_wconf 79' lang='lat' dir='ltr'>formam</span> <span class='ocrx_word' id='word_1_103' title='bbox 804 1524 1034 1587; x_wconf 86' lang='lat' dir='ltr'>successoribus</span> 
     </span>
     <span class='ocr_line' id='line_1_16' title="bbox 115 1606 1034 1689; baseline -0.008 -14"><span class='ocrx_word' id='word_1_104' title='bbox 115 1606 256 1675; x_wconf 70' lang='lat' dir='ltr'>mulam</span> <span class='ocrx_word' id='word_1_105' title='bbox 277 1607 447 1688; x_wconf 80' lang='lat' dir='ltr'>fabulatur,</span> <span class='ocrx_word' id='word_1_106' title='bbox 477 1609 661 1671; x_wconf 88' lang='lat' dir='ltr'>servandum</span> <span class='ocrx_word' id='word_1_107' title='bbox 685 1629 704 1669; x_wconf 89' lang='lat' dir='ltr'>a</span> <span class='ocrx_word' id='word_1_108' title='bbox 726 1610 839 1671; x_wconf 88' lang='lat' dir='ltr'>ceteris</span> <span class='ocrx_word' id='word_1_109' title='bbox 869 1610 1034 1689; x_wconf 81' lang='lat' dir='ltr'>episeopis,</span> 
     </span>
     <span class='ocr_line' id='line_1_17' title="bbox 116 1690 1035 1833; baseline -0.007 -78"><span class='ocrx_word' id='word_1_110' title='bbox 116 1692 239 1833; x_wconf 39' lang='lat' dir='ltr'>&amp;mino</span> <span class='ocrx_word' id='word_1_111' title='bbox 261 1690 345 1753; x_wconf 85' lang='lat' dir='ltr'>aliud</span> <span class='ocrx_word' id='word_1_112' title='bbox 366 1692 459 1771; x_wconf 77' lang='lat' dir='ltr'>nihil,</span> <span class='ocrx_word' id='word_1_113' title='bbox 490 1712 581 1773; x_wconf 91' lang='lat' dir='ltr'>quam</span> <span class='ocrx_word' id='word_1_114' title='bbox 603 1692 891 1755; x_wconf 82' lang='lat' dir='ltr'>ambitiosissimum</span> <span class='ocrx_word' id='word_1_115' title='bbox 914 1694 1035 1772; x_wconf 86' lang='lat' dir='ltr'>spirans</span> 
     </span>
     <span class='ocr_line' id='line_1_18' title="bbox 153 1782 267 1835; baseline 0 0"><span class='ocrx_word' id='word_1_116' title='bbox 153 1782 267 1835; x_wconf 81' lang='lat' dir='ltr'>ectum.</span> 
     </span>
    </p>
   </div>
   <div class='ocr_carea' id='block_1_3' title="bbox 107 1892 1035 3554">
    <p class='ocr_par' dir='ltr' id='par_1_3' title="bbox 323 1892 818 1975">
     <span class='ocr_line' id='line_1_19' title="bbox 323 1892 818 1975; baseline -0.002 -21"><span class='ocrx_word' id='word_1_117' title='bbox 323 1892 466 1973; x_wconf 79' lang='lat' dir='ltr'>Sequitur</span> <span class='ocrx_word' id='word_1_118' title='bbox 485 1893 612 1975; x_wconf 89' lang='lat' dir='ltr'>pulchra</span> <span class='ocrx_word' id='word_1_119' title='bbox 635 1892 818 1955; x_wconf 86' lang='lat' dir='ltr'>similitudo:</span> 
     </span>
    </p>

    <p class='ocr_par' dir='ltr' id='par_1_4' title="bbox 107 1974 1033 2286">
     <span class='ocr_line' id='line_1_20' title="bbox 191 1974 1032 2037; baseline -0.001 -2"><span class='ocrx_word' id='word_1_120' title='bbox 191 1974 236 2035; x_wconf 77' lang='lat' dir='ltr'>at</span> <span class='ocrx_word' id='word_1_121' title='bbox 255 1992 320 2036; x_wconf 87' lang='lat' dir='ltr'>non</span> <span class='ocrx_word' id='word_1_122' title='bbox 342 1977 443 2037; x_wconf 91' lang='lat' dir='ltr'>solum</span> <span class='ocrx_word' id='word_1_123' title='bbox 464 1978 495 2036; x_wconf 91' lang='lat' dir='ltr'>in</span> <span class='ocrx_word' id='word_1_124' title='bbox 517 1996 601 2037; x_wconf 90' lang='lat' dir='ltr'>novo</span> <span class='ocrx_word' id='word_1_125' title='bbox 623 1977 824 2037; x_wconf 86' lang='lat' dir='ltr'>Testamento</span> <span class='ocrx_word' id='word_1_126' title='bbox 850 1981 898 2035; x_wconf 88' lang='lat' dir='ltr'>est</span> <span class='ocrx_word' id='word_1_127' title='bbox 920 1976 1032 2035; x_wconf 89' lang='lat' dir='ltr'>consti-</span> 
     </span>
     <span class='ocr_line' id='line_1_21' title="bbox 107 2048 1033 2138; baseline 0.001 -21"><span class='ocrx_word' id='word_1_128' title='bbox 107 2048 225 2135; x_wconf 68' lang='lat' dir='ltr'>‘utum</span> <span class='ocrx_word' id='word_1_129' title='bbox 248 2057 416 2120; x_wconf 87' lang='lat' dir='ltr'>sedetiam</span> <span class='ocrx_word' id='word_1_130' title='bbox 439 2061 471 2120; x_wconf 90' lang='lat' dir='ltr'>iu</span> <span class='ocrx_word' id='word_1_131' title='bbox 494 2059 680 2138; x_wconf 69' lang='lat' dir='ltr'>veterinis,</span> <span class='ocrx_word' id='word_1_132' title='bbox 704 2062 782 2120; x_wconf 83' lang='lat' dir='ltr'>sicut</span> <span class='ocrx_word' id='word_1_133' title='bbox 803 2060 949 2138; x_wconf 91' lang='lat' dir='ltr'>scriptum</span> <span class='ocrx_word' id='word_1_134' title='bbox 973 2065 1033 2118; x_wconf 87' lang='lat' dir='ltr'>est:</span> 
     </span>
     <span class='ocr_line' id='line_1_22' title="bbox 116 2138 1032 2222; baseline -0.001 -21"><span class='ocrx_word' id='word_1_135' title='bbox 116 2138 215 2203; x_wconf 83' lang='lat' dir='ltr'>lloses</span> <span class='ocrx_word' id='word_1_136' title='bbox 239 2150 272 2201; x_wconf 85' lang='lat' dir='ltr'>et</span> <span class='ocrx_word' id='word_1_137' title='bbox 293 2142 398 2202; x_wconf 86' lang='lat' dir='ltr'>Aaron</span> <span class='ocrx_word' id='word_1_138' title='bbox 421 2144 453 2202; x_wconf 88' lang='lat' dir='ltr'>in</span> <span class='ocrx_word' id='word_1_139' title='bbox 471 2143 684 2204; x_wconf 88' lang='lat' dir='ltr'>sacerdotibus</span> <span class='ocrx_word' id='word_1_140' title='bbox 707 2144 788 2219; x_wconf 84' lang='lat' dir='ltr'>eius,</span> <span class='ocrx_word' id='word_1_141' title='bbox 810 2141 840 2201; x_wconf 94' lang='lat' dir='ltr'>id</span> <span class='ocrx_word' id='word_1_142' title='bbox 864 2151 921 2221; x_wconf 81' lang='lat' dir='ltr'>est,</span> <span class='ocrx_word' id='word_1_143' title='bbox 943 2143 1032 2222; x_wconf 89' lang='lat' dir='ltr'>primi</span> 
     </span>
     <span class='ocr_line' id='line_1_23' title="bbox 116 2224 420 2286; baseline 0.013 -4"><span class='ocrx_word' id='word_1_144' title='bbox 116 2224 189 2285; x_wconf 91' lang='lat' dir='ltr'>inter</span> <span class='ocrx_word' id='word_1_145' title='bbox 212 2243 268 2284; x_wconf 92' lang='lat' dir='ltr'>eos</span> <span class='ocrx_word' id='word_1_146' title='bbox 289 2224 420 2286; x_wconf 83' lang='lat' dir='ltr'>luerunt.</span> 
     </span>
    </p>

    <p class='ocr_par' dir='ltr' id='par_1_5' title="bbox 113 2306 1035 3554">
     <span class='ocr_line' id='line_1_24' title="bbox 193 2306 1033 2388; baseline -0.005 -21"><span class='ocrx_word' id='word_1_147' title='bbox 193 2306 276 2383; x_wconf 81' lang='lat' dir='ltr'>Quid</span> <span class='ocrx_word' id='word_1_148' title='bbox 299 2309 413 2369; x_wconf 86' lang='lat' dir='ltr'>audio?</span> <span class='ocrx_word' id='word_1_149' title='bbox 447 2328 538 2388; x_wconf 86' lang='lat' dir='ltr'>quam</span> <span class='ocrx_word' id='word_1_150' title='bbox 571 2328 633 2369; x_wconf 92' lang='lat' dir='ltr'>non</span> <span class='ocrx_word' id='word_1_151' title='bbox 666 2309 777 2369; x_wconf 86' lang='lat' dir='ltr'>frustra</span> <span class='ocrx_word' id='word_1_152' title='bbox 808 2309 866 2367; x_wconf 90' lang='lat' dir='ltr'>hos</span> <span class='ocrx_word' id='word_1_153' title='bbox 896 2326 1033 2365; x_wconf 87' lang='lat' dir='ltr'>canones</span> 
     </span>
     <span class='ocr_line' id='line_1_25' title="bbox 116 2389 1032 2473; baseline -0.001 -24"><span class='ocrx_word' id='word_1_154' title='bbox 116 2390 191 2472; x_wconf 71' lang='lat' dir='ltr'>lego,</span> <span class='ocrx_word' id='word_1_155' title='bbox 215 2410 309 2470; x_wconf 88' lang='lat' dir='ltr'>quam</span> <span class='ocrx_word' id='word_1_156' title='bbox 332 2394 457 2473; x_wconf 82' lang='lat' dir='ltr'>egregie</span> <span class='ocrx_word' id='word_1_157' title='bbox 480 2392 565 2452; x_wconf 90' lang='lat' dir='ltr'>disco</span> <span class='ocrx_word' id='word_1_158' title='bbox 590 2392 743 2472; x_wconf 81' lang='lat' dir='ltr'>Sripturas</span> <span class='ocrx_word' id='word_1_159' title='bbox 766 2390 948 2469; x_wconf 86' lang='lat' dir='ltr'>intelligere.</span> <span class='ocrx_word' id='word_1_160' title='bbox 972 2389 1032 2448; x_wconf 87' lang='lat' dir='ltr'>Pri-</span> 
     </span>
     <span class='ocr_line' id='line_1_26' title="bbox 116 2473 1032 2555; baseline -0.003 -22"><span class='ocrx_word' id='word_1_161' title='bbox 116 2492 202 2550; x_wconf 76' lang='lat' dir='ltr'>mum,</span> <span class='ocrx_word' id='word_1_162' title='bbox 227 2477 279 2555; x_wconf 93' lang='lat' dir='ltr'>qui</span> <span class='ocrx_word' id='word_1_163' title='bbox 303 2496 397 2535; x_wconf 88' lang='lat' dir='ltr'>unum</span> <span class='ocrx_word' id='word_1_164' title='bbox 420 2476 519 2536; x_wconf 89' lang='lat' dir='ltr'>solum</span> <span class='ocrx_word' id='word_1_165' title='bbox 543 2496 694 2535; x_wconf 90' lang='lat' dir='ltr'>summum</span> <span class='ocrx_word' id='word_1_166' title='bbox 716 2473 907 2534; x_wconf 80' lang='lat' dir='ltr'>sacerdotem</span> <span class='ocrx_word' id='word_1_167' title='bbox 930 2474 960 2530; x_wconf 92' lang='lat' dir='ltr'>io</span> <span class='ocrx_word' id='word_1_168' title='bbox 984 2494 1032 2531; x_wconf 86' lang='lat' dir='ltr'>ve-</span> 
     </span>
     <span class='ocr_line' id='line_1_27' title="bbox 115 2555 1032 2639; baseline -0.004 -21"><span class='ocrx_word' id='word_1_169' title='bbox 115 2558 167 2618; x_wconf 83' lang='lat' dir='ltr'>teri</span> <span class='ocrx_word' id='word_1_170' title='bbox 187 2558 273 2639; x_wconf 84' lang='lat' dir='ltr'>Lege</span> <span class='ocrx_word' id='word_1_171' title='bbox 295 2560 383 2638; x_wconf 79' lang='lat' dir='ltr'>novi,</span> <span class='ocrx_word' id='word_1_172' title='bbox 411 2578 492 2619; x_wconf 91' lang='lat' dir='ltr'>nunc</span> <span class='ocrx_word' id='word_1_173' title='bbox 513 2558 605 2618; x_wconf 90' lang='lat' dir='ltr'>didici</span> <span class='ocrx_word' id='word_1_174' title='bbox 628 2559 706 2619; x_wconf 89' lang='lat' dir='ltr'>duos</span> <span class='ocrx_word' id='word_1_175' title='bbox 723 2559 816 2617; x_wconf 81' lang='lat' dir='ltr'>fuisse</span> <span class='ocrx_word' id='word_1_176' title='bbox 834 2557 957 2637; x_wconf 89' lang='lat' dir='ltr'>primos.</span> <span class='ocrx_word' id='word_1_177' title='bbox 982 2555 1032 2615; x_wconf 75' lang='lat' dir='ltr'>Se-</span> 
     </span>
     <span class='ocr_line' id='line_1_28' title="bbox 114 2640 1032 2722; baseline -0.003 -21"><span class='ocrx_word' id='word_1_178' title='bbox 114 2640 232 2721; x_wconf 79' lang='lat' dir='ltr'>condo,</span> <span class='ocrx_word' id='word_1_179' title='bbox 255 2644 349 2701; x_wconf 87' lang='lat' dir='ltr'>etiam</span> <span class='ocrx_word' id='word_1_180' title='bbox 371 2643 603 2722; x_wconf 86' lang='lat' dir='ltr'>grammaticam</span> <span class='ocrx_word' id='word_1_181' title='bbox 628 2661 740 2702; x_wconf 87' lang='lat' dir='ltr'>novam</span> <span class='ocrx_word' id='word_1_182' title='bbox 764 2641 852 2718; x_wconf 86' lang='lat' dir='ltr'>vide,</span> <span class='ocrx_word' id='word_1_183' title='bbox 880 2640 911 2697; x_wconf 91' lang='lat' dir='ltr'>in</span> <span class='ocrx_word' id='word_1_184' title='bbox 935 2658 1032 2698; x_wconf 86' lang='lat' dir='ltr'>sacer-</span> 
     </span>
     <span class='ocr_line' id='line_1_29' title="bbox 113 2721 1033 2805; baseline -0.004 -22"><span class='ocrx_word' id='word_1_185' title='bbox 113 2722 234 2786; x_wconf 81' lang='lat' dir='ltr'>doh‘bus</span> <span class='ocrx_word' id='word_1_186' title='bbox 247 2726 323 2796; x_wconf 72' lang='lat' dir='ltr'>eius,</span> <span class='ocrx_word' id='word_1_187' title='bbox 345 2724 428 2785; x_wconf 87' lang='lat' dir='ltr'>idem</span> <span class='ocrx_word' id='word_1_188' title='bbox 443 2732 500 2802; x_wconf 83' lang='lat' dir='ltr'>est,</span> <span class='ocrx_word' id='word_1_189' title='bbox 524 2724 606 2804; x_wconf 93' lang='lat' dir='ltr'>quod</span> <span class='ocrx_word' id='word_1_190' title='bbox 623 2726 710 2805; x_wconf 88' lang='lat' dir='ltr'>primi</span> <span class='ocrx_word' id='word_1_191' title='bbox 730 2726 880 2784; x_wconf 87' lang='lat' dir='ltr'>intereos</span> <span class='ocrx_word' id='word_1_192' title='bbox 902 2721 1033 2796; x_wconf 84' lang='lat' dir='ltr'>fuerunt,</span> 
     </span>
     <span class='ocr_line' id='line_1_30' title="bbox 115 2805 1034 2888; baseline -0.004 -21"><span class='ocrx_word' id='word_1_193' title='bbox 115 2824 180 2867; x_wconf 80' lang='lat' dir='ltr'>cum</span> <span class='ocrx_word' id='word_1_194' title='bbox 203 2808 366 2888; x_wconf 89' lang='lat' dir='ltr'>hocusque</span> <span class='ocrx_word' id='word_1_195' title='bbox 394 2809 454 2868; x_wconf 92' lang='lat' dir='ltr'>hoo</span> <span class='ocrx_word' id='word_1_196' title='bbox 483 2828 573 2868; x_wconf 87' lang='lat' dir='ltr'>versu</span> <span class='ocrx_word' id='word_1_197' title='bbox 596 2809 709 2868; x_wconf 83' lang='lat' dir='ltr'>Psalmi</span> <span class='ocrx_word' id='word_1_198' title='bbox 733 2806 936 2867; x_wconf 84' lang='lat' dir='ltr'>intellexerim</span> <span class='ocrx_word' id='word_1_199' title='bbox 960 2805 1034 2864; x_wconf 92' lang='lat' dir='ltr'>nihil</span> 
     </span>
     <span class='ocr_line' id='line_1_31' title="bbox 116 2889 1032 2970; baseline -0.004 -21"><span class='ocrx_word' id='word_1_200' title='bbox 116 2890 193 2950; x_wconf 82' lang='lat' dir='ltr'>alind</span> <span class='ocrx_word' id='word_1_201' title='bbox 217 2891 297 2969; x_wconf 87' lang='lat' dir='ltr'>dici,</span> <span class='ocrx_word' id='word_1_202' title='bbox 330 2910 421 2970; x_wconf 87' lang='lat' dir='ltr'>quam</span> <span class='ocrx_word' id='word_1_203' title='bbox 445 2892 552 2952; x_wconf 83' lang='lat' dir='ltr'>Mosen</span> <span class='ocrx_word' id='word_1_204' title='bbox 575 2899 606 2951; x_wconf 90' lang='lat' dir='ltr'>et</span> <span class='ocrx_word' id='word_1_205' title='bbox 627 2893 731 2951; x_wconf 83' lang='lat' dir='ltr'>Aaron</span> <span class='ocrx_word' id='word_1_206' title='bbox 755 2889 952 2965; x_wconf 77' lang='lat' dir='ltr'>sacerdotes,</span> <span class='ocrx_word' id='word_1_207' title='bbox 985 2889 1032 2947; x_wconf 86' lang='lat' dir='ltr'>vel</span> 
     </span>
     <span class='ocr_line' id='line_1_32' title="bbox 118 2970 1034 3052; baseline -0.001 -21"><span class='ocrx_word' id='word_1_208' title='bbox 118 2970 152 3031; x_wconf 85' lang='lat' dir='ltr'>de</span> <span class='ocrx_word' id='word_1_209' title='bbox 171 2990 302 3035; x_wconf 88' lang='lat' dir='ltr'>numero</span> <span class='ocrx_word' id='word_1_210' title='bbox 326 2974 522 3034; x_wconf 82' lang='lat' dir='ltr'>sacerdotum</span> <span class='ocrx_word' id='word_1_211' title='bbox 555 2975 668 3052; x_wconf 78' lang='lat' dir='ltr'>fuisse,</span> <span class='ocrx_word' id='word_1_212' title='bbox 703 2976 781 3033; x_wconf 86' lang='lat' dir='ltr'>sicut</span> <span class='ocrx_word' id='word_1_213' title='bbox 801 2972 925 3034; x_wconf 77' lang='lat' dir='ltr'>Samuel</span> <span class='ocrx_word' id='word_1_214' title='bbox 955 2972 1034 3030; x_wconf 88' lang='lat' dir='ltr'>inter</span> 
     </span>
     <span class='ocr_line' id='line_1_33' title="bbox 118 3054 1033 3137; baseline -0.002 -23"><span class='ocrx_word' id='word_1_215' title='bbox 118 3054 292 3118; x_wconf 81' lang='lat' dir='ltr'>invocantes</span> <span class='ocrx_word' id='word_1_216' title='bbox 315 3078 429 3118; x_wconf 91' lang='lat' dir='ltr'>nomen</span> <span class='ocrx_word' id='word_1_217' title='bbox 447 3059 522 3133; x_wconf 78' lang='lat' dir='ltr'>eius,</span> <span class='ocrx_word' id='word_1_218' title='bbox 545 3057 620 3117; x_wconf 87' lang='lat' dir='ltr'>nihil</span> <span class='ocrx_word' id='word_1_219' title='bbox 643 3058 681 3118; x_wconf 87' lang='lat' dir='ltr'>de</span> <span class='ocrx_word' id='word_1_220' title='bbox 695 3058 847 3137; x_wconf 85' lang='lat' dir='ltr'>primitate</span> <span class='ocrx_word' id='word_1_221' title='bbox 870 3054 958 3127; x_wconf 80' lang='lat' dir='ltr'>vel²)</span> <span class='ocrx_word' id='word_1_222' title='bbox 984 3073 1033 3113; x_wconf 88' lang='lat' dir='ltr'>oo-</span> 
     </span>
     <span class='ocr_line' id='line_1_34' title="bbox 122 3138 1035 3219; baseline -0.004 -19"><span class='ocrx_word' id='word_1_223' title='bbox 122 3138 223 3216; x_wconf 76' lang='lat' dir='ltr'>gilone.</span> <span class='ocrx_word' id='word_1_224' title='bbox 266 3140 404 3200; x_wconf 81' lang='lat' dir='ltr'>Tertium</span> <span class='ocrx_word' id='word_1_225' title='bbox 421 3141 650 3218; x_wconf 77' lang='lat' dir='ltr'>documentum,</span> <span class='ocrx_word' id='word_1_226' title='bbox 674 3140 757 3219; x_wconf 89' lang='lat' dir='ltr'>quod</span> <span class='ocrx_word' id='word_1_227' title='bbox 778 3158 913 3199; x_wconf 85' lang='lat' dir='ltr'>surnmus</span> <span class='ocrx_word' id='word_1_228' title='bbox 936 3157 1035 3197; x_wconf 85' lang='lat' dir='ltr'>sacer·-</span> 
     </span>
     <span class='ocr_line' id='line_1_35' title="bbox 123 3218 1032 3305; baseline 0.002 -25"><span class='ocrx_word' id='word_1_229' title='bbox 123 3218 170 3281; x_wconf 88' lang='lat' dir='ltr'>dos</span> <span class='ocrx_word' id='word_1_230' title='bbox 198 3226 310 3284; x_wconf 85' lang='lat' dir='ltr'>veteris</span> <span class='ocrx_word' id='word_1_231' title='bbox 333 3224 423 3305; x_wconf 81' lang='lat' dir='ltr'>Legis</span> <span class='ocrx_word' id='word_1_232' title='bbox 452 3225 542 3284; x_wconf 86' lang='lat' dir='ltr'>fuerit</span> <span class='ocrx_word' id='word_1_233' title='bbox 578 3223 676 3304; x_wconf 84' lang='lat' dir='ltr'>ligura</span> <span class='ocrx_word' id='word_1_234' title='bbox 703 3224 836 3283; x_wconf 86' lang='lat' dir='ltr'>Romani</span> <span class='ocrx_word' id='word_1_235' title='bbox 870 3220 1032 3300; x_wconf 82' lang='lat' dir='ltr'>pontificio.</span> 
     </span>
     <span class='ocr_line' id='line_1_36' title="bbox 128 3301 1032 3389; baseline -0.004 -22"><span class='ocrx_word' id='word_1_236' title='bbox 128 3301 282 3381; x_wconf 73' lang='lat' dir='ltr'>Apostolus</span> <span class='ocrx_word' id='word_1_237' title='bbox 305 3308 387 3366; x_wconf 90' lang='lat' dir='ltr'>enim</span> <span class='ocrx_word' id='word_1_238' title='bbox 413 3308 452 3367; x_wconf 89' lang='lat' dir='ltr'>ad</span> <span class='ocrx_word' id='word_1_239' title='bbox 476 3307 658 3389; x_wconf 71' lang='lat' dir='ltr'>lib1·aeos*)</span> <span class='ocrx_word' id='word_1_240' title='bbox 703 3326 752 3365; x_wconf 93' lang='lat' dir='ltr'>me</span> <span class='ocrx_word' id='word_1_241' title='bbox 785 3307 892 3364; x_wconf 89' lang='lat' dir='ltr'>mirum</span> <span class='ocrx_word' id='word_1_242' title='bbox 914 3305 944 3362; x_wconf 87' lang='lat' dir='ltr'>in</span> <span class='ocrx_word' id='word_1_243' title='bbox 971 3322 1032 3363; x_wconf 88' lang='lat' dir='ltr'>mo-</span> 
     </span>
     <span class='ocr_line' id='line_1_37' title="bbox 125 3382 1033 3470; baseline -0.003 -23"><span class='ocrx_word' id='word_1_244' title='bbox 125 3382 186 3447; x_wconf 70' lang='lat' dir='ltr'>¹llum</span> <span class='ocrx_word' id='word_1_245' title='bbox 212 3390 336 3470; x_wconf 86' lang='lat' dir='ltr'>decepit</span> <span class='ocrx_word' id='word_1_246' title='bbox 370 3408 437 3450; x_wconf 90' lang='lat' dir='ltr'>eum</span> <span class='ocrx_word' id='word_1_247' title='bbox 475 3392 624 3450; x_wconf 87' lang='lat' dir='ltr'>universis</span> <span class='ocrx_word' id='word_1_248' title='bbox 658 3390 809 3450; x_wconf 88' lang='lat' dir='ltr'>ecclesiae</span> <span class='ocrx_word' id='word_1_249' title='bbox 846 3387 1033 3462; x_wconf 80' lang='lat' dir='ltr'>doctoribus,</span> 
     </span>
     <span class='ocr_line' id='line_1_38' title="bbox 121 3464 1032 3554; baseline -0.004 -22"><span class='ocrx_word' id='word_1_250' title='bbox 121 3464 245 3551; x_wconf 57' lang='lat' dir='ltr'>*luseum</span> <span class='ocrx_word' id='word_1_251' title='bbox 280 3493 343 3533; x_wconf 89' lang='lat' dir='ltr'>uon</span> <span class='ocrx_word' id='word_1_252' title='bbox 365 3474 539 3534; x_wconf 86' lang='lat' dir='ltr'>Romanum</span> <span class='ocrx_word' id='word_1_253' title='bbox 569 3472 768 3554; x_wconf 82' lang='lat' dir='ltr'>pontificem,</span> <span class='ocrx_word' id='word_1_254' title='bbox 803 3470 857 3529; x_wconf 87' lang='lat' dir='ltr'>sed</span> <span class='ocrx_word' id='word_1_255' title='bbox 881 3471 1032 3530; x_wconf 81' lang='lat' dir='ltr'>Christum</span> 
     </span>
    </p>
   </div>
   <div class='ocr_carea' id='block_1_4' title="bbox 136 3587 1034 3831">
    <p class='ocr_par' dir='ltr' id='par_1_6' title="bbox 136 3587 1034 3831">
     <span class='ocr_line' id='line_1_39' title="bbox 141 3587 1034 3699; baseline -0.008 -16"><span class='ocrx_word' id='word_1_256' title='bbox 141 3587 420 3699; x_wconf 29' lang='lat' dir='ltr'>stimolis-priore:</span> <span class='ocrx_word' id='word_1_257' title='bbox 450 3634 542 3683; x_wconf 85' lang='lat' dir='ltr'>noster</span> <span class='ocrx_word' id='word_1_258' title='bbox 567 3629 612 3680; x_wconf 91' lang='lat' dir='ltr'>hic</span> <span class='ocrx_word' id='word_1_259' title='bbox 641 3632 770 3695; x_wconf 85' lang='lat' dir='ltr'>nugator.</span> <span class='ocrx_word' id='word_1_260' title='bbox 809 3623 841 3690; x_wconf 84' lang='lat'>2)</span> <span class='ocrx_word' id='word_1_261' title='bbox 863 3624 892 3675; x_wconf 88' lang='lat' dir='ltr'>ln</span> <span class='ocrx_word' id='word_1_262' title='bbox 912 3624 954 3676; x_wconf 89' lang='lat' dir='ltr'>ed.</span> <span class='ocrx_word' id='word_1_263' title='bbox 974 3625 1034 3676; x_wconf 75' lang='lat' dir='ltr'>len.</span> 
     </span>
     <span class='ocr_line' id='line_1_40' title="bbox 136 3697 389 3756; baseline 0.004 -3"><span class='ocrx_word' id='word_1_264' title='bbox 136 3698 155 3742; x_wconf 68' lang='lat'>01</span> <span class='ocrx_word' id='word_1_265' title='bbox 167 3697 301 3756; x_wconf 72' lang='lat' dir='ltr'>wistano:</span> <span class='ocrx_word' id='word_1_266' title='bbox 323 3702 389 3754; x_wconf 87' lang='lat' dir='ltr'>ulla.</span> 
     </span>
     <span class='ocr_line' id='line_1_41' title="bbox 163 3765 346 3831; baseline -0.033 0"><span class='ocrx_word' id='word_1_267' title='bbox 163 3765 186 3831; x_wconf 78' lang='lat' dir='ltr'>&#39;l</span> <span class='ocrx_word' id='word_1_268' title='bbox 203 3772 299 3828; x_wconf 79' lang='lat' dir='ltr'>librae.</span> <span class='ocrx_word' id='word_1_269' title='bbox 320 3775 346 3829; x_wconf 82' lang='lat'>7.</span> 
     </span>
    </p>
   </div>
   <div class='ocr_carea' id='block_1_5' title="bbox 755 3836 823 3904">
    <p class='ocr_par' dir='ltr' id='par_1_7' title="bbox 755 3836 823 3904">
     <span class='ocr_line' id='line_1_42' title="bbox 755 3836 823 3904; baseline -0.029 0"><span class='ocrx_word' id='word_1_270' title='bbox 755 3836 823 3904; x_wconf 76' lang='lat'>22*</span> 
     </span>
    </p>
   </div>
   <div class='ocr_carea' id='block_1_6' title="bbox 0 0 1189 4208">
    <p class='ocr_par' dir='ltr' id='par_1_8' title="bbox 0 0 1189 4208">
     <span class='ocr_line' id='line_1_43' title="bbox 0 0 1189 4208; baseline 0 0"><span class='ocrx_word' id='word_1_271' title='bbox 0 0 1189 4208; x_wconf 95' lang='lat' dir='ltr'> </span> 
     </span>
    </p>
   </div>
  </div>
 </body>
</html>
