2346 4208
369 265 397 315 et
413 261 595 317 Sacramenta
617 259 810 317 succumbes.
979 254 1041 323 431

120 447 317 528 obiiciantur,
339 448 652 528 rebitarapossimus.
681 447 836 509 Habemus
853 465 939 527 ergo,
960 445 1043 526 quod

123 530 369 612 respondeamus
391 531 462 610 illis,
485 533 536 610 qui
559 530 670 592 nolunt
689 531 781 593 nobis
803 527 976 593 concedere
997 531 1044 593 ius

81 667 86 673 .
124 615 279 677 tractandi
301 634 405 676 sacras
428 615 546 680 literas,
569 634 696 695 nempe,
719 613 802 694 quod
824 633 891 674 cum
915 610 1045 677 anobis

121 698 232 760 eadem
261 700 432 778 requiratur
457 697 550 775 fides,
582 717 661 776 quae
682 697 815 775 abillis,
837 697 1044 758 necessarium

122 781 229 857 nobis,
257 780 339 841 idem
370 781 495 853 uerbum
519 800 556 840 ac
578 800 683 861 parem
705 780 842 843 eiusdem
866 779 950 840 verbi
973 797 1044 861 cog·

120 866 270 927 ditionem
293 883 372 927 csse.

208 946 287 1009 Cum
309 949 401 1028 igitur
421 947 505 1009 dicat
526 941 733 1028 evangelista:
756 947 841 1009 lesus
856 947 978 1027 accepit
996 965 1044 1007 ca-

122 1033 232 1110 licem,
261 1039 293 1092 et
321 1030 406 1093 dedit
434 1030 606 1110 discipulis,
635 1030 757 1091 dicens:
788 1030 889 1091 Bibite
917 1049 957 1090 ex
983 1029 1045 1091 hoc

123 1133 251 1194 omues,
278 1115 328 1175 hic
349 1114 431 1174 calix
451 1133 566 1174 novum
590 1121 806 1175 testamentum
830 1119 892 1192 est,
919 1115 951 1173 in
973 1131 1043 1173 meo

122 1199 291 1278 sanguine,
313 1198 365 1276 qui
387 1217 443 1276 pro
465 1197 554 1259 vobis
576 1196 740 1257 effunditur
761 1206 829 1275 etc,
851 1195 958 1259 vident
976 1196 1045 1257 aine

125 1280 221 1343 dubio
250 1299 375 1358 omnes,
405 1298 556 1359 quaenam
585 1281 694 1341 horum
723 1279 888 1341 verborum
915 1283 956 1340 sit
977 1298 1044 1340 sen·

124 1365 236 1430 tentia:
266 1365 424 1443 Accipite,
447 1364 541 1426 bibite
563 1370 620 1424 eto.
663 1365 702 1424 Ni
724 1382 799 1444 ergo
823 1362 955 1443 probent
976 1381 1045 1423 esse

123 1447 216 1508 aliam
251 1448 404 1526 quandam
440 1444 697 1527 significationem
731 1446 816 1508 umbi
848 1446 953 1507 bibere
974 1453 1045 1523 ete,

124 1549 182 1591 nos
204 1537 340 1591 nostram
364 1532 546 1590 sententiam
568 1529 776 1608 retinebimus,
799 1528 880 1608 quod
903 1528 1045 1591 omnibus

123 1633 164 1673 ex
192 1613 288 1674 calice
314 1613 368 1673 iiio
390 1616 430 1672 sit
452 1612 634 1696 bibendum,
657 1631 757 1692 neque
779 1612 828 1672 vel
851 1610 1045 1673 consuetudi·

124 1715 206 1774 nem,
229 1697 276 1756 vsi
298 1696 494 1757 consiliorum
518 1695 642 1756 decreta
665 1699 827 1775 quicquam
850 1694 1045 1756 morabimur.

124 1780 209 1841 Deus
231 1781 312 1841 enim
335 1781 483 1840 vetustior
504 1789 566 1856 est,
589 1799 680 1858 quam
703 1778 766 1839 ulla
789 1776 992 1856 cousuetudo,
1014 1783 1047 1837 et

125 1863 277 1925 autoritas
299 1862 356 1923 Dei
379 1863 483 1923 omnia
505 1865 599 1922 vincit
620 1862 760 1925 concilia.

208 1946 303 2007 Plana
335 1963 460 2027 quoque
488 1954 558 2005 sunt
585 1945 639 2006 ilia
666 1945 777 2007 verba:
806 1944 874 2005 Hos
901 1945 993 2005 facite
1014 1944 1045 2005 in

127 2031 186 2090 mei
208 2029 543 2090 commemorationem.
580 2030 636 2090 Die
653 2047 780 2109 quaeso,
803 2027 983 2108 quibusnam
1007 2029 1047 2088 ait

126 2113 271 2174 mandata
300 2114 552 2172 commemoratio
576 2112 720 2173 Domini?
753 2132 824 2172 num
847 2112 921 2172 solis
944 2129 1046 2171 sacer·

126 2196 271 2258 dotibus?
306 2197 367 2256 Cur
395 2215 455 2255 non
487 2197 587 2275 potina
616 2195 758 2256 omnibus
780 2196 832 2273 iis,
861 2196 911 2274 qui
935 2194 1046 2255 ohrisri

128 2299 242 2340 nomen
265 2278 463 2358 profitentur?
493 2278 571 2352 Quid
595 2281 675 2339 enim
699 2287 747 2338 est
768 2278 850 2339 aliud
873 2279 1048 2338 meminisse

128 2363 272 2439 Domini,
304 2383 394 2441 quam
418 2362 595 2440 praedicare
617 2382 686 2422 eum
709 2368 740 2422 ct
762 2360 923 2423 confiteri?
964 2361 1049 2421 Haec

128 2466 196 2506 cum
227 2465 335 2506 omnes
364 2445 547 2521 debeamus,
581 2453 711 2525 apparet
737 2464 860 2524 quoque
888 2453 1048 2523 utramque

128 2531 263 2610 speciem
299 2528 440 2588 onrnibus
476 2548 545 2588 esse
578 2547 775 2607 concessam,
808 2536 840 2587 ut
873 2538 902 2588 et
935 2546 1047 2608 panem

129 2613 239 2689 edant,
260 2620 292 2672 et
314 2611 419 2674 bibant
441 2612 578 2683 calicem,
601 2613 667 2671 sive
688 2613 750 2671 sint
771 2610 960 2686 sacerdotes,
982 2612 1049 2671 sive

128 2716 191 2757 non
213 2698 282 2758 sint.

211 2780 325 2858 Impius
341 2787 372 2838 et
385 2779 438 2837 ille
454 2786 631 2856 praetextus
652 2784 708 2856 eat,
731 2777 814 2856 quod
835 2776 941 2837 dicunt
962 2777 1049 2837 nefas

129 2882 209 2939 esse,
232 2881 326 2922 nosse
338 2861 447 2920 Laicos
461 2862 555 2922 verbs
567 2863 742 2921 testamenti
755 2861 876 2921 Christi.
908 2861 940 2920 Si
963 2858 1048 2920 netas

130 2953 177 3007 est
206 2966 243 3006 ea
274 2944 368 3004 verba
389 2944 497 3005 Laicos
522 2955 642 3019 tenere,
670 2946 780 3005 frustra
800 2945 893 3024 igitur
914 2944 971 3023 ipsi
993 2962 1049 3004 eos

129 3030 258 3106 docent,
282 3047 351 3089 nam
376 3028 473 3106 quod,
497 3047 628 3108 quaeso,
652 3027 734 3088 aliud
754 3029 890 3108 ipsorum
915 3025 1047 3087 officium

132 3120 188 3189 est,
212 3131 303 3191 quam
325 3120 358 3171 ut
380 3110 471 3171 rudes
493 3113 562 3170 iilos
581 3111 706 3171 verbum
722 3112 780 3172 Dei
793 3110 947 3171 doceant?
974 3109 1048 3170 Ideo

132 3198 214 3257 enim
238 3207 379 3275 pastores
402 3204 473 3254 sunt
494 3197 661 3273 coristituti,
684 3202 717 3254 ut
738 3196 816 3255 alios
837 3195 998 3254 instituant
1018 3195 1048 3252 in

131 3279 225 3340 verbo
254 3288 285 3339 et
312 3280 453 3340 doceant.
498 3279 552 3338 His
574 3280 667 3358 igitur
688 3280 778 3358 nugis
801 3279 899 3358 magis
922 3297 957 3337 se
978 3295 1048 3357 ape-

128 3366 220 3441 riunt,
244 3366 349 3442 quales
369 3364 438 3440 sint,
462 3381 552 3441 quam
575 3372 609 3421 ut
629 3369 765 3422 nostram
788 3363 971 3422 sententiam
996 3379 1048 3440 op·

130 3454 277 3527 pugnent.
320 3447 408 3506 Adeo
442 3446 637 3525 impudenter
669 3465 703 3506 se
734 3446 853 3505 veritati
888 3450 1050 3526 opponunt

129 3532 214 3610 impii
235 3531 385 3590 homines.

214 3614 309 3674 Vides
337 3616 397 3675 iam
426 3614 529 3692 aliquo
554 3612 663 3690 modo,
692 3612 848 3691 quomodo
869 3609 1050 3690 accipienda

131 3706 163 3757 et
184 3697 309 3757 firmiter
331 3696 491 3758 retinenda
514 3699 574 3755 sint
595 3696 648 3755 iila
670 3694 780 3774 verba,
812 3695 921 3774 quibus
950 3713 1049 3755 saona·

133 3789 267 3841 mentum
291 3783 351 3842 boc
372 3802 392 3841 a
406 3781 527 3840 Christo
552 3785 599 3839 est
620 3780 801 3860 institutum,
823 3798 947 3860 nempe,
967 3777 1054 3858 quod
