2346 4208
330 270 428 320 contra
447 263 579 319 articulos
599 265 822 320 Lovaniensium.
978 260 1040 328 491

120 458 151 512 61
171 451 304 512 fornices
326 453 534 532 meretricum,
564 472 655 533 quam
678 454 739 513 sint
759 452 920 515 Romanae
944 452 1040 514 Sodo-

121 554 200 613 mae,
223 542 254 595 et
275 535 485 616 collegiorum
507 536 686 599 Gomorrae.
937 588 939 592 .

184 619 432 700 b9.‘Paupertas
462 638 552 698 quam
582 627 698 681 vovent
735 627 781 679 est
815 621 923 700 rapina
958 619 1041 679 orbis
1090 633 1109 661 ⁹

121 709 268 761 terrarum
299 709 330 762 et
352 722 428 782 opes
454 703 574 781 mundi,
596 705 675 762 sicut
696 704 841 783 scriptum
866 710 926 762 est:
959 701 1041 762 Ecce

121 791 302 865 peccatores
338 785 529 846 abundantes
561 787 593 846 in
627 786 732 848 seculo
767 785 963 847 obtinuerunt
1000 785 1042 845 di·

122 869 222 931 vitias.

134 944 137 949 ³
184 953 234 1015 60.
261 949 363 1029 Atque
383 951 438 1011 has
463 971 526 1012 non
548 949 706 1030 haberent,
729 953 787 1011 nisi
808 952 955 1012 haeretici
977 950 1041 1012 ido·

122 1033 219 1095 latrae
242 1040 272 1093 et
296 1034 467 1113 blasphemi
489 1041 612 1095 ventres
633 1042 746 1095 essent.

183 1119 233 1179 61.
262 1115 447 1177 Obedientia
469 1125 532 1196 est,
563 1118 665 1178 facere
686 1116 769 1197 quod
791 1117 927 1194 libuerit,
956 1135 1042 1196 prae-

122 1201 227 1260 sertim
255 1200 281 1260 si
309 1200 348 1260 sit
373 1201 519 1280 Magister
544 1207 665 1280 noster,
693 1201 744 1261 hic
771 1203 863 1261 etiam
892 1200 1043 1261 ecclcsiae

123 1282 265 1343 dominus
289 1289 344 1360 est,
367 1291 398 1343 et
419 1303 510 1364 reges
533 1285 613 1343 servi
636 1286 709 1344 eius.

184 1368 235 1430 62.
256 1365 439 1426 Libertatem
462 1367 673 1446 evangelicam
698 1365 727 1428 S.
748 1366 855 1426 Petrus
879 1373 909 1426 et
930 1364 1043 1426 Paulus

121 1448 297 1527 intelligunt
315 1467 378 1509 non
393 1459 510 1510 tantum
529 1470 547 1510 a
562 1457 693 1529 peccato
709 1455 739 1509 et
751 1455 859 1527 morte,
882 1448 1042 1510 sedetiam

123 1531 161 1591 ab
185 1531 328 1591 oneribus
354 1532 430 1612 legis
453 1533 574 1593 divinae
596 1552 652 1613 per
662 1533 771 1594 Mosen
784 1531 923 1610 traditae,
947 1532 1042 1591 multo

123 1615 220 1694 magis
243 1633 261 1673 a
283 1615 468 1677 stercoribus
492 1616 691 1678 traditionum
720 1622 751 1676 et
780 1617 961 1695 opinionum
990 1614 1043 1674 hu-

126 1715 296 1758 manarum.

186 1782 235 1844 63.
259 1779 321 1840 Sed
344 1783 414 1860 quia
436 1801 499 1842 non
516 1783 638 1842 luerunt
658 1780 1045 1860 LovanialiterLiripipiati

123 1869 155 1923 et
178 1862 359 1923 Marcolfum
393 1863 612 1925 nostrollorum
648 1867 838 1940 nescierunt,
870 1863 941 1924 ideo
975 1870 1046 1924 sunt

123 1947 189 2005 iure
211 1946 356 2005 haeretici
379 1947 417 2006 ab
440 1948 542 2007 halma
565 1948 723 2009 Facultate
741 1948 841 2009 abhuc
858 1946 1044 2011 declarandi.

185 2030 234 2092 61.
261 2028 370 2110 Fides,
403 2049 463 2108 qua
486 2033 552 2109 quis
575 2033 681 2091 statuit
702 2033 760 2093 sibi
781 2032 893 2092 remitti
916 2039 1046 2110 peccata

124 2118 253 2192 propter
265 2112 427 2193 Christum,
451 2123 497 2173 est
519 2115 550 2174 in
573 2116 657 2174 omni
679 2124 872 2176 sacramento
897 2123 927 2175 et
948 2113 1044 2176 verbo

126 2214 312 2258 necessaria.

186 2282 235 2343 66
265 2277 354 2351 Quod
384 2285 487 2339 autem
517 2279 599 2341 alma
621 2281 786 2342 Vaooultas
807 2280 1045 2342 Lovaniensium

125 2359 199 2421 dicit
187 2362 403 2441 ascriptores
419 2382 447 2420 61
440 2362 631 2442 adversari,
652 2365 742 2425 nimis
761 2364 911 2425 subtiliter
933 2374 963 2424 et
984 2383 1046 2424 ma·

126 2445 257 2524 gistralit
259 2465 292 2504 er
314 2444 432 2506 dicitur.

187 2526 235 2592 66.
265 2527 424 2608 Significat
452 2529 532 2587 enim
558 2528 619 2588 hoc
647 2529 717 2589 looo
747 2528 949 2609 Scriptura
977 2529 1045 2590 illas

127 2617 203 2688 tres,
233 2620 424 2672 sacramenta
448 2610 683 2692 magistrollica,
706 2612 872 2689 Birretum‚
894 2613 1046 2693 Talarem‚

124 2693 313 2773 Liripipium.

188 2779 237 2840 67.
272 2777 329 2836 llla
362 2779 443 2838 enim
481 2777 636 2857 Scriptura
675 2777 855 2839 adversatur
895 2779 1046 2839 eiusmodi

125 2857 207 2936 fidei,
229 2868 260 2919 et
280 2861 369 2920 huius
392 2861 568 2941 scripturae
592 2870 663 2922 sunt
683 2863 742 2941 ipsi
754 2862 902 2942 Magistri,
925 2880 965 2921 ex
986 2882 1047 2941 qua

128 2944 219 3002 etiam
243 2962 350 3003 omnes
372 2945 449 3005 istos
472 2948 511 3009 32
534 2946 680 3005 articulos
703 2953 900 3025 sumpserunt
922 2951 953 3005 et
975 2964 1046 3006 con-

127 3027 292 3088 cluserunt.
1064 3076 1068 3082 .

190 3112 240 3174 68.
268 3110 412 3170 Fortasse
441 3112 557 3171 malunt
587 3111 644 3171 sibi
665 3117 795 3192 peccata
815 3112 928 3171 remitti
950 3113 1046 3172 incre-

127 3192 236 3252 dulitat
225 3200 265 3270 te,
288 3200 381 3273 propt
382 3213 415 3254 61
369 3195 602 3256 tBeelnebub
615 3195 785 3276 principem
803 3194 1047 3256 daemoniorum

190 3278 239 3340 69
268 3276 326 3336 Hic
359 3283 466 3356 aperte
499 3277 653 3357 videmus,
688 3278 896 3339 Lovanienses
933 3279 1047 3339 bestias

128 3359 307 3439 simpliciter
329 3360 479 3420 abiecisse
502 3361 705 3422 Christianam
727 3362 927 3443 religionem,
955 3369 986 3422 et
1008 3381 1047 3424 ex

128 3443 222 3502 corde
244 3462 313 3503 esse
334 3443 557 3522 perditissimos
579 3464 730 3525 paganos

190 3529 238 3591 70
262 3527 363 3586 Unum
384 3526 445 3586 hoc
466 3533 550 3586 recte
572 3527 696 3606 faciunt,
719 3527 801 3606 quod
823 3528 881 3588 sibi
905 3527 1046 3602 (abiecto

128 3609 280 3687 Christo),
303 3629 342 3669 116
364 3611 490 3670 omnino
513 3610 574 3669 sint
594 3610 687 3688 athei,
708 3630 808 3672 novos
822 3612 906 3672 Deos
926 3610 1049 3692 lingunt

128 3702 159 3753 et
182 3700 319 3754 mortuos
342 3695 502 3771 invocant,
535 3700 676 3772 sanctos,
708 3713 770 3755 non
799 3701 942 3775 sanctos,
974 3695 1048 3754 nihil

128 3777 220 3836 refert
242 3796 359 3839 eorum.
