2346 4208
194 267 257 336 168
531 267 686 325 Oonfltsndi
705 271 778 325 ratio

199 460 276 521 Cum
300 458 380 520 enim
404 458 684 519 excommunicatio
715 458 754 518 sit
775 477 860 519 mere
880 478 986 540 poena
1008 464 1040 520 et
1060 478 1116 521 non

197 543 308 622 culpa,
340 543 480 621 lenique-
492 541 591 621 possit
613 559 705 620 super
725 543 941 622 innocentem,
977 549 1032 604 aut
1061 542 1117 604 lata

197 645 321 687 manere
349 645 441 704 super
469 624 719 704 resipiscentem,
755 631 788 684 ut
800 625 831 700 41)
855 633 984 706 propter
1006 627 1117 686 itineris

198 709 420 790 longitudinem
434 708 484 768 vel
506 708 682 786 pauperiem
697 726 825 769 necesse
848 710 888 769 sit
900 708 1018 770 differri
1040 709 1119 770 satis·

198 793 379 870 factionem,
414 790 507 852 debet
533 789 730 850 nihilominus
770 789 922 851 confitens
949 793 993 867 (si
1018 794 1116 872 petat)

202 875 321 937 absolvi
344 874 382 936 ab
406 873 547 935 omnibus
569 874 704 953 peccatis
721 875 793 949 suis,
815 882 846 934 et
867 893 922 955 pro
936 876 1120 937 vinculoex-

198 957 486 1020 communicationis
509 955 659 1016 solvendo
684 962 715 1016 ct
736 957 955 1018 satisfaciendo
977 958 1120 1038 potestati

198 1041 328 1119 dimitti,
352 1046 383 1101 et
404 1041 464 1117 sic,
494 1040 524 1098 in
547 1039 613 1099 foro
637 1039 694 1099 Dei
717 1047 748 1100 et
770 1042 981 1102 conscientiae
1004 1040 1119 1103 absolu-

197 1130 245 1186 tus
268 1145 287 1183 s
309 1124 401 1204 culpa
423 1129 454 1182 et
475 1123 631 1202 peccatis,
670 1124 747 1183 mitti
781 1123 819 1183 ad
841 1125 940 1184 forum
964 1125 1121 1201 ecclesiae,

197 1207 365 1267 solvendus
399 1224 557 1285 apoena,
597 1204 658 1264 hoc
682 1212 745 1281 est,
781 1206 862 1286 quod
886 1206 1013 1280 dicitur,
1043 1205 1120 1267 suffi-

197 1309 268 1350 cere
291 1287 483 1352 absolvendo
508 1289 663 1368 peccatori
685 1296 790 1350 votum
815 1290 1047 1354 satisfactionis.

572 1452 687 1513 Ultimo
703 1451 752 1537 ²¹¹).

279 1606 428 1666 Votorum
451 1606 529 1665 ratio
552 1605 632 1664 foret
652 1605 895 1685 consideranda,
918 1624 1000 1686 quae
1024 1625 1120 1686 paene

197 1691 329 1750 maxima
352 1694 399 1749 est
431 1688 596 1747 inhaere
619 1691 775 1767 quaestio,
808 1689 968 1768 multoque
999 1690 1121 1751 maioris

196 1773 385 1833 confusionis
408 1771 545 1845 materia,
570 1789 659 1848 quarn
676 1790 800 1832 casuum
815 1773 998 1851 reservatio,
1022 1791 1120 1852 quam·

198 1858 243 1916 vis
267 1855 396 1915 ethaeo
427 1873 513 1913 suam
536 1853 726 1933 Babylonem
751 1874 863 1934 magna
886 1854 1052 1936 tyrannide
1074 1876 1120 1916 ex·

196 1945 287 2000 ercet.
331 1936 421 2012 Quod
446 1938 471 1995 si
492 1935 543 1995 hio
564 1935 658 1996 libere
680 1937 747 2015 quis
769 1938 844 1998 velit
865 1937 960 2017 loqui,
984 1958 1049 2000 non
1074 1957 1120 2019 po

196 2022 268 2082 terit
290 2028 371 2081 terra
390 2021 540 2080 sustinere
563 2020 722 2080 universos
746 2039 905 2082 sermones
928 2022 1007 2102 eius,
1030 2026 1064 2082 ut
1085 2021 1120 2081 de

196 2106 292 2165 Amos
314 2103 388 2163 dicit
410 2102 554 2164 Amasias
577 2103 697 2181 impius.

278 2187 409 2245 Primum
434 2193 464 2245 et
486 2186 634 2264 optimum
658 2186 821 2246 consilium
843 2187 939 2263 foret,
976 2189 1003 2246 si
1026 2188 1120 2268 ponti·

196 2268 269 2330 lices
292 2277 322 2328 et
336 2270 571 2328 concionatores
594 2269 742 2347 populum
764 2267 1002 2330 dehortarentur
1023 2276 1054 2330 et
1076 2269 1121 2329 de-

195 2360 372 2413 terrerenta
389 2352 542 2431 pronitate
554 2350 696 2427 vovendi,
711 2351 920 2428 ostendentes,
938 2371 1031 2431 quarn
1050 2351 1121 2412 nihil

196 2437 236 2495 sit
257 2436 391 2495 visitatio
415 2441 514 2494 terrae
536 2440 679 2511 sanctae,
714 2434 848 2513 Romae,
881 2434 1120 2514 Compostellae,

197 2518 366 2578 aliorumve
379 2518 517 2577 locorum
536 2523 722 2594 sanctorum,
738 2524 800 2577 tum
817 2519 1013 2597 ieiuniorum,
1036 2519 1120 2579 orati-

196 2622 298 2673 onum,
322 2619 510 2680 operumque
532 2619 550 2658 a
574 2599 797 2660 scelestorum
820 2600 931 2678 studia,
954 2602 980 2660 si
1001 2619 1120 2681 compa·

195 2693 262 2745 rata
283 2685 395 2744 fuerint
411 2682 448 2742 ad
473 2701 567 2762 opera
590 2682 803 2743 mandatorum
827 2684 897 2762 Dei,
921 2692 952 2744 et
974 2684 1016 2743 ad
1038 2691 1118 2760 volo,

196 2787 274 2846 quse
296 2769 326 2826 in
349 2766 502 2845 baptismo
528 2766 676 2841 vovimus,
701 2768 831 2845 quaein
854 2766 948 2826 domo
972 2787 1031 2828 sua
1052 2784 1121 2847 ergo

194 2852 353 2931 proximos
376 2867 459 2926 suos,
482 2849 655 2928 coniugem,
678 2848 801 2927 liberos,
824 2868 941 2927 servos,
965 2849 1117 2926 dominos,

195 2935 294 3013 possit
316 2952 383 2992 curn
411 2930 690 3010 incomparabiliter
714 2932 879 2992 maioribus
902 2934 1021 2994 meritis
1044 2934 1121 3013 quis·

195 3036 254 3095 que
278 3035 415 3092 servare,
448 3034 537 3093 quam
562 3015 625 3074 voti
648 3014 791 3093 operibus
814 3036 832 3075 a
854 3035 887 3075 se
910 3016 1038 3095 electis,
1067 3032 1120 3076 neo

196 3119 215 3160 a
236 3100 303 3160 Deo
328 3097 482 3158 mandatis
505 3098 651 3156 invenire.

280 3182 379 3242 Stulta
401 3181 505 3260 opinio
528 3180 611 3258 vulgi
628 3184 660 3239 et
676 3199 793 3260 pompa
804 3181 959 3241 Bullarum
976 3182 1119 3258 fecerunt,

195 3273 227 3326 ut
249 3271 322 3324 vota
335 3266 394 3324 ista
406 3263 696 3343 peregrinationum,
719 3264 910 3339 ieiuniorum,
935 3266 1115 3342 orationum,

195 3355 226 3408 et
248 3347 453 3426 quorumlibet
475 3363 604 3425 operum
628 3345 721 3426 longe
739 3345 1029 3427 praepondereutur
1051 3365 1119 3428 ope·

194 3432 277 3491 ribus
290 3429 503 3490 mandatorum
517 3428 583 3508 Dei,
607 3446 686 3507 quae
698 3437 799 3490 tamen
816 3436 848 3489 ut
864 3431 1028 3512 faciamus,
1050 3449 1118 3491 nun·

270 3649 301 3711 1)
326 3648 355 3699 ln
375 3647 417 3700 ed.
437 3648 520 3715 orig0:
541 3648 621 3698 enirn.

265 3718 297 3784 *)
319 3719 350 3771 ln
370 3719 413 3773 ed.
433 3718 493 3771 Jcn.
512 3717 615 3787 legitur
633 3721 696 3770 ante
717 3714 881 3768 vocabulum
906 3716 1038 3771 ultimo
1057 3716 1118 3770 hsce

194 3791 355 3861 inscriptio:
374 3789 416 3844 De
438 3790 519 3843 votis.
