2346 4208
345 260 398 313 pra
417 244 622 301 Laborantibus
641 251 668 300 et
686 245 820 303 oneratis:
988 243 1050 311 iffi

123 433 238 496 astisi·
255 431 377 494 Deinde
406 438 510 512 patres
540 433 663 512 quidem
686 435 934 498 carnistnostrae
955 436 1052 499 erudi·

124 524 211 579 tores
242 515 423 596 babuimus,
457 522 488 576 et
515 516 732 578 reverebamur
763 537 835 595 eos,
870 536 931 578 uon
956 519 1052 581 nmlto

124 601 226 680 magis
248 601 328 680 patri
350 600 510 680 spirituum
532 599 821 680 obtemperabimus,
844 609 875 661 ct
893 601 1051 663 vivemus?
1097 601 1099 606 ’

123 683 236 746 Omnis
269 691 372 744 antem
406 681 567 762 disciplina
600 684 630 744 in
654 685 810 763 praesenti
843 684 967 763 quidem
988 704 1053 747 non
1118 689 1120 693 ’

123 766 246 827 videtur
278 784 349 827 csse
377 764 499 845 gaudii,
532 765 587 826 sed
612 768 778 835 moeroris,
812 775 921 847 postea
948 775 1051 829 autem

122 851 254 910 fructum
283 849 513 929 pacatissimum
552 851 727 911 exercitatis
761 870 816 930 por
847 870 914 913 earu
944 849 1053 913 reddet

122 933 269 995 iustitiae.
312 930 398 994 Haec
418 931 539 992 Paulus.
1075 931 1078 937 '

208 1013 283 1090 Quis
327 1034 388 1076 non
423 1022 571 1075 terreatur
602 1014 648 1074 his
677 1014 812 1075 Paulinis
848 1015 964 1094 verbis,
1000 976 1052 1083 ubi

124 1099 219 1180 plana
241 1096 365 1175 delinit,
398 1117 459 1159 non
483 1117 552 1159 esse
572 1096 653 1159 filios
677 1098 749 1176 Dei,
779 1099 830 1177 qui
853 1106 942 1159 extra
964 1099 1052 1164 discis

123 1182 241 1261 plinam
264 1181 322 1242 Dei
342 1181 437 1251 sunt?
474 1180 548 1255 Quis
582 1200 655 1240 vero
680 1182 778 1260 possit
799 1181 952 1243 robustius
976 1202 1050 1245 con-

122 1263 254 1341 firmari,
287 1272 318 1325 et
350 1262 505 1324 efficacius
536 1263 709 1333 consolari,
741 1283 836 1343 ⁸quam
866 1266 918 1344 qui
948 1266 1052 1332 audiat

123 1367 182 1409 eos
211 1346 339 1427 diligis
360 1346 511 1424 Domino,
545 1347 596 1425 qui
625 1366 677 1407 cas
680 1348 779 1427 igan
779 1368 828 1424 nr,
860 1367 929 1409 esse
959 1347 1051 1428 lilios,

124 1449 196 1490 esse
236 1429 372 1490 omnium
407 1429 588 1490 Sanctorum
627 1431 844 1490 communione
884 1431 1051 1511 praeditos

125 1532 188 1574 non
213 1531 268 1573 eos
292 1531 360 1572 esse
377 1513 472 1580 solos,
497 1514 547 1590 qui
569 1513 748 1592 patiuntur?
770 1513 870 1589 Etiam
886 1514 1048 1575 amabilem

124 1595 319 1675 disciplinam
342 1594 421 1654 baec
442 1594 616 1655 exhortatio
641 1595 806 1656 vehemens
829 1594 945 1658 reddet.

211 1677 277 1738 Nec
298 1680 384 1758 patet
405 1678 455 1737 hic
478 1676 646 1738 excusandi
669 1679 773 1776 locus,
811 1679 894 1758 quod
924 1679 975 1739 alii
998 1680 1050 1739 mi

124 1762 207 1823 tiora
240 1760 355 1840 ierant,
388 1761 440 1821 alii
477 1760 615 1840 duriora,
651 1762 815 1858 unicuique
848 1762 928 1822 enim
962 1761 1052 1823 daur

123 1845 256 1906 tentatio
273 1842 312 1905 ad
325 1863 509 1923 menarram,
532 1864 594 1905 non
607 1863 700 1925 supra
712 1846 803 1923 vires,
817 1852 848 1905 ut
866 1844 945 1905 Psal
958 1840 1051 1925 79¹):
1130 1908 1132 1919 ,

124 1926 250 1989 cibabis
273 1947 330 1988 nos
350 1947 430 2006 pane
452 1927 655 2002 lacrimarum,
678 1935 709 1988 ei
730 1891 936 2008 potdmdabis
960 1928 1050 1993 nobis
1111 1985 1119 2004 ‚

124 2013 156 2072 in
181 2010 343 2070 lacrimis
335 2030 364 2069 ιιι
390 2030 543 2074 mensura.
587 2010 677 2086 Quod
702 2019 732 2077 et
752 2011 865 2071 Paulus
888 2010 975 2070 dicit:
1005 2010 1050 2071 Fi·

125 2093 204 2155 delis
220 2088 313 2170 Deus,
336 2094 387 2171 qui
410 2112 472 2154 non
495 2096 713 2173 permitiitvos
727 2096 835 2154 tentari
859 2095 1049 2172 ultraquam

123 2177 274 2258 potestis,
304 2175 358 2236 sed
380 2175 471 2235 faciet
493 2195 561 2236 cum
585 2180 756 2237 tentatione
779 2189 977 2257 proventum,
1015 2185 1076 2247 ut,

125 2260 252 2341 possitis
275 2260 435 2320 sustinere.
479 2259 538 2320 Ubi
560 2280 634 2340 ergo
651 2263 746 2321 maius
771 2261 891 2337 malurn,
915 2260 955 2321 ibi
978 2260 1047 2339 ptus

126 2349 314 2424 proventus,
355 2348 387 2402 et
418 2343 523 2402 auxilii
556 2343 660 2417 divini,
705 2345 748 2402 ita
783 2355 817 2403 ut
848 2344 1051 2423 inaequalitas

125 2427 304 2507 passionum
330 2427 428 2504 magis
458 2427 489 2485 in
519 2428 652 2506 speciem
675 2434 789 2506 pateat,
812 2446 901 2505 quam
926 2447 958 2486 re
980 2446 1053 2485 vera

125 2511 175 2569 sit.
225 2509 305 2569 Nam
340 2517 371 2568 et
399 2508 433 2569 B.
462 2508 615 2569 lohannes
644 2509 798 2589 Baptista,
835 2529 925 2589 quem
958 2509 1052 2570 hodie

126 2591 317 2652 decollatum
339 2590 378 2655 ab
399 2591 524 2651 Herode
552 2591 764 2668 recordamur,
800 2611 904 2652 nonne
926 2600 1052 2671 stupore
1093 2626 1097 2639 ·

126 2694 186 2736 nos
210 2693 318 2734 omnes
340 2674 520 2735 confundit?
557 2674 638 2757 quod
663 2682 764 2734 tantus
787 2676 831 2733 vir
839 2695 931 2754 ,qun
954 2677 1052 2734 maior

126 2759 158 2818 in
161 2764 207 2818 ter
161 2758 371 2817 tmulieres
394 2777 455 2818 non
481 2760 627 2833 surrexit,
660 2759 775 2817 amicus
805 2760 941 2818 unicus
935 2759 1051 2837 sponsi

125 2859 310 2923 praecursor
333 2839 463 2918 Christi,
497 2843 595 2901 maior
616 2841 774 2920 prophetis
798 2841 957 2917 omnibus,
989 2860 1051 2900 non

127 2922 237 2984 saltem
266 2922 390 3003 publico
423 2923 535 2985 iudicio
566 2924 731 3002 occiditur,
770 2943 832 2984 non
863 2924 971 2983 saltem
1003 2922 1051 2983 vel

127 3007 201 3067 licta
228 3024 339 3084 causa,
375 3007 452 3066 sicut
474 3007 610 3068 Christus
641 3016 817 3077 accusatur,
848 3025 906 3066 nec
928 3015 1053 3086 propter

127 3090 294 3170 populum,
329 3088 415 3148 sed
408 3110 438 3149 m
470 3110 592 3150 carcere
615 3098 739 3170 propter
761 3090 946 3151 saltatricem
970 3089 1051 3149 adul-

128 3181 214 3233 terae
236 3171 339 3233 filiam.
383 3172 480 3232 Unius
503 3173 590 3233 huius
605 3173 707 3234 Sancti
731 3174 938 3254 ignominiosa
962 3191 1053 3244 mors,

128 3264 165 3316 et
186 3255 299 3322 tradita
321 3256 384 3314 vita
405 3264 466 3316 tarn
490 3257 604 3333 viliter,
638 3264 698 3317 tam
728 3255 861 3336 indignis
891 3255 990 3316 modis
1022 3257 1052 3314 iu

130 3358 239 3399 manus
274 3337 499 3413 infensissimus
522 3338 680 3400 adulterae
711 3341 884 3399 universum
915 3347 1051 3398 nostrum

128 3422 243 3481 malum
267 3421 371 3481 leniat.
