2346 4208
299 280 441 354 ριιιιιιιιιι
459 206 571 339 anisius
589 280 627 339 ιιι
644 286 773 340 mortam.
949 278 1016 351 469

87 474 297 549 saoramenta,
331 475 363 531 et
391 468 464 551 quid
486 470 619 551 prosint,
653 471 721 551 quis
747 471 821 532 item
845 468 955 533 aurum
970 470 1014 533 sit

87 572 172 616 nens
214 514 357 615 Invenies
388 558 491 614 autem
519 553 637 614 nullum
666 554 790 615 suavius
816 552 1049 635 perturbatae

88 636 299 699 oonsoientiae
320 636 508 697 solatium
499 656 531 696 ιιι
565 636 627 698 hoo
656 636 771 699 mundo
801 656 886 716 esse,
920 655 1011 719 quem

56 782 59 788 ,
87 725 292 782 santamente.
335 719 372 781 In
401 718 463 779 illis
497 721 578 780 enirn
608 720 704 783 habes
726 726 844 782 oertum
865 720 923 782 Dei
945 738 1011 783 var·

87 802 171 881 bum,
193 801 277 900 quoti
298 801 388 864 nobis
410 803 561 882 promittit
582 810 613 864 ot
633 802 731 865 donat
751 803 919 882 Christum,
942 822 1013 865 unm

88 883 273 947 omnibns''
254 904 292 946 ns
314 903 394 966 quae
415 884 525 963 hebet,
557 885 641 966 quod
661 886 759 949 donat
779 885 870 949 nobie
892 893 1012 968 partum

87 968 217 1050 abipso
239 971 374 1048 pauenti,
399 970 506 1030 mortis
528 975 562 1030 et
581 970 692 1031 inferni
714 971 887 1035 viotoriam.
931 968 1013 1046 Quin

87 1058 209 1130 autem,
241 1051 339 1113 Deum
361 1051 585 1132 immortalem,
607 1053 711 1115 auditu
732 1053 909 1132 iuoundius,
939 1052 1012 1133 quid

87 1143 136 1197 est
157 1134 292 1211 suavius,
315 1154 406 1217 quam
430 1134 547 1197 abolita
569 1142 600 1196 et
620 1136 741 1217 perdita
761 1155 831 1199 esse
852 1156 908 1218 per
926 1136 1013 1199 chri-

87 1224 168 1280 stum
191 1224 330 1280 monstra
350 1218 412 1297 illa,
434 1225 612 1299 pessuium,
635 1225 766 1282 mortem
787 1228 819 1281 et
838 1218 1012 1282 infernum?

87 1302 184 1363 Porro
206 1320 265 1363 nos
286 1301 341 1362 ille
361 1319 486 1382 quoque
506 1320 562 1381 per
584 1301 737 1365 Christum
759 1302 937 1382 desinimus,
958 1301 1012 1365 uhi

85 1392 172 1447 route
192 1391 386 1446 assumento
408 1384 555 1446 fuerimus
576 1386 633 1448 usi.

170 1466 248 1529 Turn
271 1474 373 1529 autem
396 1473 481 1529 rente
503 1475 696 1529 suoramento
719 1468 782 1530 hou
801 1474 937 1548 utemur,
959 1467 1012 1531 ubi

87 1548 307 1613 crediderimus
329 1570 403 1611 vere
429 1550 483 1611 illa
510 1570 600 1629 esse,
633 1570 713 1632 quoe
740 1555 935 1613 saoramenta
956 1568 1025 1633 per·

86 1634 145 1696 Dei
167 1633 294 1695 verbum
315 1633 405 1695 nobis
427 1634 617 1713 promittunt.
660 1633 730 1696 Non
752 1635 844 1716 igitur
863 1634 926 1696 hoo
945 1640 1011 1697 tan·

87 1726 152 1780 tum
172 1716 335 1793 iaciemus,
360 1723 393 1777 ut
413 1716 482 1777 illes
505 1724 566 1778 tres
588 1718 739 1797 imagines
758 1719 790 1777 in
812 1716 935 1779 Christo
957 1734 1011 1779 no·

86 1801 134 1863 bis
157 1798 310 1863 exhibitas
332 1805 517 1880 spectemus,
539 1799 595 1861 sed
614 1800 757 1862 addenda
778 1817 901 1880 quoque
922 1800 1013 1881 signa

86 1889 175 1962 sunt,
208 1902 287 1963 quoe
318 1901 375 1944 uos
398 1886 505 1943 oertos'
523 1890 554 1943 et
575 1902 702 1945 seouros
723 1884 848 1961 fatiunt,
870 1882 925 1944 ille
947 1900 1010 1945 om·

86 1968 139 2028 nie
160 1965 251 2028 nobis
272 1986 328 2047 per
350 1965 503 2027 Christum
526 1985 596 2028 esse
618 1966 743 2029 donate.
765 1968 868 2047 Atque
889 1967 940 2028 hio
961 1984 1011 2027 ve·

85 2070 138 2111 rus
159 2056 421 2110 sacramentorum
444 2056 492 2110 est
512 2067 595 2113 usus.

169 2133 300 2194 Decimo
322 2138 450 2210 notave,
472 2151 564 2213 porro
592 2152 693 2212 neque
726 2133 766 2194 de
786 2133 848 2194 hoo
868 2131 1009 2194 dubitare

88 2235 274 2297 quemquam
297 2217 461 2293 nonvenit,
495 2235 547 2294 se,
581 2235 649 2276 cum
677 2218 708 2276 in
738 2217 845 2278 mortis
872 2215 1011 2296 periculo

88 2306 145 2378 est,
168 2319 232 2360 non
255 2300 355 2360 solum
379 2318 457 2373 esse,
480 2298 534 2359 sed
558 2301 604 2359 sui
626 2319 730 2359 euram
751 2319 861 2361 omnes
882 2299 1012 2442 angelos

87 2402 191 2464 egere,
214 2401 252 2442 ao
276 2383 412 2443 omnium
435 2381 617 2442 Sanctorum
640 2383 747 2444 oeulos
770 2384 801 2443 in
824 2402 858 2443 se
881 2382 919 2443 de
942 2400 1011 2444 xos.

88 2466 166 2527 Nam
198 2467 262 2526 eius
283 2466 327 2526 rei
350 2470 576 2525 sacromentum
598 2484 721 2544 quoque
744 2472 792 2527 est
813 2468 943 2545 signum.
966 2465 1015 2525 Ao

88 2551 188 2629 primo
211 2548 335 2627 quidem
358 2548 416 2608 Dei
447 2555 478 2607 et
500 2547 612 2607 Christi
641 2548 722 2608 oculi
749 2549 780 2608 in
810 2555 840 2609 te
870 2555 940 2609 sunt
962 2548 1013 2610 de-

89 2631 177 2710 flexi,
200 2631 286 2711 ideo,
310 2631 393 2710 qnod
415 2631 564 2712 tuipsius
587 2631 682 2692 verbo
707 2631 825 2709 eredes,
855 2651 892 2692 ao
915 2650 1013 2693 suoru

89 2721 194 2776 mento
218 2715 283 2775 eius
306 2713 485 2775 adhaereas.
519 2713 595 2774 Post
583 2714 797 2795 tongelorum
819 2733 856 2774 uo
879 2715 1013 2775 omnium

89 2799 185 2860 Senot
173 2805 272 2859 torum
297 2797 423 2857 osuii
401 2816 467 2856 srne
490 2795 582 2857 dubio
607 2804 637 2856 te
659 2798 834 2877 respiciunt.
862 2796 909 2857 lili
932 2799 1013 2858 enim

89 2901 198 2942 omnes
221 2900 278 2941 eeu
300 2881 452 2961 integrum
475 2899 586 2960 eorpus
610 2880 762 2942 laboranti
785 2879 921 2940 membro
946 2879 1014 2942 sub·

90 2966 233 3040 veniunt,
266 2973 359 3043 teque
382 2964 413 3022 in
436 2963 490 3024 illa
511 2963 594 3024 lueto
616 2965 743 3040 mortis,
775 2964 896 3044 pennati
919 2965 979 3024 et
971 2983 1014 3023 ιιι·

88 3049 166 3109 ferni
188 3047 350 3121 adiuvant,
375 3052 406 3105 ut
429 3048 568 3126 superior
591 3047 704 3107 evadas
728 3066 765 3108 ao
787 3048 902 3111 vineas
946 3045 1045 3111 Hou.

91 3139 194 3192 autem
219 3136 266 3191 est
254 3129 362 3190 tillud
387 3131 495 3189 ιιιιιι
495 3149 521 3189 ιι
544 3147 637 3210 opus,
670 3131 749 3191 haee
779 3130 833 3190 illa
862 3118 909 3189 est
931 3148 1014 3190 oom-

91 3214 195 3275 munio
220 3213 419 3290 Sanctorum,
455 3213 493 3272 de
518 3232 578 3292 qua
599 3212 673 3274 dioit
695 3212 868 3294 symbolum
891 3217 1015 3292 aposto·

90 3299 194 3374 licum,
218 3315 309 3377 quem
333 3295 458 3356 eredere
480 3315 537 3357 nos
554 3299 709 3375 convenit,
688 3296 911 3357 tmirabiliter
934 3297 1014 3356 enim

90 3344 229 3442 ιοιιιιιιιι
251 3378 343 3439 fidem
367 3378 538 3439 confirmat.

175 3463 312 3523 Eisone
334 3463 385 3542 qui
407 3463 467 3523 huo
488 3461 526 3522 de
548 3482 581 3522 re
603 3462 730 3539 dubitat,
709 3464 777 3522 tis
800 3481 862 3524 non
881 3462 1016 3542 perieote

92 3554 287 3608 sacramento
317 3546 422 3606 altoris
447 3544 628 3609 oredit.1n
658 3546 712 3606 illo
742 3547 823 3606 enim
853 3546 914 3606 hoo
942 3564 1016 3624 quo·

92 3650 152 3710 que
175 3628 416 3712 signifieaturet
437 3629 637 3708 promittitur,
668 3647 738 3689 esse
767 3629 1015 3690 communionem

91 3715 286 3792 Sanotorum,
309 3714 360 3791 qui
384 3714 462 3772 vires
485 3732 574 3788 suas,
595 3730 748 3785 amorem,
771 3711 1016 3773 noneolatinnem

92 3805 239 3878 etopem
261 3797 293 3856 in
316 3795 457 3857 omnibus
478 3795 622 3876 perieulis
644 3795 725 3856 adn
706 3813 763 3857 nos
786 3793 1021 3859 confirmandos
