2346 4208
72 288 76 296 ,
169 258 232 328 4526
416 261 606 323 tlt-»Oeneius
624 262 851 319 &assessore

170 459 219 513 est
246 452 515 533 apprehendenda⁴
559 453 653 513 Vides
680 456 776 529 enim,
815 452 1032 534 quamvimpia
1062 458 1094 510 et

171 535 303 598 absurde
326 536 418 617 plane
440 536 609 597 confitendi
640 539 717 598 ratic
739 548 813 597 ante
834 538 895 597 boc
916 544 1040 615 tempus
1060 535 1091 594 in

170 627 284 700 papatu
306 619 412 695 fuerit,
442 622 615 700 priusquam
639 623 718 680 enim
741 620 975 682 absolverentur
996 619 1093 678 homi*

168 719 240 781 nes,
263 705 358 764 multa
380 712 411 763 et
431 706 516 763 varia
537 707 581 764 eis
604 716 675 764 sunt
695 706 831 763 iniuncta
853 702 1090 783 opera,·quibus

169 805 224 866 pro
261 789 396 866 peccatis
434 788 645 847 satisfacerent
678 807 808 865 eamque
845 806 909 846 rem
941 793 1092 845 vocarunt

170 869 411 943 absolutionem,
445 888 513 929 oum
541 873 654 931 rectius
684 871 822 950 alligatio
851 870 954 930 vocari
983 879 1090 947 queat:

169 973 240 1013 uum
264 973 333 1013 cum
355 953 502 1013 tollantur
522 963 652 1034 peccata
676 974 731 1033 per
754 952 991 1025 absolutionem,
1015 954 1040 1011 si
1062 953 1091 1011 ei

169 1037 294 1104 credas,
317 1036 388 1114 quid
412 1038 520 1096 attinet
543 1057 647 1117 opera,
672 1037 780 1116 quibus
803 1057 859 1116 pro
882 1037 1020 1115 peccatis
1043 1055 1090 1094 sa·

169 1119 319 1197 tisiacias,
342 1119 477 1180 addere?
510 1127 541 1180 et
562 1140 674 1200 cogere
695 1120 837 1179 homines
858 1141 881 1180 a
900 1118 962 1178 lide
985 1125 1016 1178 et
1031 1117 1089 1178 ab·

168 1202 323 1263 solutione
345 1202 383 1262 ad
407 1204 531 1282 propria
553 1204 667 1284 opera?

252 1285 327 1360 Quis
363 1288 467 1365 potius
495 1289 539 1346 sic
572 1287 701 1366 cogitari
730 1288 881 1365 oportuit:
919 1285 1000 1344 Ecce
1028 1284 1091 1343 boc

168 1368 311 1446 verbum,
350 1369 432 1448 quod
469 1390 487 1428 a
516 1390 565 1430 me
593 1369 680 1429 audis
702 1370 807 1429 divino
829 1369 993 1443 manduc,
1029 1366 1090 1426 lide

168 1451 222 1512 bibi
249 1460 298 1512 est
324 1452 627 1532 apprehendendum.
671 1453 702 1513 si
725 1472 799 1532 ergo
822 1452 948 1512 credere
969 1453 998 1510 ei
1026 1469 1089 1510 non

168 1543 274 1616 potes,
304 1537 411 1596 omitte
433 1537 659 1597 confessionem
682 1543 775 1595 tuam.
801 1535 887 1596 lion
916 1541 964 1594 est
985 1543 1088 1593 sutem

168 1618 229 1679 boc
251 1620 295 1679 ita
316 1619 540 1699 accipiendum,
563 1618 645 1698 quod
662 1620 756 1678 nolim
781 1618 921 1678 confiteri
942 1636 999 1677 sua
1019 1636 1089 1695 pec·

168 1708 238 1762 csta
272 1721 343 1775 eos,
382 1711 435 1764 aut
475 1703 720 1763 consolationem
757 1711 790 1762 et
824 1700 1088 1761 confirmationem

168 1787 262 1845 animi
283 1792 405 1864 petere,
445 1805 573 1865 quorum
605 1785 754 1846 infirmior
776 1792 823 1845 est
843 1784 931 1844 lides.
977 1784 1040 1843 lmo
1062 1783 1089 1842 si

169 1870 265 1928 sentis
286 1869 527 1930 imbecillitatem
551 1876 650 1947 tuom,
678 1869 760 1948 quod
783 1867 909 1929 credere
931 1886 993 1927 nou
1017 1885 1088 1946 pos-

166 1952 227 2029 sis,
263 1954 461 2031 conqueraris
482 1972 521 2011 ea
542 1952 581 2012 de
604 1973 636 2012 re
656 1952 739 2032 apud
759 1952 882 2012 fratrem
906 1958 1008 2020 tuum,
1040 1950 1090 2008 cui

167 2033 306 2095 confiteri
336 2035 432 2097 voles.
483 2036 556 2095 Dic:
590 2036 696 2097 Sentio
733 2035 873 2114 quidem,
906 2032 1088 2112 quod-oon·

165 2117 301 2178 fassione
322 2124 353 2178 et
373 2117 569 2179 absolutione
589 2119 721 2179 habeam*
748 2137 842 2198 opus,
882 2136 986 2177 verum
1009 2115 1089 2174 infir·

166 2201 247 2262 mior
268 2209 315 2260 est
344 2200 420 2260 fides
444 2221 526 2280 mea,
559 2221 648 2281 quam
679 2202 760 2280 quod
791 2203 891 2280 possit
918 2207 1002 2259 certo
1031 2198 1088 2257 sibi

164 2283 354 2364 persuadere
376 2303 450 2344 vera
472 2306 551 2361 esse,
573 2305 652 2365 quae
675 2292 766 2345 exte
789 2284 891 2346 audio.
934 2283 1013 2342 Nam
1038 2283 1086 2340 cui

164 2368 277 2426 rectius
299 2367 339 2426 de
360 2367 569 2428 imbecillitate
592 2374 644 2427 tuo
660 2375 848 2446 conquestus
869 2367 972 2442 fueris,
996 2382 1087 2444 quarn

164 2449 253 2510 Deo?
290 2451 357 2510 Deo
380 2459 481 2511 autem
506 2458 567 2511 tum
592 2451 804 2530 conquereris,
839 2469 906 2509 cum
929 2449 1013 2509 fratri
1035 2456 1088 2506 tuo

166 2533 379 2612 conquereris,
413 2536 517 2613 quite
545 2541 651 2593 sancto
674 2535 730 2593 Dei
756 2534 851 2594 verbo
875 2531 1028 2593 consolari
1045 2549 1090 2589 ac

166 2614 348 2676 confirmare
369 2624 487 2696 potest,
521 2624 614 2696 atque
642 2637 681 2676 ea
702 2618 824 2676 denium
855 2634 927 2675 vera
947 2623 995 2674 est
1017 2633 1089 2674 oon·

165 2699 270 2760 lessio.
315 2700 436 2760 Utinam
467 2707 568 2760 autem
593 2720 701 2759 omnes
729 2719 766 2760 co
802 2718 899 2777 usque
931 2698 1088 2778 progressi

165 2790 278 2860 essent,
302 2787 334 2842 ut
345 2781 564 2844 confiterentur
584 2783 656 2842 fidei
678 2781 981 2855 suaeinlirmitatem,
1004 2780 1087 2858 quod

165 2865 222 2926 Dei
244 2867 499 2945 promissionibus
522 2866 647 2926 credere
669 2885 732 2926 non
755 2872 890 2945 possent.

248 2949 333 3009 Haec
353 2950 414 3009 iam
435 2950 473 3010 de
496 2951 693 3010 confessione
710 2947 872 3025 sufficiant,
895 2946 976 3026 quod
995 2966 1087 3007 nemo

165 3031 204 3091 ad
227 3051 293 3092 esur
317 3034 387 3112 cogi
412 3032 540 3110 debeat,
575 3032 629 3092 sed
651 3039 684 3092 ut
706 3032 863 3107 volentes,
901 3050 961 3090 non
987 3032 1088 3089 coacti

166 3115 377 3177 confiteamur.
896 3179 900 3194 ,
1035 3145 1037 3148 ·

180 3258 182 3263 .
248 3200 361 3260 Verum
380 3205 512 3278 quaerat
533 3198 658 3276 aliquis,
696 3196 841 3275 quidnam
873 3197 913 3256 sit
942 3193 1089 3256 coufiten-

166 3280 258 3342 dum?
289 3283 385 3342 Multa
406 3284 510 3362 nugati
534 3282 584 3340 hio
606 3287 692 3358 sunt,
716 3282 765 3358 qui
787 3279 937 3339 hactenus
960 3281 990 3337 iu
1013 3285 1087 3337 tem-

165 3365 223 3444 plis
255 3366 439 3440 dooueruut,
477 3365 514 3424 dc
545 3365 678 3442 quinque
709 3363 864 3440 sensibus,
899 3363 937 3421 de
967 3368 1087 3440 septem

165 3449 302 3528 peocmis
327 3448 522 3520 mortalibus,
552 3446 590 3506 de
613 3446 720 3506 decem
742 3447 933 3526 praeceptis,
950 3482 952 3487 »
967 3451 998 3504 et
1015 3444 1087 3503 aliis

165 3531 323 3606 similibus,
346 3531 455 3609 quibus
479 3531 581 3610 potius
603 3530 769 3609 implicitae
788 3535 862 3588 sunt
878 3529 1088 3588 eonscientiae

165 3632 256 3696 quarn
278 3613 411 3675 adiutae.
791 3638 793 3645 ·

249 3697 363 3757 Verum
385 3699 430 3757 sic
447 3696 585 3776 oportuit
606 3694 682 3773 fieri,
705 3694 841 3755 debebas
861 3700 937 3755 ante
960 3693 1087 3774 diligen·

166 3785 212 3841 tsr
244 3781 499 3862 ciresmspicere,
543 3797 694 3858 quaenam
713 3783 857 3860 ¹peccatu
891 3783 922 3839 te
952 3779 1089 3866 maxims
