2346 4208
206 253 250 320 62
422 255 556 311 &mlo
575 254 920 312 ursan-num

288 440 479 502 Ludrsrnnos
523 447 555 501 ot
590 442 794 519 seminatores
835 452 977 502 einum
1010 437 1127 501 mei

289 532 442 603 vocasset,
463 524 654 604 respondent
663 525 812 589 Gnnonini
829 523 960 603 indocti,
980 528 1127 603 quiem

289 615 320 667 et
341 625 402 686 que
423 609 543 668 rntione
565 610 625 667 sint
646 608 819 670 Luthereni.

226 724 459 786 Gloriosissimo
491 723 759 803 Superdoetissmo
790 721 1021 804 Triumphntori
1050 722 1110 783 idn

265 809 362 888 gistro
387 807 521 884 Nostro,
544 807 690 889 liegistro
718 808 828 871 loanni
849 807 946 870 Eocio
968 805 1071 869 Theo·

414 890 558 973 legistae,
581 890 731 952 canonici
752 887 918 970 innoeul).
1072 968 1077 975 Ι
1102 972 1107 982 .

287 987 319 1050 Si
341 996 464 1068 praeter
485 991 656 1069 inscitiam,
694 1010 785 1070 qunm
813 989 904 1053 nobis
925 991 1126 1070 improperes,

202 1071 279 1133 licei
301 1071 482 1152 magnifiee,
518 1073 592 1136 nihil
621 1074 704 1135 eliud
725 1075 819 1134 etium
840 1073 974 1137 diutino
994 1072 1125 1141 Lulliero

204 1153 384 1230 obiecisscs,
406 1157 456 1216 cui
476 1175 535 1216 nos
548 1156 730 1237 prudentiae
752 1164 825 1219 tune
834 1155 974 1219 videmur
986 1155 1125 1237 ampliu&

204 1256 294 1316 quem
319 1239 437 1298 veritati
459 1239 580 1317 fuvere,
603 1242 699 1307 territi
721 1259 798 1303 sene
819 1245 1005 1319 portentoso
1028 1257 1126 1319 eupet-

157 1397 160 1402 .
203 1320 375 1400 ciliosoque
399 1324 576 1405 magisterio
588 1331 641 1383 tuo
665 1330 771 1384 nostre
783 1323 951 1385 frueremur
971 1316 1126 1397 felicitsts',

203 1422 315 1483 nempe
353 1405 535 1465 suavissimo
576 1405 720 1466 'ruditatis
760 1404 927 1466 beneflcio:
971 1410 1006 1465 ut
1047 1405 1124 1466 enim

202 1504 418 1547 eemmnosem
462 1487 552 1548 vobis
589 1489 770 1551 Herculibus
811 1490 904 1551 vitam
943 1489 1126 1549 emetiuntnr

202 1567 312 1651 Superi
336 1572 417 1644 (imo
439 1572 499 1650 ipsi
520 1571 686 1632 immodico
705 1570 823 1633 sciendi
845 1570 974 1632 libidine
993 1578 1028 1632 ct
1048 1589 1125 1632 erro·

202 1655 318 1733 guntin,
343 1653 493 1733 quidquid
514 1654 545 1714 id
567 1662 615 1716 est
638 1656 724 1731 meli,
747 1654 835 1716 vobis
856 1655 931 1734 ipsis
952 1654 1125 1730 invehitis),

201 1737 246 1796 ite
279 1736 368 1797 nobis
399 1738 594 1817 tranquillum
616 1758 681 1798 non
709 1737 858 1800 invident.
900 1737 1038 1798 Proinde
1059 1755 1123 1798 cunr

201 1837 301 1899 prope
334 1839 458 1900 semper
490 1821 582 1880 nullis
620 1828 727 1882 noster
756 1827 842 1882 tento
874 1819 1076 1901 gnudendum
1097 1826 1125 1880 et

201 1902 311 1965 umbre
344 1904 483 1964 celemus
502 1904 639 1964 infensus
660 1905 766 1982 fuerit,
802 1904 967 1964 adversum
995 1910 1031 1964 te
1055 1920 1124 1983 quo

202 2003 263 2064 que
290 1995 449 2065 peraretur
468 1988 621 2048 minine:
663 2008 736 2048 nem
769 2005 849 2066 quae
881 1985 1025 2047 insaniei
1061 1986 1125 2066 spis

201 2067 302 2146 furor,
335 2068 498 2148 indoctos,
531 2089 609 2149 quos
632 2090 743 2147 voees,
776 2089 845 2129 cum
866 2069 1023 2150 Apollinis
1053 2066 1125 2148 lilio,

200 2149 341 2212 imbelles
364 2171 432 2211 oum
454 2153 637 2233 fortissimo,
670 2154 821 2215 obscuros
853 2171 922 2212 curn
953 2153 1124 2214 clarissimo

201 2233 370 2322 congredi?
402 2255 465 2295 uon
493 2244 558 2298 tem
585 2238 805 2318 incogitantes,
839 2255 902 2297 non
924 2242 986 2296 tom
1018 2236 1123 2297 oscitet

205 2315 318 2393 bundi,
340 2336 404 2377 non
425 2325 487 2378 tem
511 2320 639 2398 stupidi,
661 2340 724 2381 non
747 2328 808 2380 torn
831 2321 918 2379 saxei
940 2338 1064 2396 sumes,
1094 2325 1125 2378 nt

201 2399 284 2477 quod
307 2402 390 2460 omni
413 2402 656 2481 propulsandum
679 2405 718 2464 sit
739 2409 862 2482 conatu,
886 2403 966 2463 ultro
989 2420 1124 2464 senene

203 2499 269 2541 mus
291 2484 478 2562 periculum,
510 2489 692 2566 praesertim
721 2485 803 2565 quod
825 2487 886 2545 ism
909 2485 1029 2564 pridem
1052 2486 1123 2547 sutis

202 2563 293 2627 nobis
314 2570 519 2646 perspicuum,
542 2589 696 2649 nunquam
719 2569 774 2630 tibi
796 2569 846 2629 vel
860 2569 1054 2648 disputntnru
1077 2567 1122 2628 vel

200 2649 363 2729 scripturo,
384 2650 463 2712 forte
486 2671 526 2712 ne
549 2660 669 2713 mortuo
693 2652 815 2732 quidem
838 2651 979 2712 delutum
1000 2649 1105 2713 verbs.

282 2732 439 2794 Hactenus
452 2735 566 2814 itaque,
588 2735 659 2796 dum
683 2742 714 2795 tu
737 2736 858 2816 gloriae
878 2733 983 2794 studes
1007 2736 1121 2815 irrepet}

200 2812 262 2893 dio,
285 2835 342 2876 nos
365 2817 614 2896 tranquillitati2)
641 2838 703 2879 non
718 2826 778 2878 tam
790 2817 1010 2898 imprudenter,
1035 2836 1122 2897 qu

199 2899 353 2978 ignaviter
373 2901 572 2962 consulimus.
612 2902 706 2981 Atqui
723 2920 814 2979 nunc,
837 2919 905 2961 eum
921 2902 1053 2981 insignis
1075 2910 1124 2961 trs

200 2980 367 3059 modestis,
396 3002 476 3062 quae
498 2991 529 3044 et
548 2987 580 3047 in
602 2984 797 3066 proverbium
819 2985 929 3061 cessit,
958 2984 1120 3047 llnrtintun

199 3062 382 3143 bulherum,
415 3068 496 3127 vitae
530 3070 735 3130 sanctimonie
759 3068 850 3130 nobis
872 3067 1119 3129 commendatum

199 3148 489 3229 ecclesiasticaeque
525 3151 702 3233 theologiae
737 3151 889 3211 vindicem
926 3150 1120 3231 diligentissi

200 3249 281 3291 mum
312 3232 400 3291 simul
433 3252 469 3294 no
491 3233 691 3313 liberrimum,
728 3236 868 3314 privatim
901 3242 932 3294 et
958 3234 1120 3313 publicitus

198 3313 430 3392 Manichacum,
450 3317 695 3397 Vuickleflstsm,
716 3318 893 3394 Hirsutum,
913 3324 945 3380 et
966 3317 1120 3381 succutit

199 3396 373 3459 nominibus
403 3399 471 3462 eliis
505 3419 636 3479 soccus,
671 3401 874 3465 christanum
907 3400 1014 3461 heberi
1044 3400 1120 3462 ferre

198 3482 317 3559 nequit:
361 3488 393 3542 et
414 3492 447 3541 ut
476 3501 515 3542 ex
544 3484 634 3544 nobis
656 3486 747 3545 etism
770 3483 885 3563 aliquid
908 3490 978 3543 tune
1001 3484 1119 3564 glories

198 3571 364 3643 accrescet,
385 3566 416 3624 in
439 3565 572 3645 epistole
592 3566 631 3626 sd
653 3567 856 3629 reverendum
877 3565 1044 3627 Misnensis
1066 3565 1119 3627 Ec-

270 3701 302 3770 1)
321 3700 352 3754 n
380 3701 422 3757 en.
447 3703 506 3756 sen.
538 3670 736 3756 inaurium
760 3710 816 3759 au:
844 3703 871 3759 s.
893 3705 921 3756 u.
974 3704 1007 3770 ²)
1037 3705 1117 3759 run:

197 3773 375 3841 truqniltsti.
488 3800 493 3807 ,
