2346 4208
350 278 411 332 μυ
431 261 638 351 Laborantibus
658 270 685 317 et
704 262 842 318 oneratis.
987 261 1048 328 101

123 451 327 513 ecclesiarum
350 459 382 512 st
403 409 514 531 plateis
536 433 640 513 iacent
659 453 793 512 corrosis
814 450 954 530 vultibus,
976 471 1048 512 exe-

123 537 168 597 sis
182 533 308 596 naribus
330 543 362 595 et
385 534 492 611 oculis,
515 535 644 615 aliisque
668 534 813 595 membris
835 535 921 594 sanie
943 541 975 596 et
996 556 1048 614 pu-

123 616 245 678 tredine
257 617 349 678 foede
363 619 564 696 consumptis,
585 619 628 678 ita
642 625 676 687 ut
698 619 819 679 animus
840 617 1047 696 exhort-eall)

124 700 276 781 cogitare,
299 700 411 762 nedum
435 720 543 761 sensus
565 701 645 762 ferat
666 701 798 761 intueri?
841 701 883 760 At
909 700 981 781 quid
1003 700 1050 762 his

124 783 323 844 lacrimandis
346 791 471 844 nostrae
494 786 595 844 carnis
617 796 648 844 et
669 785 822 845 fraternae
844 783 1049 844 similitudinis

125 867 271 941 monstris
294 866 376 927 Deus
405 866 552 942 intendit,
582 868 640 927 nisi
671 875 703 928 ut
730 869 837 929 oculos
863 869 973 927 mentis
995 887 1049 947 ¹¹⁰t

124 956 208 1010 strae
242 950 376 1029 aperiat,
409 969 470 1028 quo
506 949 677 1030 videamus,
711 958 827 1030 quanto
857 949 1049 1011 horribiliora

124 1034 232 1112 specie
249 1033 353 1093 anima
368 1033 541 1113 peccatoris
558 1036 676 1094 saniem
693 1041 725 1092 et
746 1033 936 1114 putredinem
962 1053 1048 1094 suam

124 1122 278 1192 ostentet,
306 1116 399 1178 etiam
422 1116 447 1176 si
469 1117 589 1196 ipsein
611 1136 745 1196 purpura
765 1126 797 1178 et
818 1135 894 1177 auro
918 1124 949 1177 et
970 1116 1048 1176 rosis

124 1209 160 1265 et
183 1198 255 1259 liliis
284 1205 371 1278 agat,
402 1205 547 1278 tanquam
575 1198 709 1279 paradisi
731 1198 838 1259 filiast
880 1199 921 1260 At
943 1201 1048 1278 quanti

124 1287 198 1341 sunt
226 1289 405 1361 peccatores
435 1283 465 1341 in
489 1282 603 1343 mundo
626 1282 666 1343 ad
689 1303 780 1342 unum
804 1282 926 1342 illorum
948 1284 1048 1344 sanio-

124 1365 449 1444 sorumoomparati?
491 1363 576 1426 Haec
603 1383 680 1428 sane
707 1366 792 1432 ,mala
820 1365 954 1441 infinita,
985 1373 1053 1442 tum¹

125 1445 367 1528 magnitudine,‘
384 1456 448 1507 tum
476 1448 670 1509 multitudine
693 1454 871 1528 contempta
893 1450 922 1507 in
945 1451 1046 1528 proxi·

124 1531 200 1607 mis,
227 1529 357 1604 laniunt,
394 1538 427 1591 ut
454 1537 590 1592 nostrum
622 1531 672 1592 vel
695 1551 787 1591 unum
813 1532 1047 1592 munitissimum

125 1612 218 1675 nobis
240 1612 340 1674 solum
363 1622 394 1674 et
415 1614 582 1674 maximum
606 1614 754 1675 videatur.

211 1695 281 1769 Sed¹
294 1715 370 1776 age,
402 1705 433 1757 et
453 1697 484 1756 in
507 1696 717 1777 corporalibus
741 1696 828 1757 malis
851 1715 979 1756 necessa
1000 1705 1049 1758 est

124 1779 233 1860 peiore
266 1781 327 1839 sint
358 1778 552 1858 conditione,
586 1800 676 1859 quam
708 1798 776 1842 noa.
820 1777 901 1853 Quid
929 1797 1047 1858 quaeso

124 1869 231 1942 potest
259 1863 304 1923 eis
333 1861 423 1923 dulce
453 1871 484 1924 et
512 1883 587 1943 pure
613 1863 776 1936 iucundum
807 1881 894 1937 esse,
928 1863 1048 1922 etiamsi

124 1946 233 2006 omnia
262 1965 341 2024 quae
372 1945 466 2006 velint
498 1946 633 2008 habeant
664 1946 894 2025 obtineantque,
925 1946 1048 2024 quando

124 2029 318 2090 conscientia
339 2048 445 2089 eorum
469 2032 574 2107 quieta
592 2049 660 2090 esse
684 2048 746 2090 non
768 2027 893 2109 potest?
928 2029 977 2088 An
1002 2036 1049 2089 est

124 2111 239 2172 malum
262 2113 413 2189 atrocius,
442 2130 531 2189 quam
556 2113 684 2174 mordax
709 2112 918 2173 conscientiae
941 2112 1046 2172 tumul·

125 2194 196 2255 tus?
227 2195 308 2255 Dicit
330 2196 411 2254 enim
433 2195 492 2255 Isa.
514 2200 569 2261 57:
599 2196 687 2277 lmpii
710 2196 788 2256 sieut
809 2214 893 2255 mare
915 2194 1046 2271 fervens,

124 2277 209 2356 quod
229 2279 387 2355 quiescere
404 2297 465 2338 non
481 2287 593 2359 potest,
616 2286 647 2340 et
662 2279 835 2340 redundant
848 2277 958 2338 fluctus
981 2279 1046 2338 eius

121 2363 155 2420 in
178 2361 444 2421 conculcationem
467 2368 498 2421 et
524 2362 629 2425 lutum.
673 2363 750 2423 Non,
772 2369 819 2422 est
845 2380 906 2441 pax
934 2361 1047 2440 impiis,

79 2516 85 2525 Ι
123 2443 202 2505 dicit
222 2444 371 2505 Dominus
394 2445 488 2505 Deus.
523 2448 626 2524 ltaque
647 2445 722 2505 illud
746 2446 836 2505 Dent.
860 2445 909 2507 28.
932 2445 963 2503 in
986 2444 1046 2504 illis

123 2525 247 2587 videas:
292 2525 385 2587 Dabit
407 2526 460 2587 tibi
483 2528 633 2588 Dominus
656 2547 710 2588 cor·
732 2529 893 2607 pavidum,
922 2535 952 2587 et
975 2526 1046 2587 defi-

124 2611 244 2673 cientes
274 2610 397 2688 ooulos‚
428 2618 460 2670 et
488 2613 620 2670 animam
650 2618 864 2690 consumptam
895 2629 1045 2684 moerore,

124 2695 235 2754 eterit
257 2695 320 2753 vita
341 2700 395 2753 tua
416 2695 502 2770 quasi
524 2694 664 2773 pendens
690 2704 763 2754 ante
785 2701 831 2772 te,
854 2692 974 2753 timebis
997 2693 1047 2752 die

122 2794 163 2836 ac
191 2782 299 2853 nocte,
328 2783 359 2835 et
387 2795 449 2836 non
472 2777 579 2839 credes
604 2778 685 2838 vitae
708 2785 787 2838 tuae.
830 2777 922 2836 Mane
944 2775 1046 2835 dices:

123 2858 201 2933 Quis
230 2859 283 2920 det
311 2859 384 2918 mihi
412 2861 595 2938 vesperum?
629 2871 660 2920 et
690 2879 834 2940 vespere:
877 2856 953 2932 Quis
975 2858 1047 2918 mihi

123 2941 179 3003 det
200 2942 311 3002 mane?
343 2948 470 3021 propter
492 2943 594 3004 cordis
617 2945 659 3002 tui
680 2943 886 3014 formidinem,
908 2960 968 3020 qua
991 2949 1047 3002 ter·
1135 2958 1142 2982 ⁸

123 3025 258 3103 treberis,
281 3032 312 3085 et
334 3032 460 3105 propter
483 3046 537 3105 ea,
560 3046 639 3106 quae
662 3028 720 3086 tuis
743 3026 860 3087 videbis
883 3024 988 3084 oculis.

207 3109 361 3186 Breviter,
390 3110 441 3188 qui
469 3109 550 3170 mala
581 3109 731 3171 malorum
761 3111 864 3170 ornnia
888 3108 982 3187 digno
1006 3109 1047 3168 al·
1110 3145 1114 3152 -

123 3191 206 3252 fectu
229 3190 364 3268 videret,
387 3193 452 3250 sive
474 3193 665 3253 inimicorum
690 3194 756 3252 sive
778 3193 961 3265 amicorum,
984 3210 1045 3251 non

124 3275 225 3334 solum
253 3294 377 3335 suorum
408 3274 655 3353 oblivisceretur,
686 3284 717 3336 et
747 3274 821 3334 nihil
849 3294 883 3334 se
906 3275 968 3353 pati
991 3273 1047 3335 sibi

123 3357 293 3433 videretur,
326 3376 429 3418 verum
463 3369 494 3418 et
524 3377 591 3418 cum
615 3359 702 3419 Mose
725 3366 756 3418 et
777 3357 873 3417 Paulo
902 3357 1047 3436 apostolo

122 3448 295 3514 aestuaret,
327 3448 360 3500 ut
386 3461 441 3520 pro
472 3443 516 3501 eis
540 3443 616 3502 mori
640 3442 759 3515 liceret,
790 3449 821 3500 et
842 3440 1007 3500 anathema
1028 3460 1048 3501 a

123 3523 247 3585 Christo
275 3523 359 3599 fieri,
386 3543 424 3583 ac
446 3523 485 3585 de
508 3523 584 3585 libro
608 3525 689 3585 vitae
711 3525 806 3584 deleri
831 3526 883 3600 (ut
904 3523 993 3584 Rom.
1018 3525 1046 3586 9.

122 3606 303 3684 scribitur),
326 3626 387 3687 quo
409 3607 453 3668 illi
477 3608 688 3670 liberarentur.
730 3608 798 3669 Hoc
820 3609 901 3667 enim
924 3605 994 3668 nelo
1017 3617 1047 3668 ct

120 3741 155 3750 a·-

197 3794 228 3863 1)
247 3795 280 3850 In
299 3794 343 3850 ed.
361 3794 436 3850 lent
456 3794 645 3849 exhorrescat.
720 3830 723 3835 .
757 3813 777 3835 .-
804 3819 814 3829 .-
