2346 4208
350 275 420 329 Xlll.
439 275 473 329 de
490 279 629 344 potestate
647 272 748 343 Papae.
818 276 828 285 ‘
959 272 1021 338 345

103 456 290 535 adulatores,
313 462 339 521 si
359 461 436 521 haee
458 461 618 538 persuasio
642 478 747 520 eorum
777 477 835 520 uos
857 460 973 539 ceperit
993 466 1025 520 et

103 541 260 618 everterit,
284 560 346 605 non
371 544 463 604 lisere
486 543 605 605 scilieet
626 561 730 605 eorum
754 541 837 602 dieta
858 561 926 602 eum
948 541 1024 603 iudi·

102 623 152 683 oio
183 623 301 703 legere,
336 634 367 687 et
398 627 441 687 eis
471 625 545 686 solis
579 624 826 706 interpretandae
849 624 1024 705 Soripturae

102 707 170 765 iure
192 725 343 769 contessa
365 728 442 772 esse.
476 709 562 768 Tune
585 711 665 770 enim
686 715 736 784 (ut
744 708 907 788 Augustini
929 707 1025 770 verbo

103 789 231 870 utar)¹)
255 811 328 853 vere
350 794 416 853 siue
438 793 574 871 periculo
596 793 744 872 primatus
765 792 854 851 huius
873 792 905 851 in
928 791 1025 852 eoele-

103 874 150 931 sia
173 873 296 953 luditur,
319 876 374 936 sed
397 877 514 952 mirum,
537 877 561 934 si
584 894 646 937 non
669 876 737 935 Deo
760 882 791 935 et
814 874 904 936 uobis
925 873 1029 935 illudl·'

103 961 160 1015 tur.
205 957 303 1037 Absit,
326 959 406 1020 absit
427 960 486 1018 ista
508 959 576 1037 plus
599 976 690 1037 quam
713 957 905 1038 Babylonios
927 956 1029 1039 eapti-1

104 1040 194 1100 vitas.
692 1060 695 1083 ²

216 1155 358 1236 Sequitur
380 1178 461 1218 nuno
484 1146 899 1243 oppositorum'dieeolutio:
972 1158 974 1163 ’
1014 1148 1017 1153 ’

189 1273 294 1353 Aiunt,
317 1296 409 1337 omne
431 1276 639 1336 iusiurandum
668 1295 688 1336 a
708 1276 842 1336 Domino
870 1276 899 1335 iu
934 1293 1024 1339 evan·
1120 1292 1123 1299 ⁴

104 1357 189 1437 gello
212 1376 281 1418 esse
302 1359 498 1439 prohibitum,
521 1379 581 1419 neo
601 1358 641 1419 ab
663 1358 813 1438 apostolis
835 1365 906 1437 post
921 1357 1023 1419 Dumi-

105 1461 190 1515 num,
215 1443 324 1501 neuin
348 1442 487 1502 uouoiliis
509 1444 639 1504 inveniri
661 1460 754 1521 posse
776 1448 931 1503 statutum.

188 1522 244 1583 His
261 1524 371 1587 letibus
388 1525 645 1605 insuperabilibus
658 1531 832 1604 prostratus
846 1523 917 1603 quid
932 1523 1030 1602 dieat,

106 1604 276 1667 audiamus.
320 1607 399 1682 Quid
423 1615 471 1668 est
502 1628 593 1689 ergo,
628 1608 710 1687 quod
734 1608 885 1669 Dominus
922 1606 1026 1669 subse·

106 1696 236 1769 quanter
264 1688 385 1772 ait*):v
414 1690 504 1765 Quod
537 1691 668 1771 amplius
701 1698 764 1766 est,
798 1711 817 1751 a
846 1689 928 1751 mulo
960 1689 1026 1753 est?

106 1773 168 1832 boo
190 1775 271 1832 enim
294 1773 440 1853 amplius,
473 1782 506 1834 ut
528 1777 687 1855 exigamus
717 1773 846 1850 malum,
879 1790 937 1834 noe
970 1772 1029 1834 illo.

105 1857 302 1935 permittente
325 1856 498 1937 compellit
539 1857 630 1932 Quod
659 1857 796 1919 Christus
824 1855 977 1936 prohibet·
995 1862 1027 1917 et

106 1946 214 2019 negat,
250 1938 301 2000 hio
337 1939 468 2001 affirmat
500 1947 532 2000 et
562 1941 721 2021 praecipit.
771 1939 910 2015 Christus
937 1938 1025 2001 dieit:

106 2021 197 2096 Quod
221 2023 351 2102 amplius
374 2029 431 2100 est,
452 2042 472 2083 e
494 2024 575 2085 malo
598 2031 659 2101 est,
688 2023 806 2100 idest,
838 2041 901 2084 non
934 2020 1029 2084 debet

106 2106 180 2165 fieri.
224 2105 372 2183 Loquitur
394 2107 475 2165 enim
499 2106 538 2166 de
560 2108 713 2186 pronitate
733 2105 863 2184 iurandi,
886 2105 952 2166 siue
974 2123 1029 2166 ue«

107 2189 252 2248 cessitate
274 2189 390 2266 hatris,
414 2190 475 2249 hoo
497 2197 560 2268 est,
584 2189 621 2249 de
644 2188 771 2249 libidine
793 2189 923 2266 iurandi,
947 2189 1027 2251 siout

107 2272 263 2330 mulierem
288 2274 505 2351 uououpisoere
528 2272 698 2352 prohibuit,
734 2274 784 2352 qui
813 2280 915 2332 temen
944 2271 1026 2332 debi-

107 2365 170 2414 tum
195 2354 377 2434 coniugibus
399 2355 588 2415 reddendum
612 2375 672 2416 non
697 2355 861 2435 prohibuit.
894 2354 940 2415 lta
962 2354 1026 2415 libi·

106 2438 207 2498 dinem
230 2437 359 2514 iurandi,
382 2457 444 2498 nou
467 2440 669 2499 iuramentum
693 2439 827 2499 debitum
860 2437 1026 2518 prohibuit.

104 2520 163 2580 Hie
184 2520 266 2599 dicit,
288 2520 348 2579 hoo
371 2520 501 2601 amplius
524 2523 606 2602 cogit
628 2541 703 2601 nos,
737 2521 767 2581 id
790 2529 851 2601 est,
874 2520 940 2582 fieri
963 2540 1026 2582 om-

106 2605 179 2664 nino
202 2609 335 2682 oportet.
368 2603 428 2664 Sed
442 2603 602 2664 audiamus
624 2605 685 2665 hoo
707 2604 830 2682 melum,
855 2603 936 2683 quod
962 2604 1026 2664 uul-

106 2687 206 2746 luein
230 2687 332 2747 verbis
356 2686 507 2768 evangelii
533 2688 680 2768 cogitavit
702 2707 846 2766 unquam.

188 2769 300 2830 Nonne
323 2770 434 2829 malum
458 2778 514 2845 est,
536 2772 648 2849 inquit,
672 2770 710 2831 ab
735 2770 886 2831 ecelesiae
909 2769 1025 2830 unitate

106 2860 138 2914 et
158 2872 178 2912 a
200 2852 281 2912 sedis
305 2852 497 2932 apostolieae
520 2853 696 2914 ohedientia
717 2854 843 2932 resilire,
866 2859 897 2912 et
920 2858 1029 2913 eontra

106 2954 259 2996 canonum
281 2941 395 2995 statuta
415 2955 625 3016 prorumpere,
648 2937 730 3016 quod
747 2937 831 2996 multi
846 2936 938 2996 etiam
957 2941 1027 3016 post

106 3019 286 3101 praestitum
311 3027 534 3079 sacramentum
558 3020 849 3100 praesumpserunt?
891 3018 959 3100 Ego
974 3037 1026 3097 pu·

106 3101 219 3176 tabem,
245 3101 328 3180 quod
352 3102 412 3161 boo
434 3103 546 3162 malum
571 3110 653 3163 esset
675 3105 943 3184 interpretaturus,
964 3120 1026 3163 non

106 3185 235 3264 diligere
271 3183 439 3262 Christum,
475 3205 537 3246 non
568 3206 695 3266 posuere
729 3206 818 3266 oves,
852 3193 882 3248 et
920 3185 1025 3248 harum

106 3267 313 3328 sollieitudine
336 3268 479 3348 exemplo
503 3268 613 3328 Christi
636 3271 771 3349 torqueri
800 3268 837 3330 ed
867 3268 1028 3330 iuramenti

106 3352 311 3411 exactionem.
360 3353 485 3427 Verum,
508 3351 585 3412 haee
607 3352 744 3412 Christus
775 3372 794 3411 a
815 3353 906 3421 Petro
929 3351 1026 3430 requi-

105 3443 168 3509 rat,
191 3434 284 3493 hodie
307 3432 553 3513 curandum-ne
575 3435 612 3495 ab
637 3435 813 3496 obedientia
843 3436 925 3496 sedis
954 3451 1027 3514 apo·

107 3518 238 3577 stoliuae
261 3518 397 3576 resiliant
420 3519 567 3597 episcopi.

106 3671 332 3679 ,nm—-m,
351 3675 423 3680 ....-....
436 3676 447 3679 -
460 3675 527 3680 ψ..

160 3726 186 3786 ¹)
209 3725 237 3774 ln
259 3722 322 3775 edit.
346 3724 451 3788 priore:
477 3723 588 3774 abutor.

158 3797 187 3862 *J
210 3795 303 3850 Mstth.
325 3795 349 3849 5.
