<?xml version="1.0" encoding="UTF-8"?>
<!DOCTYPE html PUBLIC "-//W3C//DTD XHTML 1.0 Transitional//EN"
    "http://www.w3.org/TR/xhtml1/DTD/xhtml1-transitional.dtd">
<html xmlns="http://www.w3.org/1999/xhtml" xml:lang="en" lang="en">
 <head>
  <title>
</title>
<meta http-equiv="Content-Type" content="text/html;charset=utf-8" />
  <meta name='ocr-system' content='tesseract 3.04.00' />
  <meta name='ocr-capabilities' content='ocr_page ocr_carea ocr_par ocr_line ocrx_word'/>
</head>
<body>
  <div class='ocr_page' id='page_1' title='image "./dmartinilutheri04luthgoog_0415.png"; bbox 0 0 2346 4208; ppageno 0'>
   <div class='ocr_carea' id='block_1_1' title="bbox 171 272 798 343">
    <p class='ocr_par' dir='ltr' id='par_1_1' title="bbox 171 272 798 343">
     <span class='ocr_line' id='line_1_1' title="bbox 171 272 798 343; baseline -0.005 -11"><span class='ocrx_word' id='word_1_1' title='bbox 171 272 239 343; x_wconf 65' lang='lat' dir='ltr'><strong>sos</strong></span> <span class='ocrx_word' id='word_1_2' title='bbox 435 275 798 333; x_wconf 68' lang='grc' dir='ltr'><strong>ιοωὼιιιιιιιι</strong></span> 
     </span>
    </p>
   </div>
   <div class='ocr_carea' id='block_1_2' title="bbox 171 461 1100 1369">
    <p class='ocr_par' dir='ltr' id='par_1_2' title="bbox 171 461 1100 1369">
     <span class='ocr_line' id='line_1_2' title="bbox 173 461 1097 541; baseline -0.004 -18"><span class='ocrx_word' id='word_1_3' title='bbox 173 480 246 523; x_wconf 77' lang='lat' dir='ltr'><strong>nun</strong></span> <span class='ocrx_word' id='word_1_4' title='bbox 267 470 475 541; x_wconf 71' lang='lat' dir='ltr'><strong>pensatum,</strong></span> <span class='ocrx_word' id='word_1_5' title='bbox 500 461 697 520; x_wconf 76' lang='lat' dir='ltr'><strong>Poenitentis</strong></span> <span class='ocrx_word' id='word_1_6' title='bbox 715 462 809 540; x_wconf 83' lang='lat' dir='ltr'><strong>igitur</strong></span> <span class='ocrx_word' id='word_1_7' title='bbox 827 479 886 520; x_wconf 68' lang='lat' dir='ltr'><strong>mn</strong></span> <span class='ocrx_word' id='word_1_8' title='bbox 904 465 1038 520; x_wconf 85' lang='lat' dir='ltr'><strong>revoeat</strong></span> <span class='ocrx_word' id='word_1_9' title='bbox 1056 477 1097 519; x_wconf 73' lang='lat' dir='ltr'><strong>ne</strong></span> 
     </span>
     <span class='ocr_line' id='line_1_3' title="bbox 172 544 1095 706; baseline -0.004 -19"><span class='ocrx_word' id='word_1_10' title='bbox 172 544 729 706; x_wconf 47' lang='lat' dir='ltr'><strong>moi’uuidbdtuzgaeoeffffi</strong></span> <span class='ocrx_word' id='word_1_11' title='bbox 744 625 908 703; x_wconf 80' lang='lat' dir='ltr'><strong>sueerdos,</strong></span> <span class='ocrx_word' id='word_1_12' title='bbox 933 636 998 684; x_wconf 87' lang='lat' dir='ltr'><strong>tum</strong></span> <span class='ocrx_word' id='word_1_13' title='bbox 1024 642 1095 683; x_wconf 89' lang='lat' dir='ltr'><strong>oum</strong></span> 
     </span>
     <span class='ocr_line' id='line_1_4' title="bbox 171 708 1096 788; baseline -0.006 -17"><span class='ocrx_word' id='word_1_14' title='bbox 171 708 375 772; x_wconf 81' lang='lat' dir='ltr'><strong>eonfiteutem</strong></span> <span class='ocrx_word' id='word_1_15' title='bbox 401 710 536 770; x_wconf 79' lang='lat' dir='ltr'><strong>absolvit</strong></span> <span class='ocrx_word' id='word_1_16' title='bbox 568 715 709 783; x_wconf 83' lang='lat' dir='ltr'><strong>(utemur</strong></span> <span class='ocrx_word' id='word_1_17' title='bbox 736 710 819 768; x_wconf 88' lang='lat' dir='ltr'><strong>enim</strong></span> <span class='ocrx_word' id='word_1_18' title='bbox 855 708 976 788; x_wconf 75' lang='lat' dir='ltr'><strong>vulgari</strong></span> <span class='ocrx_word' id='word_1_19' title='bbox 1005 725 1096 766; x_wconf 73' lang='lat' dir='ltr'><strong>roes·</strong></span> 
     </span>
     <span class='ocr_line' id='line_1_5' title="bbox 172 792 1097 870; baseline -0.003 -16"><span class='ocrx_word' id='word_1_20' title='bbox 172 793 285 868; x_wconf 88' lang='lat' dir='ltr'><strong>bulo):</strong></span> <span class='ocrx_word' id='word_1_21' title='bbox 304 793 400 869; x_wconf 75' lang='lat' dir='ltr'><strong>Eone,</strong></span> <span class='ocrx_word' id='word_1_22' title='bbox 420 792 612 853; x_wconf 72' lang='lat' dir='ltr'><strong>condonavit</strong></span> <span class='ocrx_word' id='word_1_23' title='bbox 630 793 694 851; x_wconf 85' lang='lat' dir='ltr'><strong>iam</strong></span> <span class='ocrx_word' id='word_1_24' title='bbox 715 792 770 852; x_wconf 90' lang='lat' dir='ltr'><strong>tibi</strong></span> <span class='ocrx_word' id='word_1_25' title='bbox 790 792 876 852; x_wconf 87' lang='lat' dir='ltr'><strong>Deus</strong></span> <span class='ocrx_word' id='word_1_26' title='bbox 897 792 1005 851; x_wconf 86' lang='lat' dir='ltr'><strong>omnia</strong></span> <span class='ocrx_word' id='word_1_27' title='bbox 1023 808 1097 870; x_wconf 80' lang='lat' dir='ltr'><strong>poe-</strong></span> 
     </span>
     <span class='ocr_line' id='line_1_6' title="bbox 172 874 1097 955; baseline -0.002 -19"><span class='ocrx_word' id='word_1_28' title='bbox 172 883 255 953; x_wconf 84' lang='lat' dir='ltr'><strong>eata,</strong></span> <span class='ocrx_word' id='word_1_29' title='bbox 275 875 536 955; x_wconf 68' lang='lat' dir='ltr'><strong>quemadmodum</strong></span> <span class='ocrx_word' id='word_1_30' title='bbox 556 884 591 935; x_wconf 90' lang='lat' dir='ltr'><strong>et</strong></span> <span class='ocrx_word' id='word_1_31' title='bbox 609 877 642 933; x_wconf 92' lang='lat' dir='ltr'><strong>in</strong></span> <span class='ocrx_word' id='word_1_32' title='bbox 654 874 808 954; x_wconf 83' lang='lat' dir='ltr'><strong>baptismo</strong></span> <span class='ocrx_word' id='word_1_33' title='bbox 829 883 925 934; x_wconf 79' lang='lat' dir='ltr'><strong>untes</strong></span> <span class='ocrx_word' id='word_1_34' title='bbox 943 874 1097 954; x_wconf 76' lang='lat' dir='ltr'><strong>promitit,</strong></span> 
     </span>
     <span class='ocr_line' id='line_1_7' title="bbox 173 957 1096 1019; baseline -0.002 0"><span class='ocrx_word' id='word_1_35' title='bbox 173 969 208 1019; x_wconf 90' lang='lat' dir='ltr'><strong>et</strong></span> <span class='ocrx_word' id='word_1_36' title='bbox 224 960 288 1018; x_wconf 84' lang='lat' dir='ltr'><strong>iam</strong></span> <span class='ocrx_word' id='word_1_37' title='bbox 309 959 385 1018; x_wconf 87' lang='lat' dir='ltr'><strong>mibi</strong></span> <span class='ocrx_word' id='word_1_38' title='bbox 406 959 565 1018; x_wconf 79' lang='lat' dir='ltr'><strong>mundarit</strong></span> <span class='ocrx_word' id='word_1_39' title='bbox 583 960 696 1018; x_wconf 77' lang='lat' dir='ltr'><strong>virtute</strong></span> <span class='ocrx_word' id='word_1_40' title='bbox 712 959 855 1018; x_wconf 69' lang='lat' dir='ltr'><strong>clunium.</strong></span> <span class='ocrx_word' id='word_1_41' title='bbox 897 957 951 1018; x_wconf 78' lang='lat' dir='ltr'><strong>flio</strong></span> <span class='ocrx_word' id='word_1_42' title='bbox 968 974 1096 1017; x_wconf 83' lang='lat' dir='ltr'><strong>reroea-</strong></span> 
     </span>
     <span class='ocr_line' id='line_1_8' title="bbox 174 1037 1098 1136; baseline -0.001 -35"><span class='ocrx_word' id='word_1_43' title='bbox 174 1061 243 1101; x_wconf 88' lang='lat' dir='ltr'><strong>mur</strong></span> <span class='ocrx_word' id='word_1_44' title='bbox 262 1042 303 1100; x_wconf 90' lang='lat' dir='ltr'><strong>ad</strong></span> <span class='ocrx_word' id='word_1_45' title='bbox 324 1061 431 1100; x_wconf 83' lang='lat' dir='ltr'><strong>rerum</strong></span> <span class='ocrx_word' id='word_1_46' title='bbox 454 1041 598 1121; x_wconf 87' lang='lat' dir='ltr'><strong>baptismi</strong></span> <span class='ocrx_word' id='word_1_47' title='bbox 618 1060 718 1100; x_wconf 86' lang='lat' dir='ltr'><strong>usum.</strong></span> <span class='ocrx_word' id='word_1_48' title='bbox 752 1040 855 1136; x_wconf 77' lang='lat' dir='ltr'><strong>Quod</strong></span> <span class='ocrx_word' id='word_1_49' title='bbox 874 1042 902 1100; x_wconf 92' lang='lat' dir='ltr'><strong>si</strong></span> <span class='ocrx_word' id='word_1_50' title='bbox 932 1037 1098 1100; x_wconf 64' lang='lat' dir='ltr'><strong>cedideri-</strong></span> 
     </span>
     <span class='ocr_line' id='line_1_9' title="bbox 173 1121 1098 1206; baseline 0 -22"><span class='ocrx_word' id='word_1_51' title='bbox 173 1143 263 1206; x_wconf 83' lang='lat' dir='ltr'><strong>mus,</strong></span> <span class='ocrx_word' id='word_1_52' title='bbox 296 1127 365 1184; x_wconf 87' lang='lat' dir='ltr'><strong>siue</strong></span> <span class='ocrx_word' id='word_1_53' title='bbox 391 1123 486 1184; x_wconf 92' lang='lat' dir='ltr'><strong>dubio</strong></span> <span class='ocrx_word' id='word_1_54' title='bbox 517 1133 716 1204; x_wconf 86' lang='lat' dir='ltr'><strong>peeoatorum</strong></span> <span class='ocrx_word' id='word_1_55' title='bbox 736 1126 950 1184; x_wconf 81' lang='lat' dir='ltr'><strong>remissionem</strong></span> <span class='ocrx_word' id='word_1_56' title='bbox 971 1121 1098 1183; x_wconf 69' lang='lat' dir='ltr'><strong>babebi-</strong></span> 
     </span>
     <span class='ocr_line' id='line_1_10' title="bbox 173 1207 1100 1285; baseline 0 -19"><span class='ocrx_word' id='word_1_57' title='bbox 173 1222 253 1284; x_wconf 82' lang='lat' dir='ltr'><strong>mus,</strong></span> <span class='ocrx_word' id='word_1_58' title='bbox 272 1210 321 1266; x_wconf 89' lang='lat' dir='ltr'><strong>sin</strong></span> <span class='ocrx_word' id='word_1_59' title='bbox 342 1210 453 1285; x_wconf 88' lang='lat' dir='ltr'><strong>minus,</strong></span> <span class='ocrx_word' id='word_1_60' title='bbox 473 1208 697 1268; x_wconf 77' lang='lat' dir='ltr'><strong>damnabimur.</strong></span> <span class='ocrx_word' id='word_1_61' title='bbox 717 1207 922 1267; x_wconf 79' lang='lat' dir='ltr'><strong>Sieridemus</strong></span> <span class='ocrx_word' id='word_1_62' title='bbox 939 1207 1100 1266; x_wconf 71' lang='lat' dir='ltr'><strong>reminie-</strong></span> 
     </span>
     <span class='ocr_line' id='line_1_11' title="bbox 173 1288 1097 1369; baseline 0 -19"><span class='ocrx_word' id='word_1_63' title='bbox 173 1308 246 1350; x_wconf 90' lang='lat' dir='ltr'><strong>nem</strong></span> <span class='ocrx_word' id='word_1_64' title='bbox 266 1309 305 1350; x_wconf 84' lang='lat' dir='ltr'><strong>ae</strong></span> <span class='ocrx_word' id='word_1_65' title='bbox 326 1289 596 1350; x_wconf 85' lang='lat' dir='ltr'><strong>mortifieationem</strong></span> <span class='ocrx_word' id='word_1_66' title='bbox 616 1300 815 1369; x_wconf 80' lang='lat' dir='ltr'><strong>peeeatorum</strong></span> <span class='ocrx_word' id='word_1_67' title='bbox 849 1296 908 1364; x_wconf 83' lang='lat' dir='ltr'><strong>(ea</strong></span> <span class='ocrx_word' id='word_1_68' title='bbox 927 1292 1011 1350; x_wconf 81' lang='lat' dir='ltr'><strong>enim</strong></span> <span class='ocrx_word' id='word_1_69' title='bbox 1033 1288 1097 1350; x_wconf 88' lang='lat' dir='ltr'><strong>duo</strong></span> 
     </span>
    </p>
   </div>
   <div class='ocr_carea' id='block_1_3' title="bbox 82 1371 1099 1455">
    <p class='ocr_par' dir='ltr' id='par_1_3' title="bbox 82 1371 1099 1455">
     <span class='ocr_line' id='line_1_12' title="bbox 82 1371 1099 1455; baseline 0.007 -29"><span class='ocrx_word' id='word_1_70' title='bbox 82 1421 86 1426; x_wconf 90' lang='lat'><em>.</em></span> <span class='ocrx_word' id='word_1_71' title='bbox 174 1379 321 1452; x_wconf 71' lang='lat' dir='ltr'><strong>operetur</strong></span> <span class='ocrx_word' id='word_1_72' title='bbox 351 1373 543 1455; x_wconf 73' lang='lat' dir='ltr'><strong>baptismus)</strong></span> <span class='ocrx_word' id='word_1_73' title='bbox 565 1373 733 1453; x_wconf 82' lang='lat' dir='ltr'><strong>aliquando</strong></span> <span class='ocrx_word' id='word_1_74' title='bbox 761 1375 900 1453; x_wconf 86' lang='lat' dir='ltr'><strong>peeeatis</strong></span> <span class='ocrx_word' id='word_1_75' title='bbox 932 1371 1099 1455; x_wconf 83' lang='lat' dir='ltr'><strong>impediri·</strong></span> 
     </span>
    </p>
   </div>
   <div class='ocr_carea' id='block_1_4' title="bbox 172 1455 1101 2698">
    <p class='ocr_par' dir='ltr' id='par_1_4' title="bbox 172 1455 1099 1702">
     <span class='ocr_line' id='line_1_13' title="bbox 172 1455 1099 1535; baseline 0 -19"><span class='ocrx_word' id='word_1_76' title='bbox 172 1455 389 1516; x_wconf 67' lang='lat' dir='ltr'><strong>incredulitate</strong></span> <span class='ocrx_word' id='word_1_77' title='bbox 409 1465 513 1516; x_wconf 85' lang='lat' dir='ltr'><strong>autem</strong></span> <span class='ocrx_word' id='word_1_78' title='bbox 534 1475 661 1535; x_wconf 83' lang='lat' dir='ltr'><strong>prorsus</strong></span> <span class='ocrx_word' id='word_1_79' title='bbox 672 1456 761 1516; x_wconf 86' lang='lat' dir='ltr'><strong>reddi</strong></span> <span class='ocrx_word' id='word_1_80' title='bbox 781 1456 931 1531; x_wconf 90' lang='lat' dir='ltr'><strong>inutilem,</strong></span> <span class='ocrx_word' id='word_1_81' title='bbox 950 1455 1099 1535; x_wconf 66' lang='lat' dir='ltr'><strong>quomed-</strong></span> 
     </span>
     <span class='ocr_line' id='line_1_14' title="bbox 174 1537 1099 1636; baseline 0 -37"><span class='ocrx_word' id='word_1_82' title='bbox 174 1537 300 1599; x_wconf 90' lang='lat' dir='ltr'><strong>modum</strong></span> <span class='ocrx_word' id='word_1_83' title='bbox 321 1558 446 1618; x_wconf 85' lang='lat' dir='ltr'><strong>quoque</strong></span> <span class='ocrx_word' id='word_1_84' title='bbox 465 1540 536 1600; x_wconf 85' lang='lat' dir='ltr'><strong>sola</strong></span> <span class='ocrx_word' id='word_1_85' title='bbox 555 1538 653 1599; x_wconf 80' lang='lat' dir='ltr'><strong>tides</strong></span> <span class='ocrx_word' id='word_1_86' title='bbox 643 1547 848 1636; x_wconf 76' lang='lat' dir='ltr'><strong>intereeptum</strong></span> <span class='ocrx_word' id='word_1_87' title='bbox 860 1539 1008 1619; x_wconf 87' lang='lat' dir='ltr'><strong>baptismi</strong></span> <span class='ocrx_word' id='word_1_88' title='bbox 1017 1557 1099 1619; x_wconf 86' lang='lat' dir='ltr'><strong>opus</strong></span> 
     </span>
     <span class='ocr_line' id='line_1_15' title="bbox 174 1621 1046 1702; baseline 0.002 -21"><span class='ocrx_word' id='word_1_89' title='bbox 174 1630 300 1702; x_wconf 82' lang='lat' dir='ltr'><strong>reparat</strong></span> <span class='ocrx_word' id='word_1_90' title='bbox 320 1641 359 1682; x_wconf 87' lang='lat' dir='ltr'><strong>ne</strong></span> <span class='ocrx_word' id='word_1_91' title='bbox 379 1625 501 1702; x_wconf 68' lang='lat' dir='ltr'><strong>repetit,</strong></span> <span class='ocrx_word' id='word_1_92' title='bbox 522 1621 604 1682; x_wconf 87' lang='lat' dir='ltr'><strong>adeo</strong></span> <span class='ocrx_word' id='word_1_93' title='bbox 625 1625 732 1682; x_wconf 80' lang='lat' dir='ltr'><strong>omniu</strong></span> <span class='ocrx_word' id='word_1_94' title='bbox 751 1642 793 1682; x_wconf 83' lang='lat' dir='ltr'><strong>ex</strong></span> <span class='ocrx_word' id='word_1_95' title='bbox 811 1621 875 1682; x_wconf 80' lang='lat' dir='ltr'><strong>tide</strong></span> <span class='ocrx_word' id='word_1_96' title='bbox 896 1621 1046 1702; x_wconf 84' lang='lat' dir='ltr'><strong>pendent</strong></span> 
     </span>
    </p>

    <p class='ocr_par' dir='ltr' id='par_1_5' title="bbox 173 1704 1101 2283">
     <span class='ocr_line' id='line_1_16' title="bbox 257 1704 1098 1785; baseline -0.001 -20"><span class='ocrx_word' id='word_1_97' title='bbox 257 1704 301 1765; x_wconf 83' lang='lat' dir='ltr'><strong>Ut</strong></span> <span class='ocrx_word' id='word_1_98' title='bbox 319 1718 423 1766; x_wconf 78' lang='lat' dir='ltr'><strong>sutem</strong></span> <span class='ocrx_word' id='word_1_99' title='bbox 444 1705 539 1785; x_wconf 83' lang='lat' dir='ltr'><strong>paulo</strong></span> <span class='ocrx_word' id='word_1_100' title='bbox 559 1706 666 1765; x_wconf 87' lang='lat' dir='ltr'><strong>rudius</strong></span> <span class='ocrx_word' id='word_1_101' title='bbox 685 1724 725 1765; x_wconf 86' lang='lat' dir='ltr'><strong>ae</strong></span> <span class='ocrx_word' id='word_1_102' title='bbox 744 1707 880 1785; x_wconf 80' lang='lat' dir='ltr'><strong>spertius</strong></span> <span class='ocrx_word' id='word_1_103' title='bbox 906 1725 973 1766; x_wconf 86' lang='lat' dir='ltr'><strong>rem</strong></span> <span class='ocrx_word' id='word_1_104' title='bbox 993 1704 1098 1784; x_wconf 85' lang='lat' dir='ltr'><strong>expli·</strong></span> 
     </span>
     <span class='ocr_line' id='line_1_17' title="bbox 175 1787 1099 1868; baseline 0.001 -20"><span class='ocrx_word' id='word_1_105' title='bbox 175 1806 292 1864; x_wconf 81' lang='lat' dir='ltr'><strong>oemus,</strong></span> <span class='ocrx_word' id='word_1_106' title='bbox 313 1789 398 1849; x_wconf 83' lang='lat' dir='ltr'><strong>aliud</strong></span> <span class='ocrx_word' id='word_1_107' title='bbox 419 1798 469 1848; x_wconf 90' lang='lat' dir='ltr'><strong>est</strong></span> <span class='ocrx_word' id='word_1_108' title='bbox 488 1798 617 1868; x_wconf 88' lang='lat' dir='ltr'><strong>peeeata</strong></span> <span class='ocrx_word' id='word_1_109' title='bbox 636 1790 804 1865; x_wconf 72' lang='lat' dir='ltr'><strong>remittere,</strong></span> <span class='ocrx_word' id='word_1_110' title='bbox 825 1798 857 1849; x_wconf 90' lang='lat' dir='ltr'><strong>et</strong></span> <span class='ocrx_word' id='word_1_111' title='bbox 876 1787 962 1849; x_wconf 81' lang='lat' dir='ltr'><strong>uliud</strong></span> <span class='ocrx_word' id='word_1_112' title='bbox 984 1790 1099 1849; x_wconf 84' lang='lat' dir='ltr'><strong>eiieere</strong></span> 
     </span>
     <span class='ocr_line' id='line_1_18' title="bbox 175 1870 1101 1953; baseline 0 -20"><span class='ocrx_word' id='word_1_113' title='bbox 175 1871 227 1933; x_wconf 85' lang='lat' dir='ltr'><strong>rel</strong></span> <span class='ocrx_word' id='word_1_114' title='bbox 245 1870 434 1932; x_wconf 84' lang='lat' dir='ltr'><strong>mortifieure</strong></span> <span class='ocrx_word' id='word_1_115' title='bbox 453 1883 595 1953; x_wconf 72' lang='lat' dir='ltr'><strong>pseeatn</strong></span> <span class='ocrx_word' id='word_1_116' title='bbox 617 1871 709 1932; x_wconf 81' lang='lat' dir='ltr'><strong>Fides</strong></span> <span class='ocrx_word' id='word_1_117' title='bbox 721 1880 920 1951; x_wconf 83' lang='lat' dir='ltr'><strong>peoeutorum</strong></span> <span class='ocrx_word' id='word_1_118' title='bbox 943 1874 1101 1933; x_wconf 72' lang='lat' dir='ltr'><strong>remunie</strong></span> 
     </span>
     <span class='ocr_line' id='line_1_19' title="bbox 174 1953 1100 2034; baseline 0 -20"><span class='ocrx_word' id='word_1_119' title='bbox 174 1972 246 2014; x_wconf 86' lang='lat' dir='ltr'><strong>nem</strong></span> <span class='ocrx_word' id='word_1_120' title='bbox 267 1955 421 2034; x_wconf 72' lang='lat' dir='ltr'><strong>impetret,</strong></span> <span class='ocrx_word' id='word_1_121' title='bbox 435 1957 558 2014; x_wconf 84' lang='lat' dir='ltr'><strong>etiamsi</strong></span> <span class='ocrx_word' id='word_1_122' title='bbox 578 1954 717 2015; x_wconf 90' lang='lat' dir='ltr'><strong>nondum</strong></span> <span class='ocrx_word' id='word_1_123' title='bbox 728 1957 793 2015; x_wconf 86' lang='lat' dir='ltr'><strong>sint</strong></span> <span class='ocrx_word' id='word_1_124' title='bbox 803 1953 998 2016; x_wconf 67' lang='lat' dir='ltr'><strong>mortitieata</strong></span> <span class='ocrx_word' id='word_1_125' title='bbox 1018 1954 1100 2015; x_wconf 75' lang='lat' dir='ltr'><strong>ilor-</strong></span> 
     </span>
     <span class='ocr_line' id='line_1_20' title="bbox 173 2035 1100 2118; baseline 0.001 -21"><span class='ocrx_word' id='word_1_126' title='bbox 173 2035 329 2097; x_wconf 76' lang='lat' dir='ltr'><strong>tiderntur</strong></span> <span class='ocrx_word' id='word_1_127' title='bbox 360 2046 464 2098; x_wconf 83' lang='lat' dir='ltr'><strong>sutem</strong></span> <span class='ocrx_word' id='word_1_128' title='bbox 486 2046 617 2118; x_wconf 78' lang='lat' dir='ltr'><strong>peoeatu</strong></span> <span class='ocrx_word' id='word_1_129' title='bbox 647 2048 728 2114; x_wconf 84' lang='lat' dir='ltr'><strong>tum,</strong></span> <span class='ocrx_word' id='word_1_130' title='bbox 762 2057 832 2098; x_wconf 82' lang='lat' dir='ltr'><strong>eum</strong></span> <span class='ocrx_word' id='word_1_131' title='bbox 854 2040 900 2098; x_wconf 86' lang='lat' dir='ltr'><strong>eis</strong></span> <span class='ocrx_word' id='word_1_132' title='bbox 921 2039 1100 2114; x_wconf 87' lang='lat' dir='ltr'><strong>obnitimur,</strong></span> 
     </span>
     <span class='ocr_line' id='line_1_21' title="bbox 173 2121 1099 2201; baseline 0.003 -22"><span class='ocrx_word' id='word_1_133' title='bbox 173 2121 250 2180; x_wconf 84' lang='lat' dir='ltr'><strong>item</strong></span> <span class='ocrx_word' id='word_1_134' title='bbox 270 2138 343 2179; x_wconf 88' lang='lat' dir='ltr'><strong>oum</strong></span> <span class='ocrx_word' id='word_1_135' title='bbox 364 2122 530 2200; x_wconf 75' lang='lat' dir='ltr'><strong>morimur,</strong></span> <span class='ocrx_word' id='word_1_136' title='bbox 570 2132 635 2180; x_wconf 78' lang='lat' dir='ltr'><strong>tuni</strong></span> <span class='ocrx_word' id='word_1_137' title='bbox 671 2123 755 2181; x_wconf 91' lang='lat' dir='ltr'><strong>enim</strong></span> <span class='ocrx_word' id='word_1_138' title='bbox 781 2139 908 2200; x_wconf 87' lang='lat' dir='ltr'><strong>prorsus</strong></span> <span class='ocrx_word' id='word_1_139' title='bbox 935 2127 1099 2201; x_wconf 65' lang='grc' dir='ltr'><strong>ρωωίιιιιι</strong></span> 
     </span>
     <span class='ocr_line' id='line_1_22' title="bbox 173 2203 914 2283; baseline 0.007 -23"><span class='ocrx_word' id='word_1_140' title='bbox 173 2203 288 2279; x_wconf 83' lang='lat' dir='ltr'><strong>interit,</strong></span> <span class='ocrx_word' id='word_1_141' title='bbox 309 2214 381 2262; x_wconf 88' lang='lat' dir='ltr'><strong>sunt</strong></span> <span class='ocrx_word' id='word_1_142' title='bbox 400 2211 503 2262; x_wconf 87' lang='lat' dir='ltr'><strong>autem</strong></span> <span class='ocrx_word' id='word_1_143' title='bbox 526 2204 620 2263; x_wconf 89' lang='lat' dir='ltr'><strong>ambo</strong></span> <span class='ocrx_word' id='word_1_144' title='bbox 642 2204 785 2283; x_wconf 84' lang='lat' dir='ltr'><strong>baptismi</strong></span> <span class='ocrx_word' id='word_1_145' title='bbox 806 2223 914 2283; x_wconf 86' lang='lat' dir='ltr'><strong>opera.</strong></span> 
     </span>
    </p>

    <p class='ocr_par' dir='ltr' id='par_1_6' title="bbox 173 2285 1101 2698">
     <span class='ocr_line' id='line_1_23' title="bbox 258 2285 1098 2366; baseline 0 -21"><span class='ocrx_word' id='word_1_146' title='bbox 258 2285 311 2345; x_wconf 82' lang='lat' dir='ltr'><strong>Sic</strong></span> <span class='ocrx_word' id='word_1_147' title='bbox 331 2286 501 2365; x_wconf 78' lang='lat' dir='ltr'><strong>Apostolus</strong></span> <span class='ocrx_word' id='word_1_148' title='bbox 521 2287 724 2349; x_wconf 81' lang='lat' dir='ltr'><strong>Ebraeis12.</strong></span> <span class='ocrx_word' id='word_1_149' title='bbox 753 2288 877 2363; x_wconf 85' lang='lat' dir='ltr'><strong>ssn&#39;bit,</strong></span> <span class='ocrx_word' id='word_1_150' title='bbox 907 2289 960 2366; x_wconf 88' lang='lat' dir='ltr'><strong>qui</strong></span> <span class='ocrx_word' id='word_1_151' title='bbox 993 2294 1098 2346; x_wconf 81' lang='lat' dir='ltr'><strong>tumen</strong></span> 
     </span>
     <span class='ocr_line' id='line_1_24' title="bbox 173 2368 1099 2450; baseline 0.001 -23"><span class='ocrx_word' id='word_1_152' title='bbox 173 2372 248 2428; x_wconf 77' lang='lat' dir='ltr'><strong>unte</strong></span> <span class='ocrx_word' id='word_1_153' title='bbox 274 2368 419 2448; x_wconf 78' lang='lat' dir='ltr'><strong>baptizati</strong></span> <span class='ocrx_word' id='word_1_154' title='bbox 446 2371 660 2430; x_wconf 88' lang='lat' dir='ltr'><strong>remissionem</strong></span> <span class='ocrx_word' id='word_1_155' title='bbox 693 2378 894 2450; x_wconf 84' lang='lat' dir='ltr'><strong>peeostomm</strong></span> <span class='ocrx_word' id='word_1_156' title='bbox 920 2372 984 2430; x_wconf 89' lang='lat' dir='ltr'><strong>iam</strong></span> <span class='ocrx_word' id='word_1_157' title='bbox 1010 2378 1099 2431; x_wconf 85' lang='lat' dir='ltr'><strong>eraut</strong></span> 
     </span>
     <span class='ocr_line' id='line_1_25' title="bbox 175 2453 1100 2532; baseline 0.002 -22"><span class='ocrx_word' id='word_1_158' title='bbox 175 2453 345 2529; x_wconf 80' lang='lat' dir='ltr'><strong>oonseeuti,</strong></span> <span class='ocrx_word' id='word_1_159' title='bbox 368 2461 402 2512; x_wconf 93' lang='lat' dir='ltr'><strong>ut</strong></span> <span class='ocrx_word' id='word_1_160' title='bbox 421 2461 583 2532; x_wconf 83' lang='lat' dir='ltr'><strong>peeestum</strong></span> <span class='ocrx_word' id='word_1_161' title='bbox 605 2455 756 2513; x_wconf 80' lang='lat' dir='ltr'><strong>tenaciter</strong></span> <span class='ocrx_word' id='word_1_162' title='bbox 766 2456 803 2530; x_wconf 76' lang='lat' dir='ltr'><strong>*J</strong></span> <span class='ocrx_word' id='word_1_163' title='bbox 815 2453 982 2514; x_wconf 71' lang='lat' dir='ltr'><strong>inhaerens</strong></span> <span class='ocrx_word' id='word_1_164' title='bbox 1001 2453 1100 2532; x_wconf 86' lang='lat' dir='ltr'><strong>depo·</strong></span> 
     </span>
     <span class='ocr_line' id='line_1_26' title="bbox 174 2533 1101 2616; baseline 0.002 -23"><span class='ocrx_word' id='word_1_165' title='bbox 174 2540 261 2594; x_wconf 82' lang='lat' dir='ltr'><strong>nant.</strong></span> <span class='ocrx_word' id='word_1_166' title='bbox 303 2533 381 2594; x_wconf 88' lang='lat' dir='ltr'><strong>Tum</strong></span> <span class='ocrx_word' id='word_1_167' title='bbox 404 2538 486 2596; x_wconf 88' lang='lat' dir='ltr'><strong>enim</strong></span> <span class='ocrx_word' id='word_1_168' title='bbox 508 2537 570 2594; x_wconf 82' lang='lat' dir='ltr'><strong>vim</strong></span> <span class='ocrx_word' id='word_1_169' title='bbox 592 2555 680 2596; x_wconf 85' lang='lat' dir='ltr'><strong>suam</strong></span> <span class='ocrx_word' id='word_1_170' title='bbox 700 2535 870 2616; x_wconf 81' lang='lat' dir='ltr'><strong>baptismus</strong></span> <span class='ocrx_word' id='word_1_171' title='bbox 897 2537 1035 2613; x_wconf 88' lang='lat' dir='ltr'><strong>obtinet,</strong></span> <span class='ocrx_word' id='word_1_172' title='bbox 1068 2543 1101 2595; x_wconf 86' lang='lat' dir='ltr'><strong>et</strong></span> 
     </span>
     <span class='ocr_line' id='line_1_27' title="bbox 175 2618 1099 2698; baseline 0.004 -22"><span class='ocrx_word' id='word_1_173' title='bbox 175 2622 261 2697; x_wconf 79' lang='lat' dir='ltr'><strong>eerto</strong></span> <span class='ocrx_word' id='word_1_174' title='bbox 283 2618 358 2678; x_wconf 90' lang='lat' dir='ltr'><strong>mihi</strong></span> <span class='ocrx_word' id='word_1_175' title='bbox 384 2621 515 2679; x_wconf 75' lang='lat' dir='ltr'><strong>remisse</strong></span> <span class='ocrx_word' id='word_1_176' title='bbox 540 2628 613 2678; x_wconf 90' lang='lat' dir='ltr'><strong>sunt</strong></span> <span class='ocrx_word' id='word_1_177' title='bbox 631 2630 783 2698; x_wconf 83' lang='lat' dir='ltr'><strong>peeests,</strong></span> <span class='ocrx_word' id='word_1_178' title='bbox 813 2639 884 2679; x_wconf 88' lang='lat' dir='ltr'><strong>eum</strong></span> <span class='ocrx_word' id='word_1_179' title='bbox 913 2618 1008 2680; x_wconf 87' lang='lat' dir='ltr'><strong>eredo</strong></span> <span class='ocrx_word' id='word_1_180' title='bbox 1028 2618 1099 2680; x_wconf 84' lang='lat' dir='ltr'><strong>Deo</strong></span> 
     </span>
    </p>
   </div>
   <div class='ocr_carea' id='block_1_5' title="bbox 76 2701 1099 2784">
    <p class='ocr_par' dir='ltr' id='par_1_7' title="bbox 76 2701 1099 2784">
     <span class='ocr_line' id='line_1_28' title="bbox 76 2701 1099 2784; baseline 0.004 -26"><span class='ocrx_word' id='word_1_181' title='bbox 76 2752 93 2781; x_wconf 56' lang='lat'><em>4</em></span> <span class='ocrx_word' id='word_1_182' title='bbox 175 2702 377 2779; x_wconf 81' lang='lat' dir='ltr'><strong>promittenti,</strong></span> <span class='ocrx_word' id='word_1_183' title='bbox 399 2701 482 2780; x_wconf 88' lang='lat' dir='ltr'><strong>quod</strong></span> <span class='ocrx_word' id='word_1_184' title='bbox 504 2701 811 2780; x_wconf 71' lang='lat' dir='ltr'><strong>noiitmibipeoeatn</strong></span> <span class='ocrx_word' id='word_1_185' title='bbox 819 2704 981 2784; x_wconf 59' lang='lat' dir='ltr'><strong>imputare</strong></span> <span class='ocrx_word' id='word_1_186' title='bbox 992 2721 1099 2781; x_wconf 77' lang='lat' dir='ltr'><strong>quum-</strong></span> 
     </span>
    </p>
   </div>
   <div class='ocr_carea' id='block_1_6' title="bbox 173 2784 1099 3379">
    <p class='ocr_par' dir='ltr' id='par_1_8' title="bbox 173 2784 1099 3032">
     <span class='ocr_line' id='line_1_29' title="bbox 175 2784 1098 2864; baseline 0.003 -22"><span class='ocrx_word' id='word_1_187' title='bbox 175 2784 222 2842; x_wconf 86' lang='lat' dir='ltr'><strong>vis</strong></span> <span class='ocrx_word' id='word_1_188' title='bbox 242 2787 377 2843; x_wconf 83' lang='lat' dir='ltr'><strong>mnximu</strong></span> <span class='ocrx_word' id='word_1_189' title='bbox 400 2804 506 2844; x_wconf 88' lang='lat' dir='ltr'><strong>eornm</strong></span> <span class='ocrx_word' id='word_1_190' title='bbox 528 2805 600 2864; x_wconf 84' lang='lat' dir='ltr'><strong>pars</strong></span> <span class='ocrx_word' id='word_1_191' title='bbox 621 2785 723 2846; x_wconf 82' lang='lat' dir='ltr'><strong>adbuc</strong></span> <span class='ocrx_word' id='word_1_192' title='bbox 755 2788 786 2845; x_wconf 94' lang='lat' dir='ltr'><strong>in</strong></span> <span class='ocrx_word' id='word_1_193' title='bbox 815 2805 908 2846; x_wconf 85' lang='lat' dir='ltr'><strong>earne</strong></span> <span class='ocrx_word' id='word_1_194' title='bbox 928 2792 1098 2846; x_wconf 71' lang='lat' dir='ltr'><strong>mmaneat</strong></span> 
     </span>
     <span class='ocr_line' id='line_1_30' title="bbox 173 2864 1099 2948; baseline 0.004 -23"><span class='ocrx_word' id='word_1_195' title='bbox 173 2864 261 2925; x_wconf 83' lang='lat' dir='ltr'><strong>lllum</strong></span> <span class='ocrx_word' id='word_1_196' title='bbox 282 2874 387 2927; x_wconf 86' lang='lat' dir='ltr'><strong>autem</strong></span> <span class='ocrx_word' id='word_1_197' title='bbox 408 2867 500 2927; x_wconf 87' lang='lat' dir='ltr'><strong>fidem</strong></span> <span class='ocrx_word' id='word_1_198' title='bbox 522 2870 661 2947; x_wconf 86' lang='lat' dir='ltr'><strong>sequitur</strong></span> <span class='ocrx_word' id='word_1_199' title='bbox 680 2878 878 2948; x_wconf 80' lang='lat' dir='ltr'><strong>peecatorum</strong></span> <span class='ocrx_word' id='word_1_200' title='bbox 890 2867 1099 2947; x_wconf 79' lang='lat' dir='ltr'><strong>mortificatio,</strong></span> 
     </span>
     <span class='ocr_line' id='line_1_31' title="bbox 176 2948 824 3032; baseline 0.008 -25"><span class='ocrx_word' id='word_1_201' title='bbox 176 2966 257 3027; x_wconf 84' lang='lat' dir='ltr'><strong>quae</strong></span> <span class='ocrx_word' id='word_1_202' title='bbox 276 2948 312 3008; x_wconf 83' lang='lat' dir='ltr'><strong>tit</strong></span> <span class='ocrx_word' id='word_1_203' title='bbox 331 2969 389 3030; x_wconf 87' lang='lat' dir='ltr'><strong>per</strong></span> <span class='ocrx_word' id='word_1_204' title='bbox 409 2969 530 3011; x_wconf 78' lang='lat' dir='ltr'><strong>erueem</strong></span> <span class='ocrx_word' id='word_1_205' title='bbox 553 2958 585 3011; x_wconf 91' lang='lat' dir='ltr'><strong>et</strong></span> <span class='ocrx_word' id='word_1_206' title='bbox 605 2971 663 3032; x_wconf 91' lang='lat' dir='ltr'><strong>per</strong></span> <span class='ocrx_word' id='word_1_207' title='bbox 682 2960 824 3013; x_wconf 90' lang='lat' dir='ltr'><strong>mortem.</strong></span> 
     </span>
    </p>

    <p class='ocr_par' dir='ltr' id='par_1_9' title="bbox 173 3033 1099 3364">
     <span class='ocr_line' id='line_1_32' title="bbox 259 3033 1099 3115; baseline 0.005 -23"><span class='ocrx_word' id='word_1_208' title='bbox 259 3033 362 3111; x_wconf 80' lang='lat' dir='ltr'><strong>Atque</strong></span> <span class='ocrx_word' id='word_1_209' title='bbox 383 3035 434 3093; x_wconf 86' lang='lat' dir='ltr'><strong>bie</strong></span> <span class='ocrx_word' id='word_1_210' title='bbox 455 3035 509 3094; x_wconf 89' lang='lat' dir='ltr'><strong>ille</strong></span> <span class='ocrx_word' id='word_1_211' title='bbox 528 3033 601 3094; x_wconf 83' lang='lat' dir='ltr'><strong>fidei</strong></span> <span class='ocrx_word' id='word_1_212' title='bbox 622 3035 768 3095; x_wconf 80' lang='lat' dir='ltr'><strong>articulus</strong></span> <span class='ocrx_word' id='word_1_213' title='bbox 781 3044 838 3113; x_wconf 73' lang='lat' dir='ltr'><strong>est,</strong></span> <span class='ocrx_word' id='word_1_214' title='bbox 859 3054 951 3114; x_wconf 85' lang='lat' dir='ltr'><strong>quem</strong></span> <span class='ocrx_word' id='word_1_215' title='bbox 973 3034 1099 3115; x_wconf 79' lang='lat' dir='ltr'><strong>profite-</strong></span> 
     </span>
     <span class='ocr_line' id='line_1_33' title="bbox 175 3115 1099 3198; baseline 0.005 -25"><span class='ocrx_word' id='word_1_216' title='bbox 175 3133 261 3174; x_wconf 90' lang='lat' dir='ltr'><strong>mur.</strong></span> <span class='ocrx_word' id='word_1_217' title='bbox 285 3115 386 3176; x_wconf 79' lang='lat' dir='ltr'><strong>Oredo</strong></span> <span class='ocrx_word' id='word_1_218' title='bbox 408 3119 440 3176; x_wconf 92' lang='lat' dir='ltr'><strong>in</strong></span> <span class='ocrx_word' id='word_1_219' title='bbox 452 3117 597 3198; x_wconf 85' lang='lat' dir='ltr'><strong>Spiritum</strong></span> <span class='ocrx_word' id='word_1_220' title='bbox 619 3130 769 3196; x_wconf 85' lang='lat' dir='ltr'><strong>sanetum,</strong></span> <span class='ocrx_word' id='word_1_221' title='bbox 790 3120 1005 3180; x_wconf 76' lang='lat' dir='ltr'><strong>remissionem</strong></span> <span class='ocrx_word' id='word_1_222' title='bbox 1026 3137 1099 3198; x_wconf 71' lang='lat' dir='ltr'><strong>pes</strong></span> 
     </span>
     <span class='ocr_line' id='line_1_34' title="bbox 173 3199 1098 3282; baseline 0.004 -24"><span class='ocrx_word' id='word_1_223' title='bbox 173 3204 311 3258; x_wconf 83' lang='lat' dir='ltr'><strong>eatorum</strong></span> <span class='ocrx_word' id='word_1_224' title='bbox 333 3206 392 3262; x_wconf 87' lang='lat' dir='ltr'><strong>ete</strong></span> <span class='ocrx_word' id='word_1_225' title='bbox 434 3199 553 3260; x_wconf 80' lang='lat' dir='ltr'><strong>Alludit</strong></span> <span class='ocrx_word' id='word_1_226' title='bbox 573 3203 655 3261; x_wconf 90' lang='lat' dir='ltr'><strong>enim</strong></span> <span class='ocrx_word' id='word_1_227' title='bbox 675 3202 716 3260; x_wconf 86' lang='lat' dir='ltr'><strong>ad</strong></span> <span class='ocrx_word' id='word_1_228' title='bbox 738 3201 947 3282; x_wconf 83' lang='lat' dir='ltr'><strong>baptismum,</strong></span> <span class='ocrx_word' id='word_1_229' title='bbox 974 3203 1007 3261; x_wconf 88' lang='lat' dir='ltr'><strong>in</strong></span> <span class='ocrx_word' id='word_1_230' title='bbox 1034 3218 1098 3281; x_wconf 87' lang='lat' dir='ltr'><strong>quo</strong></span> 
     </span>
     <span class='ocr_line' id='line_1_35' title="bbox 174 3283 1098 3379; baseline 0.006 -39"><span class='ocrx_word' id='word_1_231' title='bbox 174 3283 369 3342; x_wconf 84' lang='lat' dir='ltr'><strong>remittuntur</strong></span> <span class='ocrx_word' id='word_1_232' title='bbox 389 3294 529 3379; x_wconf 75' lang='lat' dir='ltr'><strong>peecata,</strong></span> <span class='ocrx_word' id='word_1_233' title='bbox 551 3288 679 3364; x_wconf 90' lang='lat' dir='ltr'><strong>propter</strong></span> <span class='ocrx_word' id='word_1_234' title='bbox 698 3285 808 3345; x_wconf 70' lang='lat' dir='ltr'><strong>foedus</strong></span> <span class='ocrx_word' id='word_1_235' title='bbox 827 3285 914 3362; x_wconf 82' lang='lat' dir='ltr'><strong>illud,</strong></span> <span class='ocrx_word' id='word_1_236' title='bbox 936 3284 1022 3363; x_wconf 88' lang='lat' dir='ltr'><strong>quod</strong></span> <span class='ocrx_word' id='word_1_237' title='bbox 1042 3303 1098 3346; x_wconf 79' lang='lat' dir='ltr'><strong>uo</strong></span> 
     </span>
    </p>
   </div>
   <div class='ocr_carea' id='block_1_7' title="bbox 174 3362 1098 3512">
    <p class='ocr_par' dir='ltr' id='par_1_10' title="bbox 174 3362 1098 3510">
     <span class='ocr_line' id='line_1_36' title="bbox 174 3362 1098 3448; baseline 0.006 -24"><span class='ocrx_word' id='word_1_238' title='bbox 174 3362 292 3424; x_wconf 79' lang='lat' dir='ltr'><strong>bissum</strong></span> <span class='ocrx_word' id='word_1_239' title='bbox 313 3367 415 3426; x_wconf 84' lang='lat' dir='ltr'><strong>iunxit</strong></span> <span class='ocrx_word' id='word_1_240' title='bbox 436 3368 529 3428; x_wconf 88' lang='lat' dir='ltr'><strong>Dens.</strong></span> <span class='ocrx_word' id='word_1_241' title='bbox 559 3367 643 3427; x_wconf 78' lang='lat' dir='ltr'><strong>Nihil</strong></span> <span class='ocrx_word' id='word_1_242' title='bbox 664 3388 741 3448; x_wconf 83' lang='lat' dir='ltr'><strong>ergo</strong></span> <span class='ocrx_word' id='word_1_243' title='bbox 763 3370 803 3429; x_wconf 86' lang='lat' dir='ltr'><strong>de</strong></span> <span class='ocrx_word' id='word_1_244' title='bbox 823 3371 1007 3429; x_wconf 82' lang='lat' dir='ltr'><strong>remissione</strong></span> <span class='ocrx_word' id='word_1_245' title='bbox 1028 3387 1098 3448; x_wconf 76' lang='lat' dir='ltr'><strong>pee</strong></span> 
     </span>
     <span class='ocr_line' id='line_1_37' title="bbox 174 3448 552 3512; baseline -0.003 -3"><span class='ocrx_word' id='word_1_246' title='bbox 174 3455 313 3509; x_wconf 68' lang='lat' dir='ltr'><strong>uturum</strong></span> <span class='ocrx_word' id='word_1_247' title='bbox 334 3448 552 3512; x_wconf 87' lang='lat' dir='ltr'><strong>dubitabimus.</strong></span> 
     </span>
    </p>
   </div>
   <div class='ocr_carea' id='block_1_8' title="bbox 257 3532 1099 3615">
    <p class='ocr_par' dir='ltr' id='par_1_11' title="bbox 257 3532 1099 3615">
     <span class='ocr_line' id='line_1_38' title="bbox 257 3532 1099 3615; baseline 0.004 -22"><span class='ocrx_word' id='word_1_248' title='bbox 257 3532 355 3594; x_wconf 77' lang='lat' dir='ltr'><strong>Sexto</strong></span> <span class='ocrx_word' id='word_1_249' title='bbox 360 3533 521 3611; x_wconf 65' lang='lat' dir='ltr'><strong>dommo,</strong></span> <span class='ocrx_word' id='word_1_250' title='bbox 546 3536 608 3594; x_wconf 88' lang='lat' dir='ltr'><strong>iam</strong></span> <span class='ocrx_word' id='word_1_251' title='bbox 634 3537 727 3615; x_wconf 82' lang='lat' dir='ltr'><strong>igitur</strong></span> <span class='ocrx_word' id='word_1_252' title='bbox 755 3537 817 3596; x_wconf 85' lang='lat' dir='ltr'><strong>boo</strong></span> <span class='ocrx_word' id='word_1_253' title='bbox 847 3555 973 3615; x_wconf 85' lang='lat' dir='ltr'><strong>quoque</strong></span> <span class='ocrx_word' id='word_1_254' title='bbox 999 3535 1099 3614; x_wconf 78' lang='lat' dir='ltr'><strong>vides,</strong></span> 
     </span>
    </p>
   </div>
   <div class='ocr_carea' id='block_1_9' title="bbox 208 3793 723 3860">
    <p class='ocr_par' dir='ltr' id='par_1_12' title="bbox 208 3793 723 3860">
     <span class='ocr_line' id='line_1_39' title="bbox 208 3793 723 3860; baseline -0.004 -14"><span class='ocrx_word' id='word_1_255' title='bbox 208 3793 242 3860; x_wconf 82' lang='lat'><strong>⁸)</strong></span> <span class='ocrx_word' id='word_1_256' title='bbox 260 3793 290 3846; x_wconf 85' lang='lat' dir='ltr'><strong>tn</strong></span> <span class='ocrx_word' id='word_1_257' title='bbox 308 3793 447 3850; x_wconf 67' lang='lat' dir='ltr'><strong>011.sz</strong></span> <span class='ocrx_word' id='word_1_258' title='bbox 467 3795 612 3847; x_wconf 77' lang='lat' dir='ltr'><strong>ranaeitar.</strong></span> <span class='ocrx_word' id='word_1_259' title='bbox 718 3838 723 3844; x_wconf 94' lang='lat'>.</span> 
     </span>
    </p>
   </div>
   <div class='ocr_carea' id='block_1_10' title="bbox 0 0 1179 4208">
    <p class='ocr_par' dir='ltr' id='par_1_13' title="bbox 0 0 1179 4208">
     <span class='ocr_line' id='line_1_40' title="bbox 0 0 1179 4208; baseline 0 0"><span class='ocrx_word' id='word_1_260' title='bbox 0 0 1179 4208; x_wconf 95' lang='lat' dir='ltr'><strong> </strong></span> 
     </span>
    </p>
   </div>
  </div>
 </body>
</html>
