2346 4208
332 276 402 332 ιιιι.
421 276 456 331 aa
472 279 607 346 postas
626 275 724 344 rapo.
936 268 998 339 365

77 472 299 545 cognosceret,
332 483 391 525 uec
412 465 600 545 ignorantia,
633 460 688 522 scd
717 460 755 521 de
784 458 933 520 industria
954 459 1000 519 sic

76 548 212 609 locutum
234 549 344 626 fuisse,
367 547 472 626 simul,
504 554 537 607 ut
552 544 583 630 ¹)
614 544 782 604 insidiosae
810 550 842 602 et
862 541 999 603 adolato-

75 632 141 692 riae
164 632 368 712 propositioni
390 631 476 690 Eccii
498 649 554 710 per
575 630 680 690 omnia
703 646 759 708 par
782 623 979 707 referrem2).

160 714 219 789 Qui
246 735 314 775 cum
344 714 561 792 adstruxisset,
594 719 666 772 ante
694 719 835 790 tempora
861 708 1000 770 Silvestri

78 798 249 859 Romanam
273 799 435 858 ecclesiam
458 797 552 856 tuisse
574 795 643 855 aliis
665 794 865 874 superiorem,
887 798 919 853 et
940 809 1000 872 ego

78 882 344 962 persuasissimum
356 880 513 962 haberem,
536 879 661 939 Eccium
684 896 747 938 nou
771 894 839 936 esse
862 883 924 936 tam
946 875 1010 934 im·-

78 962 255 1045 pudeutem,
278 973 311 1026 ιιι
332 963 455 1046 publice
478 963 672 1040 mentiretur,
694 978 754 1020 nec
774 966 835 1020 tam
859 961 999 1040 ignarum

77 1047 288 1125 historiarum,
318 1056 352 1107 ut
379 1047 458 1107 haec
484 1064 559 1106 vera
580 1043 735 1123 crederet,
757 1043 883 1103 insidias
905 1043 1002 1121 suspi-

79 1138 165 1190 catus
189 1149 273 1208 sum,
297 1138 330 1191 ut
351 1131 402 1210 qui
426 1123 543 1208 more'm
566 1127 771 1208 sophistarum
796 1133 828 1186 et
849 1125 1008 1186 lubricita-¹

79 1221 158 1274 tates
185 1216 314 1274 istorum
344 1214 525 1274 Protcorum
560 1210 657 1292 probe
683 1210 839 1270 callerem.
888 1207 947 1283 Qui
974 1210 1000 1269 si

80 1295 196 1377 volent,
217 1297 328 1358 falsum
349 1297 464 1357 facient
483 1314 605 1372 rerum,
644 1302 675 1354 et
702 1312 807 1353 verum
831 1299 949 1352 mutent
968 1293 1010 1352 iu¹

79 1380 201 1458 falsum,
222 1399 291 1440 cum
316 1381 435 1440 interim
458 1381 489 1438 in
513 1379 581 1437 aliis
603 1395 673 1438 eum
696 1375 844 1455 loquendi
866 1377 1000 1457 rigorem

80 1467 222 1546 exigant,
256 1470 291 1523 ut
324 1481 384 1522 nac
415 1462 509 1522 verba
540 1461 598 1521 Dei
632 1466 698 1520 tuta
721 1477 825 1520 coram
856 1461 901 1519 eis
929 1461 999 1522 sint.

79 1546 216 1609 Ptoinde
254 1547 337 1607 volui
369 1547 601 1623 animosiorcm,
635 1562 672 1603 ac
693 1551 765 1603 ante
793 1542 874 1603 diem
896 1544 1000 1604 trium-
1048 1597 1051 1603 .

80 1630 278 1711 phabundum
300 1628 446 1707 reddere,
475 1629 642 1708 sicutipse
664 1645 714 1687 me
735 1625 1002 1687 formidabunduus

81 1716 165 1774 nisus
188 1721 236 1773 est
256 1713 368 1775 facere.

164 1795 240 1856 (lum
264 1814 338 1876 ergo
361 1795 434 1856 mihi
457 1796 531 1854 satis
554 1813 624 1854 esse
640 1794 783 1874 potuerit,
806 1792 1001 1874 quodflcrip-

80 1889 167 1941 turae
195 1886 323 1940 sanctae
350 1879 497 1938 autoritas
520 1896 641 1938 mecum
666 1883 729 1956 est,
762 1894 823 1956 qua
855 1876 1002 1956 probatur
1031 1943 1037 1954 ,

37 2032 41 2045 γ
79 1965 227 2044 primatus
250 1962 478 2022 ecclesiasticus
500 1962 565 2021 iure
588 1960 693 2020 divino
716 1960 817 2020 nullus
840 1979 925 2038 esse,
957 1967 1002 2020 ta·

81 2064 166 2125 men,
196 2066 236 2106 ne
271 2045 355 2105 solus
384 2051 416 2105 et
443 2044 527 2104 solas
550 2043 720 2124 Scripturas
748 2045 863 2104 iactare
886 2041 1001 2124 videar,

79 2131 143 2190 iam>
164 2136 195 2189 et
216 2130 345 2189 aliorum
369 2129 537 2187 sententias
552 2127 711 2187 audiamus
735 2145 803 2186 cum
822 2126 1001 2191 rationibus.

164 2213 281 2272 Primus
305 2220 351 2271 est
373 2212 409 2272 D.
424 2211 629 2291 Hieronymus
651 2212 683 2270 in
705 2210 846 2290 Epistola
868 2210 907 2270 ad
926 2211 1003 2272 Eva·

80 2298 190 2376 grium,
214 2299 258 2355 sic
279 2295 431 2355 scribens:
455 2294 597 2373 Legimus
619 2295 650 2352 in
669 2296 760 2353 lsais:
784 2293 896 2354 Fatuus
919 2296 1003 2356 fatua

82 2380 225 2458 loquitur.
270 2377 371 2439 Audio
403 2377 554 2456 quendam
584 2379 616 2436 in
644 2384 762 2437 tantam
789 2381 926 2457 erupisse
954 2398 1004 2438 ve-

82 2461 229 2538 cordiam,
253 2470 284 2520 ut
306 2461 452 2522 diacones
462 2459 493 2542 ⁴)
518 2460 705 2540 presbyteris
727 2460 886 2522 anteferat.
923 2462 1001 2522 Nam

82 2565 150 2605 cum
163 2545 335 2626 Apostolus
358 2546 520 2625 perspicue
540 2543 661 2621 doceat,
684 2543 810 2605 eosdem
834 2563 903 2605 esse
918 2565 1002 2625 pres-

83 2628 219 2709 byteros,
243 2647 320 2707 quos
343 2631 518 2708 episcopos,
541 2628 613 2706 quid
635 2625 809 2707 patiatur³t
828 2647 1002 2688 mensarum

82 2718 113 2771 et
136 2711 295 2772 viduarum
320 2714 472 2789 minister,
507 2719 539 2770 ut
560 2730 652 2791 super
675 2729 729 2771 eos
752 2710 884 2770 tumidus
907 2731 941 2771 se
964 2712 1003 2772 ef·

81 2796 175 2873 ferat,
205 2795 394 2874 adquorum
420 2815 527 2874 preces
550 2813 662 2873 corpus
692 2803 722 2854 et
743 2796 868 2874 sanguis
892 2794 1003 2855 Christi

83 2877 262 2939 conficitur?
285 2878 414 2953 Quaeris
436 2876 653 2938 autoritatem?
675 2876 756 2936 Audi
779 2879 1002 2939 testimonium:

82 2960 239 3044 Paulus*)
265 2970 295 3021 ει
315 2961 494 3021 Timotheus
517 2961 596 3020 servi
617 2960 687 3020 Iesu
710 2961 838 3043 Christi,
861 2961 1003 3025 omuibus

83 3046 220 3188 Sppctip,
243 3046 294 3122 qui
317 3051 388 3104 sunt
409 3044 557 3124 Philippis
579 3063 647 3104 cum
672 3045 826 3125 episcopis
849 3052 880 3105 et
902 3039 1007 3106 diaco?

82 3149 113 3188 ιιι
136 3147 171 3188 us
221 3177 226 3191 .

170 3135 224 3271 vil
259 3218 291 3270 et
321 3210 404 3270 aliud
438 3211 636 3291 exemplum?
680 3213 711 3270 ln
745 3212 814 3276 Act.
848 3214 1004 3292 apostolo·

83 3295 215 3372 rum**)
257 3292 297 3353 ad
320 3296 408 3353 unius
432 3294 584 3355 ecclesiae
612 3294 790 3356 sacerdotes
818 3297 862 3356 ita
891 3296 1002 3358 Paulus
1040 3330 1043 3338 ·

85 3379 235 3457 loquitur:
259 3376 418 3438 Attendite
440 3377 528 3437 vobis
551 3385 582 3438 et
603 3379 747 3438 universo
769 3381 866 3460 gregi,
888 3381 919 3440 in
942 3398 1003 3459 quo

159 3597 185 3660 1)
205 3595 237 3647 In
256 3595 298 3647 ed.
314 3597 417 3661 priore:
431 3597 513 3663 quod.
536 3596 568 3655 2)
590 3595 708 3649 Ibidem:
728 3611 780 3664 par
797 3599 900 3650 reterre
920 3599 1004 3651 volui.

85 3667 113 3750 3)
133 3666 256 3751 Ibidem:
284 3670 395 3734 patitur.
432 3668 462 3731 4)
483 3668 514 3719 In
544 3667 590 3723 ed.
612 3669 671 3721 deu.
699 3675 726 3719 et
744 3669 832 3724 Witt:
862 3669 1004 3725 diaconos.

84 3737 324 3878 d¹⁸⁰⁰2l¹⁸r3mupp
347 3811 371 3865 1.
405 3811 454 3876 rr)
474 3810 599 3868 Actae.
