2346 4208
466 275 626 331 a-llotoriis
643 282 769 345 excepta.
1022 270 1063 338 25

143 466 225 527 Ecoii
249 465 423 546 amplector
446 473 479 526 et
500 484 622 548 sequor.
664 466 733 529 Hoc
749 486 840 527 unum
865 465 957 543 addo,
981 464 1063 545 quod

144 567 197 630 pro
227 550 400 609 reverentia
423 551 534 610 summi
556 550 712 613 Pontiflois
743 558 774 612 et
794 548 884 611 Rom.
914 550 1065 614 ecelesiae

146 631 243 692 libens
267 631 350 691 hano
372 634 544 711 materiam,
566 653 628 695 non
651 635 857 699 necessariam
873 640 904 695 et
925 635 1000 695 mire
1022 635 1064 695 in·

146 715 297 776 vidiosam
330 717 623 795 praetermisissem,
657 719 714 779 nisi
742 736 797 799 per
819 719 1064 800 propositionem

146 799 260 880 egregii
292 798 351 859 Do.
374 799 411 862 D.
440 799 592 861 iohannis
608 801 705 863 ‘Ileoii
737 803 768 861 in
798 819 866 862 eam
892 807 1063 882 pertractus

62 940 66 949 ,
146 882 280 942 fuissem.
325 881 427 943 Doleo
460 884 550 944 etiam
575 896 630 945 eos
658 904 721 946 non
745 884 868 965 adesse,
903 904 982 965 quos
1002 902 1065 961 ma·

146 965 227 1026 xime
250 965 398 1047 oportuit,
415 967 554 1046 quicum
578 974 610 1028 et
621 968 764 1048 privatim
788 974 818 1028 et
838 967 962 1049 publice
975 968 1065 1031 toties
1140 966 1150 971 “

146 1048 334 1109 mecrimine
357 1047 528 1111 haereseos
543 1050 753 1131 profanarum,
776 1069 859 1111 nune
881 1070 949 1113 cum
972 1052 1066 1112 instet

146 1132 284 1212 cognitio
308 1149 439 1211 causae,
462 1153 495 1194 se
517 1133 749 1213 subtraxerunt,
772 1134 947 1195 haereticae
969 1135 1066 1215 praui·

147 1217 216 1275 tatis
238 1214 441 1294 inquisitores
471 1215 560 1292 dico,
595 1218 646 1297 qui
678 1217 843 1279 fraternam
864 1217 1066 1289 monitionem

147 1304 177 1358 et
198 1297 371 1359 doctrinam
394 1305 637 1381 postposuerunt
657 1298 919 1407 criminationibup
944 1301 1015 1361 suis.

147 1471 353 1482 -Q--a

146 1543 333 1612 disputatione
354 1538 538 1593 Carolostadii
563 1547 589 1592 at
608 1541 681 1592 Eccii
702 1540 745 1594 die
773 1541 873 1592 xxvii
890 1539 967 1594 Junii
998 1541 1069 1592 hora

82 1666 89 1682 ,
146 1615 269 1668 secunda
287 1616 327 1667 ita
346 1613 455 1683 prolata
474 1611 576 1663 ibidem
597 1612 712 1681 legitur:

195 1721 226 1789 l)
248 1716 1066 1788 Protastatiocarolostadiiperrespondentam

482 1789 551 1842 sibi
572 1805 589 1841 a
607 1790 728 1842 latere.

218 1900 312 1951 Primo
332 1895 399 1948 illud
421 1900 555 1948 testamur
583 1903 609 1949 et
628 1897 729 1964 ubique
749 1902 878 1949 testatum
907 1913 967 1950 esse
994 1896 1069 1951 volu·

148 1987 225 2037 mus,
256 1984 393 2037 nusquam
414 1967 449 2020 ob
477 1966 593 2020 ecclesia
613 1968 751 2022 catholice
777 1967 810 2019 ad
842 1968 926 2021 latum
950 1968 1067 2038 digitum

145 2058 193 2096 nos
223 2041 295 2095 velle
320 2039 479 2104 discedere,
502 2038 574 2106 quod
596 2042 620 2092 si
639 2039 775 2093 eiusmodi
797 2041 861 2108 quid
883 2039 1069 2109 deprehenda-

148 2122 191 2165 tur
211 2129 268 2166 non
290 2111 383 2164 dedita
401 2126 501 2178 opera,
522 2111 569 2162 sed
591 2113 711 2167 humanu
730 2114 840 2163 inscitia
859 2112 993 2180 elapsum,
1012 2114 1068 2163 iam

150 2203 222 2237 nunc
243 2201 295 2253 pro
315 2183 571 2235 recautatohabere
591 2184 728 2235 volumus.
765 2184 822 2235 Nec
841 2186 1011 2236 eruditorum
1031 2185 1070 2234 iu-

148 2258 220 2317 dicio
233 2258 386 2326 praeimus,
406 2269 457 2306 nec
467 2254 638 2322 publicarum
652 2256 810 2307 scholarum
828 2258 984 2308 auctoritati
994 2270 1070 2321 prae-

147 2330 310 2380 iudicamus.
334 2328 443 2378 Maneat
461 2326 599 2377 incolume
620 2343 699 2378 suum
716 2330 815 2392 cuique
834 2329 974 2392 iudicium,
995 2327 1071 2377 dum·

149 2401 230 2454 nrodo
244 2403 461 2467 scripturasnou
486 2413 534 2466 pcr
547 2398 686 2459 nebulam,
709 2398 756 2450 scd
778 2415 812 2450 ex
832 2401 942 2467 integro
964 2405 1068 2449 tractat.

149 2475 236 2524 Sacris
255 2478 347 2522 autem
369 2471 513 2537 scripturis
533 2469 606 2520 hunc
624 2470 761 2522 honorem
783 2470 976 2538 impendimus,
996 2468 1069 2538 quod

150 2544 218 2595 nihil
239 2546 300 2595 sins
319 2544 352 2593 ils
372 2546 419 2592 aut
433 2556 556 2593 asserere
576 2544 755 2608 autrecipere
768 2543 906 2609 volumus,
924 2544 952 2593 in
973 2542 1070 2593 ceteris

81 2633 85 2640 ·
148 2621 251 2680 antem,
272 2629 343 2682 qnae
363 2629 418 2663 non
437 2612 540 2680 liquide
561 2613 624 2664 hine
644 2613 736 2665 doceri
755 2620 882 2681 possunt,
902 2613 968 2665 solis
986 2612 1069 2664 eccle-

149 2690 254 2739 siaticis
267 2690 371 2754 primes
384 2684 491 2747 damus,
512 2701 562 2736 nec
579 2686 613 2736 ab
632 2687 666 2735 iis
680 2685 856 2748 discedimus,
877 2701 947 2751 qnae
968 2689 995 2735 in
1017 2685 1070 2750 epi·

149 2759 221 2828 stola
235 2759 269 2809 ad
284 2760 312 2810 l).
326 2757 447 2819 Eccium,
467 2766 605 2823 quaeest:
626 2756 684 2808 Nisi
703 2759 907 2808 sanctissimum
919 2759 946 2806 in
959 2755 1069 2811 Christo

149 2842 271 2897 patrem,
292 2830 383 2880 testati
415 2844 524 2893 sumus,
554 2827 600 2879 sed
622 2844 654 2880 eo
674 2845 746 2879 nunc
776 2845 883 2895 quoque
903 2828 1017 2895 perinde
1040 2836 1069 2876 ut

150 2909 232 2953 antea
252 2907 395 2953 testamur.

432 2971 657 3022 Protestatio
679 2971 782 3021 Eorii.

150 3043 291 3094 luvocavit
310 3041 453 3093 auxilium.

222 3115 363 3164 Protestor
382 3128 433 3179 pro
453 3112 629 3178 simplicitate
647 3111 817 3178 theologica:
838 3111 908 3160 sicut
926 3109 979 3159 hoc
999 3123 1069 3159 onus

153 3185 187 3237 ad
208 3184 318 3236 laudem
340 3185 393 3245 dei,
413 3184 545 3236 ecclesiae
564 3183 709 3245 honorem,
729 3184 883 3232 animarum
906 3180 1023 3231 salutem
1044 3186 1071 3228 at

149 3257 182 3306 ad
205 3258 328 3308 veritatis
349 3255 575 3307 dilucidationem
602 3256 725 3320 suscepi,
755 3256 794 3303 ito
814 3267 869 3302 non
896 3256 937 3302 est
962 3252 1071 3300 animus

151 3328 216 3379 mihi
237 3325 388 3394 quidquam
410 3325 501 3379 dicere
518 3326 559 3377 rel
578 3342 713 3385 asserere,
733 3323 806 3392 quod
828 3322 869 3374 rel
890 3337 985 3373 sacrae
1005 3322 1071 3385 srip-

151 3407 227 3449 turae
256 3398 297 3449 rel
326 3403 435 3450 sanctae
465 3399 545 3448 matri
575 3397 707 3448 ecclesiae
731 3400 804 3447 esset
830 3393 984 3445 advorsum.
1024 3392 1071 3440 Pa-

150 3476 224 3522 ratus
242 3469 341 3537 corrigi
364 3475 389 3520 et
402 3469 543 3522 emendari
563 3485 579 3519 a
600 3469 664 3520 sede
676 3467 829 3535 apostolica
849 3472 876 3516 et
887 3465 921 3516 ab
940 3465 984 3526 iis,
1006 3477 1072 3529 quo·

150 3558 210 3593 rum
231 3541 333 3594 iudicio
355 3542 427 3593 hanc
446 3548 570 3593 nostram
594 3540 838 3606 disceptationem,
857 3539 936 3586 iuxta
955 3549 1073 3586 conven-

151 3616 255 3666 tionem
275 3614 334 3665 heri
354 3615 472 3680 factam,
492 3629 587 3664 sumus
607 3612 773 3663 subiecturi:
803 3609 837 3660 de
857 3623 911 3674 quo
932 3612 1073 3674 protestor

153 3693 293 3754 utsupra.
