2346 4208
161 273 227 341 460
405 278 451 333 vl.
471 275 577 333 (tonoio
595 277 743 345 Quomodo
761 279 799 340 eit

166 464 330 542 (honest,
359 467 391 526 in
419 464 509 526 vobis
538 466 628 526 etium
652 466 743 546 ipsis)
769 465 966 527 afflietionem
988 463 1081 526 hebe-

164 547 244 626 bitis,
266 550 296 609 in
320 569 369 609 me
391 556 494 610 eutem
515 568 633 630 ponem.

245 631 434 710 Undecimo,
462 634 506 693 eie
534 633 652 711 peceati
681 652 804 712 quoque
831 632 925 694 fuoiee
948 650 1011 692 non
1035 637 1083 693 eet

162 715 232 776 tolio
254 715 459 796 eonoipiendo
479 717 598 791 animo,
622 717 719 796 quolie
741 722 795 776 eut
815 721 864 777 eet
885 734 939 794 per
961 735 1006 791 ee,
1029 720 1083 776 out

163 798 366 861 emendetur
386 800 418 858 in
429 801 476 879 iis,
498 801 560 878 qui,
582 819 650 859 oum
673 818 736 861 non
754 798 955 860 emendarent
976 799 1082 876 vitum,

161 882 194 941 in
215 883 352 962 peoootie
374 883 437 943 euin
458 884 623 962 perierunt.
656 883 735 944 Nam
758 883 784 943 ei
801 881 837 941 ‘id
850 880 922 958 ,flat
944 881 1082 962 perimus

163 971 195 1026 et
214 984 281 1024 noe.
324 964 518 1026 Avertendue
541 972 587 1025 eet
607 967 726 1025 animun
748 985 767 1025 a
787 970 987 1046 peecatorum
1009 981 1082 1026 oon-

163 1055 287 1128 epeetu,
320 1056 351 1109 et
381 1047 537 1129 defigendi
565 1055 636 1108 eunt
664 1049 745 1110 oouli
766 1050 798 1108 in
820 1049 966 1129 gretiam,
998 1047 1081 1108 illino

161 1132 326 1212 imaginem
349 1138 381 1192 et
401 1133 531 1193 formam
552 1133 657 1192 animo
680 1131 846 1192 obversore
862 1130 985 1191 oeeiduo
1009 1149 1081 1192 oon·

162 1215 257 1275 venit.

243 1296 340 1358 Porro
373 1299 476 1378 imogo
505 1298 623 1379 gratiae
649 1304 697 1358 eet
718 1296 855 1358 Christus
888 1295 1028 1376 pendens
1049 1297 1081 1357 in

162 1399 268 1454 omee,
301 1381 374 1440 item
405 1400 511 1441 omnes
539 1380 642 1442 Sonoti
674 1399 731 1459 per
757 1379 998 1440 minerioordium
1020 1398 1081 1440 eer-

161 1465 234 1524 νοῇ.
277 1461 310 1522 ld
333 1463 416 1542 quod
445 1464 490 1523 eie
512 1470 559 1524 eet
578 1462 807 1544 oooipiendum:
846 1463 893 1523 Ee
915 1468 963 1524 est
982 1463 1083 1545 motio

161 1551 193 1606 et
213 1546 433 1619 misericordie,
457 1546 538 1626 quod
562 1546 699 1608 Christus
722 1547 804 1607 oruoi
814 1546 931 1690 pffixue
952 1551 1083 1626 peeoeto

160 1635 213 1691 tuo
228 1630 260 1688 in
282 1649 316 1690 se
336 1631 456 1710 recipit,
477 1630 559 1691 tollit
581 1649 628 1708 eu,
652 1636 683 1690 et
704 1649 812 1708 proreu
850 1628 966 1692 abolet.
989 1626 1081 1703 Quod

162 1713 188 1771 ei
209 1711 318 1773 oreduo
349 1714 423 1790 into,
456 1719 487 1773 et
518 1712 635 1794 defiges
662 1714 693 1773 in
724 1710 903 1773 erueifixnm
926 1711 1080 1772 Christum

161 1795 284 1872 oeulos,
312 1796 387 1856 nihil
411 1794 569 1871 dubitans,
598 1797 670 1875 quin
693 1797 798 1856 omnio
821 1801 873 1855 tue
893 1800 1022 1875 peoente
1043 1795 1081 1855 ei-

160 1878 223 1938 mul
247 1880 328 1938 ornei
350 1881 411 1939 sint
432 1877 525 1938 affixo
547 1887 578 1940 et
599 1878 729 1956 subluto,
750 1878 782 1938 id
804 1877 927 1939 tandem
945 1884 994 1938 eet
1013 1897 1080 1958 gro-

160 1963 223 2022 tioe
244 1962 353 2022 faeiem
376 1969 408 2022 et
427 1962 592 2041 imaginem
616 1967 755 2041 speeture
777 1980 815 2022 oo
835 1961 957 2022 intueri.

242 2044 368 2105 Gratiae
389 2063 513 2123 quoque
540 2047 644 2125 imago
666 2047 697 2105 in
720 2044 840 2106 Sonetie
853 2053 924 2123 eet,
953 2044 1005 2122 qui
1028 2064 1083 2123 per

161 2126 399 2187 misericordiam
422 2128 536 2188 servati
569 2146 690 2188 oruoem
719 2147 757 2188 oo
784 2135 913 2189 mortem
937 2126 1081 2203 tolerent,

160 2216 230 2270 tuoe
251 2209 373 2270 labores
405 2216 435 2270 et
463 2211 651 2271 tentationes
683 2218 752 2272 tuus
780 2230 851 2271 euos
874 2229 943 2271 eeoe
962 2215 1082 2289 putent

161 2293 240 2352 siout
261 2292 335 2353 dmit
356 2293 467 2352 Poulue
489 2293 558 2354 Gal.
580 2297 616 2358 6:
638 2292 726 2354 Alter
747 2294 871 2354 ulterius
894 2311 992 2354 onero
1012 2312 1081 2372 por·

159 2380 238 2445 tote,
272 2382 303 2436 et
332 2377 377 2435 eio
406 2377 560 2457 complete
583 2378 684 2457 legem
706 2376 825 2436 christi.
870 2376 920 2436 sie
942 2375 1082 2437 Christus

160 2476 284 2537 quoque
305 2458 411 2519 Matth.
434 2463 487 2522 11:
512 2461 623 2520 Venite
646 2460 684 2521 od
708 2479 757 2519 me
779 2479 899 2538 omnes,
922 2461 973 2539 qui
996 2458 1081 2521 labo-

158 2541 233 2601 rotie
254 2551 286 2601 et
307 2544 425 2603 onerati
448 2544 531 2620 estis,
554 2551 585 2603 et
606 2561 666 2622 ego
687 2541 822 2604 refieiom
844 2562 910 2604 voe.
941 2542 993 2603 Sin
1013 2549 1082 2604 tuto

160 2629 193 2685 et
224 2625 291 2684 eine
322 2624 424 2704 aliquo
457 2620 593 2706 periculo
624 2644 787 2704 possumne
817 2631 946 2705 peoonto
974 2632 1082 2686 nostro

158 2708 278 2784 intueri,
300 2709 393 2769 etium
415 2710 482 2769 sine
504 2708 567 2770 ullo
578 2709 788 2769 eonscientiae
809 2715 934 2769 nostroe
952 2715 1080 2770 terrore.

159 2790 210 2851 Sio
239 2798 368 2869 peooeto
399 2811 461 2852 non
492 2798 563 2852 eunt
591 2792 725 2872 emplius
753 2798 900 2871 peceato,
932 2791 1081 2851 sedeunt

158 2892 213 2953 per
235 2873 388 2934 Christum
412 2874 534 2934 devioto
556 2880 586 2934 et
608 2874 765 2954 absorpto.

242 2956 507 3032 Quemadmodum
532 2959 612 3018 enim
631 2958 769 3019 Christus
790 2964 872 3018 tuom
896 2962 1026 3017 mortem
1049 2959 1080 3017 in

160 3058 194 3101 se
216 3042 341 3119 reoepit,
365 3060 495 3120 eumque
517 3040 664 3118 confecit,
687 3049 720 3101 ut
743 3059 805 3101 non
828 3040 928 3120 possit
949 3039 1080 3119 emplius

159 3122 213 3184 tibi
236 3142 365 3198 nocere,
399 3123 540 3185 simodo
563 3123 625 3184 hoo
646 3123 768 3199 eredas,
792 3130 824 3184 et
844 3129 928 3182 tuom
949 3128 1080 3183 mortem

160 3205 343 3284 inchrieto,
366 3208 479 3268 nonin
503 3213 543 3281 te,
564 3209 728 3267 intuearis:
757 3207 800 3266 eie
822 3213 854 3266 et
875 3211 1004 3284 peoooto
1028 3211 1082 3266 tuo

110 3327 111 3331 =
159 3291 190 3350 in
212 3308 246 3350 ee
267 3291 391 3369 recipit,
414 3297 445 3350 et
466 3291 561 3350 vineit
582 3310 620 3351 ee
643 3309 698 3350 nuo
718 3291 848 3361 iustitio,
870 3307 962 3366 quom
984 3289 1080 3368 gretie

159 3373 189 3431 in
221 3379 250 3431 te
273 3373 399 3433 confert.
421 3439 422 3443 ,
444 3373 534 3449 Quod
565 3375 590 3433 si
613 3373 736 3449 eredas,
767 3391 829 3433 non
858 3377 989 3452 possunt
1018 3390 1081 3431 om·

159 3454 239 3534 plius
272 3464 401 3535 peceato
435 3465 464 3516 te
504 3456 722 3517 condemnare.
772 3454 823 3516 Sio
861 3460 908 3514 eet
942 3453 1080 3514 Christus

159 3538 334 3616 exemplum
357 3558 395 3599 ao
416 3540 520 3620 imago
543 3540 663 3619 gratioe
682 3545 714 3599 et
735 3539 833 3612 vitoe,
857 3555 959 3615 quem,
982 3539 1081 3616 quoti·
1127 3533 1129 3537 ’

159 3639 315 3699 eeounque
346 3623 397 3683 vel
423 3628 553 3702 peoooto
584 3622 633 3682 vel
655 3628 754 3682 morte
777 3627 950 3698 tentemur,
984 3639 1079 3700 oppo-

160 3723 233 3765 nere
257 3704 414 3767 debemus.
458 3704 490 3764 ld
521 3704 604 3783 quod
627 3703 657 3765 S.
680 3704 791 3765 Paulus
816 3707 843 3766 1.
867 3701 1006 3764 Corinth.
1032 3707 1079 3768 15.

158 3787 206 3848 hie
227 3786 328 3849 verbis
350 3787 438 3849 dioit:
461 3788 527 3849 Deo
550 3788 665 3870 gretie,
694 3789 745 3869 qui
767 3787 856 3850 nobie
878 3784 964 3847 dedit
985 3787 1080 3848 vieto·
