2346 4208
197 249 239 317 66
466 251 650 322 mistaten.
669 251 704 308 n.
724 252 835 307 lutheri

195 438 318 500 toritsts
334 432 411 498 viri:
455 432 539 499 Cave
561 437 700 515 Martiae,
734 441 862 518 experto
892 368 1007 516 crede,
1021 435 1113 498 homo

194 522 254 584 isto
286 520 360 582 ui'nil
388 521 447 582 uisi
476 520 559 583 flutio
582 529 629 581 est
650 526 682 581 et
704 521 875 598 simulatio,
903 540 971 581 non
1001 517 1113 581 credidi

195 605 257 682 eis,
284 622 343 664 nec
367 604 508 665 omnibus
530 600 670 665 sensibus
695 605 787 681 meis,
820 603 893 665 licet
915 603 1049 665 Erasini
1055 604 1114 684 epi·-

195 687 276 749 stola
308 692 339 747 et
360 686 497 749 Udalrioi
519 687 601 748 Zasii
636 687 784 768 apologia
816 705 939 767 quoque
970 676 1065 748 tule'in
1085 692 1114 747 tc

196 770 268 831 mihi
288 770 469 848 formarent
503 777 564 830 tam
588 778 766 831 constanter
788 768 827 830 de
850 777 880 854 te
908 769 1044 863 cogitavi
1064 786 1114 867 op

195 855 285 932 tium,
314 872 471 934 nunquam
493 854 582 915 aliter
604 855 808 934 cogitaturus,
830 845 889 914 nis'i
908 853 970 916 hoc
991 848 1114 933 st'erq'ui-

195 938 314 999 liniot
315 955 332 997 e
360 937 483 1016 publice
505 937 571 999 orbi
604 936 792 998 troduxisses
822 936 1052 999 odiosissimum
1079 935 1114 997 si

196 1019 388 1080 mulatorem.

276 1102 345 1163 Huc
365 1103 511 1181 pertinet,
545 1101 668 1183 quod
659 1123 690 1162 ru
711 1101 804 1163 foeda
826 1110 857 1163 et
879 1104 1038 1164 obscoeno
1057 1104 1114 1184 epi·

196 1185 277 1248 stola
296 1204 371 1265 prae
392 1187 502 1247 ceteris
526 1185 632 1247 scribis
655 1185 693 1245 ad
717 1185 904 1246 clarissimos
926 1193 997 1247 tuos
1017 1185 1115 1268 lngo}

196 1268 379 1346 stadienses,
402 1275 433 1329 et
454 1271 480 1330 si
506 1271 579 1349 (pro
602 1269 779 1330 sinceritate
801 1261 1012 1348 apertissima)
1035 1269 1115 1331 forti·

196 1357 242 1412 ter
271 1351 396 1412 simulas
429 1358 492 1413 tete
524 1369 587 1413 uon
616 1353 748 1412 iactasse
776 1352 939 1426 victorias
973 1357 1005 1414 te
1036 1351 1116 1418 cart-

196 1433 327 1495 stadium
350 1436 481 1495 traxisse
502 1434 542 1495 ad
564 1436 753 1495 activitatem
770 1434 859 1495 liberi
880 1434 1005 1513 arbitrii,
1028 1434 1116 1496 simul

195 1514 320 1596 dolens,
354 1518 437 1598 quod
465 1519 649 1614 permiseras
680 1519 708 1578 ei
730 1519 851 1599 vesperi
882 1519 1115 1598 responsionem

194 1600 280 1661 illum
302 1620 412 1682 parare
433 1602 600 1682 egregiam,
623 1618 684 1679 qua
707 1607 737 1660 te
759 1602 895 1661 omnium
915 1600 1031 1663 iudicio
1053 1600 1116 1663 red·

195 1685 259 1765 egit
277 1682 317 1744 sd
338 1683 476 1781 nibilum,
498 1685 654 1763 sicutipse
668 1682 831 1745 confiteris
864 1683 899 1743 In
915 1703 991 1758 uno,
1006 1684 1117 1764 inquis,

194 1767 338 1910 peccavi,
375 1768 464 1847 posui
485 1767 616 1846 replicas
647 1765 686 1826 de
713 1773 825 1843 nocte,
859 1773 889 1827 et
919 1731 991 1828 dedi
1018 1766 1116 1828 eide

206 1849 418 1912 iberotionem.
463 1850 591 1911 Sensisti
623 1849 741 1909 scilieet
770 1813 879 1909 vuinus
910 1849 949 1910 sd
972 1842 1118 1926 ιιιοιιιιιις

195 1933 267 2012 quid
288 1938 379 2013 putas
401 1932 463 1992 fect
451 1939 513 1992 tum
536 1932 660 2004 fuisset
632 1934 709 1992 tsi
731 1933 851 2010 omnic,
880 1933 957 1994 sieut
979 1931 1117 2008 decebat,

195 2015 303 2078 cedem
327 2015 550 2076 deliberatione
566 2014 596 2095 ¹)
622 2022 710 2095 geste
731 2014 880 2076 fuissent?
914 2018 993 2077 sicut
1015 2009 1116 2078 leudo

193 2100 329 2160 tissimus
351 2099 495 2179 princeps
518 2099 588 2158 Dux
610 2097 763 2179 Georgius
791 2098 956 2178 ordinarat,
980 2099 1032 2178 qui
1055 2118 1116 2160 non

195 2183 251 2242 nisi
281 2182 441 2241 veritatem
475 2182 579 2260 quaeri
608 2180 721 2259 votuit,
758 2189 789 2241 et
818 2184 938 2258 omnis,
972 2200 1053 2260 quae
1080 2180 1116 2242 ad

193 2264 255 2325 hoc
274 2281 365 2342 quam
394 2265 510 2343 optime
537 2263 691 2341 valerent,
719 2282 808 2343 quem
830 2270 879 2342 tu,
913 2263 997 2325 bone
1024 2264 1117 2341 Deus,

194 2365 285 2428 quem
305 2347 424 2406 sincere
445 2348 476 2406 in
490 2354 573 2406 tuom
586 2352 705 2427 partem
718 2346 835 2422 laudas,
857 2346 1012 2426 videlicet,
1035 2345 1116 2426 quod

194 2430 330 2510 optimae
368 2431 475 2512 optimi
509 2429 655 2509 Principis
694 2429 861 2490 voluntatis
901 2429 979 2490 tales
1019 2429 1116 2491 fuistis

193 2521 399 2573 exsecutores.

278 2593 358 2669 Quid
381 2601 413 2656 tu
435 2595 553 2656 iaceres
575 2614 631 2674 pro
646 2595 774 2655 veritate
796 2596 959 2674 sincerum,
982 2597 1033 2676 qui
1056 2614 1116 2656 non

192 2677 294 2740 solum
309 2678 500 2739 machinatus
514 2697 547 2737 es
570 2696 638 2737 cum
662 2677 732 2752 tuis,
754 2696 795 2737 ne
808 2677 976 2738 deliberate
1000 2685 1031 2738 et
1054 2677 1114 2738 dili·

192 2767 301 2842 genter
323 2762 484 2856 proposito
513 2761 626 2820 veritas
656 2767 865 2838 quaereretur,
899 2760 954 2821 sed
971 2760 1116 2841 gloriaris

193 2845 285 2904 ctiam
322 2844 353 2905 in
375 2844 435 2903 huc
456 2843 572 2903 malitia
593 2848 648 2921 pot
650 2862 704 2902 ens
726 2844 757 2902 iu
783 2844 952 2923 iniquitate,
974 2844 1005 2903 id
1026 2846 1117 2905 unice

193 2926 373 3004 querulans,
404 2926 544 2986 nonnihil
573 2925 774 3010 periclitatam
797 2925 877 2987 hano
898 2932 982 2987 tuam
1004 2927 1115 2988 machi·

192 3009 287 3071 narni
306 3009 431 3070 Nsmt
400 3028 417 3068 e
419 3009 565 3088 tpublics
577 3008 608 3069 id
624 3008 763 3069 indicast'
743 3015 765 3068 ιι
778 3009 913 3089 querela,
936 3028 1005 3069 cum
1017 3028 1116 3089 paene

192 3091 330 3189 plorares
361 3092 446 3152 illum
474 3091 619 3154 habuisse
649 3092 807 3171 exemplar
834 3094 960 3172 notarii,
993 3111 1062 3153 cum
1084 3099 1115 3153 ιιι

192 3176 312 3236 interim
356 3174 531 3236 laudaberis
570 3174 764 3255 Lipsensibus
803 3176 877 3254 tuis,
920 3175 1003 3254 quod
1041 3174 1114 3236 nihii

194 3264 329 3318 moratus
351 3257 555 3337 exemplaria,
585 3260 676 3318 etiam
698 3257 778 3319 bene
800 3265 892 3339 potus
909 3277 1018 3339 posses
1040 3257 1115 3319 nihi·

192 3339 325 3400 lominus
364 3341 615 3401 victoriosissime
649 3341 783 3401 clamare
813 3341 996 3422 (disputare
1031 3341 1114 3403 volui

192 3423 366 3484 diceree
304 3432 366 3501 ),e
367 3424 550 3502 tquomodo
564 3443 627 3484 non
641 3443 761 3504 posses,
786 3443 837 3504 qm
829 3424 968 3507 fingere
984 3423 1114 3506 quodvis

191 3505 247 3568 tibi
269 3507 551 3586 praesumpsisses?
574 3515 605 3567 et
625 3507 726 3567 adhuc
747 3514 885 3587 apertum
910 3517 942 3569 et
963 3509 1113 3570 sincerum

146 3597 149 3601 ’
191 3587 281 3650 nobis
303 3588 429 3648 Eccium
453 3590 594 3650 omuibus
617 3597 673 3651 not
673 3611 724 3650 um
747 3589 895 3654 obtundis.

227 3776 258 3843 1)
279 3775 308 3829 tn
327 3775 370 3831 ed.
391 3777 474 3845 onim:
494 3774 669 3831 liberatione.
