2346 4208
154 265 218 333 382
397 269 490 324 Resol.
511 269 643 338 hesper
659 269 858 338 Propositione

158 459 223 535 mit,
247 472 309 518 non
332 477 351 517 a
374 457 516 518 Romano
538 457 688 537 episeopo
712 475 820 517 omnes
843 458 1009 538 episeopus
1033 474 1079 518 or·

155 541 270 619 dinam,
304 540 359 600 sed
390 539 670 620 aprovinoialibus
693 541 859 620 episeopis,
882 540 1003 600 dieens:
1038 539 1080 600 itit

155 631 205 703 ut,
235 625 261 684 si
290 624 369 684 torte
396 624 426 682 in
450 622 622 683 ordinando
646 624 809 702 episeopo,
846 623 907 684 dno
933 623 984 683 vel
1017 630 1079 683 tres

156 707 338 788 pro-eliqua
361 707 560 766 eontentione
588 706 786 783 dissentient,
818 706 1004 785 reliquorum
1026 724 1079 765 an-

41 792 46 797 ’
157 791 275 867 toritas,
299 799 331 850 et
354 791 520 869 praecipue
542 789 785 869 metropolitani,
808 808 877 849 oum
900 790 1009 850 ceteris
1031 788 1079 849 tir·

159 873 238 934 mior
260 872 417 933 habeatnr.
462 871 618 950 Obseoro,
651 873 723 951 qnid
751 872 882 953 amplius
903 874 1012 932 iecere
1027 872 1079 932 de·

157 956 244 1018 beor
282 956 352 1015 Non
383 957 542 1034 retineat,
580 954 662 1034 qnod
690 956 831 1015 Romano
853 954 992 1036 pontifloi
1015 974 1079 1016 om·

156 1039 218 1116 ule,
241 1058 319 1118 qnae
341 1038 399 1099 sibi
411 1043 544 1118 arrogat,
568 1039 666 1099 libens
689 1038 766 1099 oedo
779 1039 819 1116 Ι),
837 1038 937 1099 debeo
954 1040 1079 1119 insuper

155 1121 303 1203 probare,
334 1121 417 1201 quod
439 1121 516 1181 liaeo
539 1122 673 1183 Deoreta
694 1130 766 1181 sunt
787 1128 965 1202 contempta
987 1129 1019 1181 et
1038 1123 1078 1181 ir-

155 1207 248 1266 ritata
269 1205 403 1265 hnmano
427 1207 516 1265 nnius
538 1207 677 1284 episcopi
698 1204 856 1266 arbitrio?

169 1390 172 1396 Δ
238 1323 366 1383 Decimo
399 1329 507 1402 quarta
521 1320 575 1403 ²),
608 1322 689 1382 idem
725 1323 874 1383 Nieenum
913 1321 1077 1387 eonoilinm

155 1404 303 1491 'episeopo
325 1405 625 1487 Hierosolymitano,
647 1425 710 1466 non
734 1406 875 1467 Romano
899 1404 1002 1466 tribuit
1023 1404 1077 1480 ho-

155 1490 239 1564 noris
271 1484 452 1570 primatum,
486 1484 592 1548 ¹dioens
621 1489 750 1549 ibidem:
787 1488 827 1550 Et
861 1496 894 1553 ut
927 1484 1077 1571 e'pisoopo

154 1570 440 1655 Hierosolymorum
462 1573 638 1655 'antiquitus
666 1571 777 1632 tradita
803 1572 931 1633 honoris
953 1591 1077 1652 praero-

148 1656 260 1746 ¹gativa
281 1662 439 1731 servetur,
463 1665 606 1716 manente
627 1654 824 1716 nihilominus
848 1662 879 1715 et
901 1653 1077 1739 metropoli-

155 1737 218 1801 tani
239 1740 249 1798 i
273 1742 335 1800 sins
381 1738 538 1800 rovinoiee
559 1738 718 1819 dignitate.
763 1739 849 1798 Doce
872 1758 941 1816 me,
970 1737 1078 1812 lector,

155 1822 227 1903 quid
249 1759 422 1883 iboienrlbm
445 1823 501 1898 sit,
524 1820 647 1900 qnando
671 1822 830 1882 nonsatis
855 1826 918 1898 est,
952 1839 1001 1881 me
1024 1821 1077 1881 ho·

155 1906 262 1985 dierno
285 1913 425 1986 tempore
448 1904 598 1982 confit-eri,
621 1904 709 1964 Rom.
725 1903 904 1984 pontificem
927 1922 996 1963 esse
1018 1903 1079 1987 pri-

156 2009 248 2073 mum,
270 1989 329 2050 nisi
353 1987 482 2048 mentiar
503 2006 627 2067 quoqne
649 1993 680 2048 et
702 2007 813 2068 negem
836 1988 927 2048 alium
947 1987 1079 2068 antiqui·

156 2070 205 2134 tu's
227 2073 322 2133 fuisse
346 2073 490 2152 primum,
525 2077 556 2132 et
582 2072 657 2130 tanti
680 2071 802 2131 oonoilii
825 2071 981 2131 autoritati
1006 2070 1079 2130 resi-

157 2163 245 2219 stam.
295 2156 452 2240 [Denique
484 2154 513 2214 in
549 2154 681 2215 oonoilio
715 2153 834 2214 Niceno
869 2153 969 2233 primo
1005 2153 1077 2213 loao

157 2235 275 2319 sedisse
297 2238 436 2299 scribitur
457 2235 655 2316 Eustochiae,
690 2237 912 2317 Antiochenee¹
928 2235 1079 2297 eeclesiae

157 2323 331 2404 episeopus,
356 2341 417 2381 non
430 2320 599 2399 Romanus,
613 2320 913 2401 neoLegatusllom.
938 2319 1078 2402 episcopi

157 2406 208 2467 lib.
228 2409 256 2469 2.
280 2407 382 2485 triper.
406 2423 431 2464 o.
446 2409 475 2469 5.
499 2403 581 2483 quod
605 2411 688 2463 esset
709 2402 904 2464 intolerabile
926 2400 1078 2465 hodierno

157 2489 212 2550 iuri
234 2489 324 2550 Rom.
342 2488 500 2569 Episcopi,
522 2506 581 2547 neo
603 2494 705 2548 tamen
728 2486 798 2547 ideo
820 2486 993 2565 haereticus
1015 2484 1081 2564 fuit,

158 2571 379 2647 aut'Njeennm
404 2569 566 2631 concilium
590 2571 766 2632 contraius
790 2570 926 2642 divinum
950 2568 1038 2650 egit]

239 2690 368 2751 Decima
389 2690 510 2768 quinta,
540 2690 564 2748 si
587 2690 730 2748 Romana
758 2688 890 2748 ecelesia
912 2696 961 2748 est
981 2689 1078 2767 pri-a

156 2782 283 2854 propter
309 2775 439 2852 primum
470 2772 644 2850 apostolum
668 2771 812 2849 Petrum,
844 2771 951 2831 eedem
973 2790 1079 2831 neees-

158 2860 248 2918 sitste
277 2855 507 2932 eonfitebimur,
546 2863 576 2916 et
598 2854 883 2934 compostellanam
913 2853 1078 2914 eoelesism

157 2959 227 3002 esse
249 2938 415 3000 secundam
447 2945 572 3018 propter
594 2938 769 3017 apostolum
800 2937 830 2998 S.
852 2937 1015 3015 iacobum,
1047 2947 1080 2997 et

157 3023 346 3106 Ephesinam
371 3024 490 3083 tertiam
514 3028 640 3101 propter
668 3021 843 3100 apostolum
867 3023 1004 3094 tertium,
1034 3022 1079 3080 lo·

157 3107 307 3186 hannem,
337 3114 369 3166 et
389 3107 435 3166 sie
456 3124 511 3185 per
532 3105 669 3166 ordinem
691 3104 914 3183 apostolorum.
957 3105 1000 3164 At
1020 3104 1080 3164 iste

158 3190 246 3270 ordo,
271 3189 417 3270 numquid
440 3188 598 3248 servatur?
641 3186 709 3261 Quo
732 3189 797 3249 iure
819 3206 894 3268 ergo
917 3187 1002 3248 solus
1026 3186 1079 3246 Pe·

157 3283 222 3336 trus
252 3276 381 3353 primam
411 3273 484 3332 faoit
515 3271 694 3346 ecelesiam,
726 3271 784 3332 nisi
817 3270 975 3332 humano?
1019 3270 1081 3331 Cur

158 3377 232 3438 ergo
256 3355 618 3436 Constantinopolitano,
652 3373 731 3433 qnae
752 3354 866 3414 nullum
888 3353 983 3414 hebet
1004 3373 1079 3434 apo·

158 3443 287 3521 stolum,
321 3440 489 3520 praefertur
519 3438 655 3499 seeundo
686 3437 756 3501 loeo
784 3437 1079 3517 Compostellense?

158 3523 220 3585 Gur
240 3522 466 3601 Alexandrina,
501 3541 581 3602 quse
610 3529 642 3583 et
661 3522 730 3600 ipsa
752 3520 867 3582 nullum
889 3520 984 3582 hebet
1004 3538 1079 3599 apo-

75 3684 79 3697 ·
158 3606 474 3687 stolum‚,preeferurr
495 3604 692 3685 llpbesinae?
713 3603 776 3665 Gur
793 3603 989 3665 Antiocheno
1012 3606 1080 3664 sine

213 3800 245 3866 1)
265 3797 298 3852 In
317 3798 360 3854 ea
379 3800 484 3867 priore:
504 3795 596 3851 oredo.
610 3795 655 3863 t)
676 3795 760 3851 Ibion
781 3802 880 3864 quarte
899 3794 1009 3850 decime
1026 3801 1076 3849 ete.
