2346 4208
187 232 251 319 ios
500 239 654 323 rspunn
673 235 708 308 u.
729 248 762 306 n·
781 239 809 306 r.
883 292 887 299 .

250 443 300 506 27.
324 440 400 503 Cum
422 432 452 501 in
475 441 544 523 ipso
567 442 679 522 simus,
706 442 846 503 vivamus
872 414 905 503 o⁰t
927 454 1110 520 moveamur,

190 527 258 607 ipss
278 532 402 605 quoquo
424 526 512 586 novit
528 525 620 586 horos
642 533 673 587 et
695 531 865 607 momento,
889 520 1001 606 quibus
1023 523 1112 586 oordo

189 607 274 691 tsngi
297 620 316 669 'o
341 613 429 669 ortot.

252 690 300 755 2⁴8.
354 711 392 752 oo
422 689 566 752 tolluntur
599 691 707 772 impii,
740 691 790 772 qui
812 690 882 753 Deo
919 692 1017 774 longo
1046 691 1113 753 nlihi

190 782 305 856 ‘ugente
327 775 462 836 hominis
485 773 610 849 rothum
635 795 705 852 sess
723 782 836 857 putant
858 780 1070 836 contemnere.

254 859 302 922 29.
324 854 392 918 Etsi
416 857 612 937 multisunt,
643 857 692 938 qni
716 860 850 919 scientos
875 852 1040 920 veritatem
1063 858 1113 918 Dei

190 941 327 1021 agnitam
351 946 566 1020 oontsmnunt,
589 949 620 1002 et
641 943 838 1023 impugnant,
869 942 1038 1024 ipsumque
1059 948 1114 1002 tso

191 1031 254 1083 tum
277 1022 405 1105 Spiritus
417 1022 523 1085 'sonoti
545 1024 708 1104 repellunt.

253 1108 302 1171 30.
325 1106 379 1166 His
401 1106 485 1166 nulio
511 1113 558 1167 ost
579 1108 697 1188 reliqua
719 1109 825 1187 venio,
860 1127 921 1168 neo
947 1109 1113 1186 excusatio,

190 1189 275 1270 quod
296 1198 406 1251 notum
433 1207 489 1271 per
510 1208 580 1251 sose
601 1190 677 1252 nihil
699 1189 773 1253 boni
794 1193 905 1272 possit.

783 1281 801 1312 Ο

191 1404 281 1468 Alia
327 1405 560 1486 Disputatio
599 1390 848 1487 Theologioo
880 1407 920 1469 R.
953 1402 986 1470 P.
1018 1408 1114 1470 Mart

546 1487 768 1572 Luthsri*).

290 1623 336 1684 De
357 1621 419 1684 fids
440 1623 626 1686 iustifioonto
648 1632 679 1687 ot
700 1624 762 1687 fldo
783 1625 1016 1689 miraculorum.

276 1762 302 1821 1.
326 1758 397 1820 Non
420 1766 552 1840 possunt
574 1779 612 1823 os
633 1760 716 1839 vitio,
739 1779 817 1841 quoe
840 1760 957 1821 Paulus
980 1767 1117 1821 numeror

192 1841 316 1986 ghCor.
341 1845 390 1908 13.
421 1844 576 1927 oontrsrio
607 1844 746 1924 caritati,
782 1862 915 1925 rognsro
952 1863 1025 1905 oum
1062 1843 1116 1904 ude

239 1927 315 1987 risti.

159 1997 164 2007 ¹
275 2012 304 2073 2.
322 2008 404 2074 ,Sunt
425 2010 508 2070 onim
531 2028 594 2072 non
618 2010 749 2088 leviora,
774 2029 867 2088 quom
888 2027 972 2090 qnae
995 2012 1028 2071 in
1051 2029 1117 2092 gon-

192 2091 312 2171 tilibus,
343 2092 500 2173 superbis,
531 2093 706 2174 iracundis,
739 2091 872 2171 invidis,
901 2093 1010 2175 impiis
1041 2095 1117 2155 invo

192 2177 328 2241 niuntur.

279 2260 307 2322 3.
332 2258 372 2318 ut
394 2258 520 2318 stultum
544 2266 628 2320 esset
654 2279 675 2320 s
695 2259 793 2321 Paulo
825 2259 918 2320 tolsm
942 2258 1042 2321 fidem
1064 2261 1117 2320 iso·

192 2343 271 2418 tori,
295 2360 374 2421 quoe
397 2341 475 2402 toles
497 2342 640 2403 hominos
662 2344 794 2422 faceret,
830 2343 880 2403 vel
904 2361 977 2403 esse
1000 2345 1117 2403 sineret

277 2427 307 2488 4.
328 2423 420 2485 Fides
442 2424 555 2488 Christi
581 2425 670 2488 offert
697 2427 910 2488 remissionem
940 2434 974 2487 et
998 2424 1118 2488 mortifi-

194 2511 350 2572 ootionem
372 2512 591 2589 peoontorum,
613 2509 833 2591 perspiritum
856 2516 1013 2571 sonetum.
1031 2525 1053 2568 s

275 2598 305 2658 5.
331 2590 391 2666 Qui
414 2601 549 2652 veterem
583 2593 741 2654 hominem
770 2613 838 2654 oum
871 2593 936 2656 suis
959 2593 1119 2675 oonoupis·

176 2678 306 2742 ⁴oentiis
329 2682 360 2736 ot
382 2674 532 2756 oruoifigit
554 2682 585 2737 et
606 2684 737 2738 renovat
758 2676 797 2738 ad
818 2677 989 2756 imaginem
1015 2677 1084 2738 Dei.

275 2763 303 2824 6.
327 2757 430 2833 Quare
451 2757 528 2819 fides
552 2760 665 2821 Christi
688 2762 754 2822 sino
776 2761 902 2820 osritote
925 2778 994 2821 non
1018 2779 1120 2822 conse·

191 2850 305 2920 quonts
327 2861 451 2922 prorsus
474 2842 560 2903 nullo
582 2845 649 2905 orit.

272 2930 302 2990 7.
325 2925 393 2986 Etsi
416 2925 561 3006 Spiritus,
583 2947 639 2988 seu
660 2926 744 2988 dono
766 2927 845 3003 eius,
882 2923 998 2987 donari
1021 2936 1055 2989 ot
1076 2926 1122 2990 su

192 3025 261 3068 esso
283 3015 415 3088 possunt
434 3008 552 3088 ubsque
574 3009 636 3071 fide
659 3010 771 3072 Christi
794 3016 824 3070 et
847 3009 991 3070 caritate.

271 3093 301 3155 8.
324 3092 365 3153 Ut
385 3090 462 3153 fides
485 3095 552 3154 sine
581 3095 708 3157 osritste
737 3110 890 3155 essenon
914 3100 1045 3172 potest,
1086 3096 1125 3155 its

188 3171 265 3233 fidos
297 3174 350 3234 ills
371 3174 497 3236 ¹fructus
527 3177 662 3237 ooritstis
709 3178 775 3237 sine
808 3175 936 3236 osritote
963 3196 1040 3238 esse
1066 3198 1125 3240 non

189 3264 304 3337 potest.

269 3344 297 3405 9.
322 3342 455 3402 Possunt
468 3343 549 3402 onim
570 3344 657 3423 impii
674 3343 787 3405 dooere
808 3360 894 3420 sans,
917 3352 1123 3406 ssorsmento

186 3422 411 3501 administrare,
434 3445 553 3485 soornrn
575 3446 684 3507 rogero
707 3425 880 3486 ecclesiam.

249 3510 296 3572 10.
320 3506 400 3581 Quin
423 3510 662 3570 etmirnbiliset
678 3508 931 3590 msio’rsiaoiunt,
959 3513 1039 3576 dnm
1063 3523 1133 3577 sunt

184 3590 214 3649 in
238 3587 416 3672 offloio‘vol
439 3597 530 3653 oostu
551 3593 711 3672 ecelesiae,
735 3612 825 3674 quom
838 3593 985 3672 privatus
1014 3599 1132 3662 tidelis.

182 3745 614 3764 m

259 3828 291 3899 ·)
315 3808 503 3882 sarmium:
518 3821 634 3873 nunu.
644 3820 755 3871 muru
769 3836 801 3885 s.
816 3819 868 3871 ios
888 3826 919 3872 s
935 3823 1026 3882 mos.
