2346 4208
337 261 439 327 souma,
452 253 585 311 articulos
604 251 826 335 lovaniensium.
980 244 1047 316 489

125 447 226 508 tioulis
256 453 309 507 aut
341 446 541 509 sacramentis
574 443 697 521 haberi,
730 440 879 520 aliterque
912 439 1047 502 dieturos
1086 450 1089 457 ’

124 531 232 609 fuisse,
255 531 280 590 si
303 529 453 593 admoniti
475 530 614 590 fuissent.

189 616 238 678 35.
261 614 487 674 Paenitentiam
511 631 579 673 eum
601 610 713 672 virtute
735 609 868 669 clavium
886 606 1048 668 absolven-

126 698 201 757 tium
226 704 453 757 saeramentum
475 695 606 757 libenter
628 691 810 754 eonfitemur
816 738 827 776 2
850 689 944 751 habet
959 690 1047 750 ‘enim

124 780 362 861 promissionem
406 785 438 840 et
480 777 571 839 fidem
616 777 807 838 remissionis
850 779 1048 855 peecatorum

125 871 251 942 propter
274 862 439 924 Christum.

186 949 235 1010 36.
259 944 359 1023 Quam
382 945 475 1006 fidem
499 964 569 1004 oum
591 950 706 1024 negent
728 941 956 1019 Lovanienses,
979 945 1050 1000 sunt

125 1034 304 1108 apostatae,
326 1029 518 1110 blasphemi,
540 1027 662 1106 Turois,
685 1025 823 1103 ludaeis,
847 1023 977 1085 ethnicis
999 1023 1049 1085 de·

125 1114 267 1173 teriores.

188 1197 238 1260 37.
269 1196 464 1256 Poenitentia
494 1193 772 1256 aLovanieusium
803 1208 966 1272 synagoga
994 1197 1051 1250 tra·

126 1276 205 1355 dita,
228 1279 346 1338 scilieet
369 1278 451 1358 quod
474 1279 514 1338 sit
536 1277 695 1354 contritio,
719 1274 890 1352 confessio,
912 1272 1050 1333 satiatae·

126 1361 180 1434 tio,
204 1367 251 1421 est
272 1361 356 1422 nulla
380 1363 439 1422 uisi
461 1361 555 1422 Iudae
577 1358 764 1440 proditoris‚'
777 1357 894 1436 Saulis,
917 1362 948 1416 et
969 1357 1050 1417 simi-

120 1444 199 1506 lium
229 1442 454 1524 desperationis
488 1443 648 1530 maohina,
676 1441 746 1503 ideo
770 1448 803 1502 ut
825 1440 983 1502 haeretios
1004 1444 1052 1501 est

134 1525 318 1590 damnanda.
931 1532 937 1539 ’

188 1611 237 1674 38.
265 1608 374 1690 Neque
397 1611 468 1690 quid
492 1612 654 1690 oontritio,
677 1609 850 1688 confessio,
873 1607 1053 1686 satisfactio,

126 1695 292 1772 promissio
317 1702 369 1754 aut
393 1694 471 1754 fides
494 1695 564 1771 siut,
587 1700 751 1772 noverunt,
774 1710 833 1753 nee
856 1691 932 1752 disoi
950 1698 1056 1772 potest

130 1795 170 1834 ex
194 1777 385 1856 sterquilinio
419 1784 451 1838 et
474 1776 582 1837 oloaoa
604 1775 859 1855 Lovaniensium‚
887 1794 954 1835 oum
985 1775 1063 1834 sina

128 1857 223 1920 verbo
247 1859 388 1921 dieantur·
411 1860 525 1920 omnia.

192 1943 242 2006 39.
272 1942 413 2003 Liberum
446 1942 603 2022 arbitrium
634 1943 673 2003 ad
702 1943 817 2004 bonum
847 1946 894 2002 est
925 1939 1052 2020 nullum,

130 2043 198 2084 eum
221 2026 321 2105 gratia
343 2031 444 2086 autem
474 2044 568 2106 posse
599 2027 631 2085 in
660 2027 791 2104 bonum,
820 2024 881 2084 hoo
916 2030 963 2084 est
991 2043 1053 2083 ma·

128 2109 310 2188 gistrolliter
334 2109 416 2169 aliud
439 2108 646 2190 respondere,
675 2129 766 2188 quam
789 2107 944 2188 quaeritur
964 2106 996 2169 in
1018 2106 1051 2166 li-

130 2190 253 2252 bertate
276 2190 401 2254 arbitrii.

189 2275 239 2339 40.
271 2275 358 2334 Ritus
382 2274 544 2335 ordinandi
566 2274 723 2337 sacrificos
746 2274 905 2351 missales,
938 2272 970 2333 id
994 2278 1051 2351 est,

130 2356 328 2418 crucifixores
352 2357 474 2435 Christi,
497 2363 543 2418 est
562 2358 750 2419 inordinatio
774 2357 897 2419 diaboli.

190 2442 240 2504 41..
264 2440 348 2502 Ordo
370 2460 433 2501 non
457 2447 504 2500 est
520 2446 756 2518 sacramentum,
779 2439 832 2500 sed
851 2440 1051 2499 ministerium

129 2527 160 2580 et
181 2525 304 2584 vooatio
329 2525 534 2584 ministrorum
558 2523 709 2583 ecelesiae
734 2527 748 2585 l
775 2523 877 2583 Corin.
903 2523 966 2601 12,
988 2541 1051 2584 non

128 2602 222 2666 habet
244 2609 482 2686 promissionem
504 2607 695 2667 remissionis
718 2611 925 2686 peecatorum.

191 2690 241 2752 42.
263 2689 310 2749 Ea
332 2692 456 2751 voeatio
479 2690 616 2770 legitime
638 2689 672 2749 lit
693 2688 738 2748 ah
755 2687 897 2766 eoolssia,
920 2688 986 2750 sine
1005 2708 1051 2749 ra
1111 2693 1113 2696 ’

128 2790 208 2850 sura,
232 2780 360 2833 unotura
381 2781 412 2834 et
434 2774 501 2834 aliis
523 2774 626 2849 larvis,
651 2773 785 2832 humana
806 2771 977 2833 temeritate
994 2790 1051 2853 pro
1104 2835 1112 2859 θ

127 2853 219 2914 rebus
241 2857 336 2915 saeris
359 2863 390 2917 et
412 2858 594 2917 necessariis
617 2857 750 2916 iactatis.

191 2938 241 3002 43.
264 2939 377 3000 Unitio
401 2949 540 3001 extrema
557 2959 619 3001 non
636 2946 683 3000 est
695 2946 931 3015 sacramentum,
954 2938 1050 2999 multo

130 3019 230 3079 minus
252 3041 271 3081 a
292 3021 414 3083 Christo
448 3023 602 3103 instituta,
635 3029 668 3083 ut
695 3022 807 3083 rudunt
833 3022 970 3102 Magistri
998 3040 1051 3082 no-

133 3103 242 3164 strolli.

192 3188 243 3248 44.
264 3187 448 3266 lmpiissime
470 3193 503 3248 et
519 3189 830 3251 oontumeliosissime
844 3192 952 3249 eontra
968 3187 1051 3249 Chri-

127 3275 208 3328 stum
232 3268 358 3346 dioitur,
382 3269 508 3348 aliquod
533 3289 602 3332 esse
624 3280 868 3352 sacramentum,
892 3278 924 3332 et
946 3279 1050 3332 tamen

129 3350 169 3410 ad
192 3350 323 3412 salutem
344 3371 409 3413 non
433 3355 652 3417 neeessarium.

191 3436 240 3498 45.
262 3436 492 3496 Matrimonium
515 3455 584 3496 esse
606 3444 842 3515 sacromentum,
866 3439 933 3499 sine
955 3439 1050 3500 verbo

129 3516 250 3597 dieitur,
272 3525 304 3579 et
325 3539 347 3578 a
366 3519 519 3600 Magistris
540 3521 698 3580 uostrollis
719 3523 750 3581 iu
773 3521 899 3603 speculo
914 3521 1051 3583 Maroolfi

128 3600 228 3660 visum
252 3608 307 3663 est.

192 3686 242 3748 46.
273 3684 328 3744 Est
350 3704 424 3746 vero
455 3686 682 3746 matrimonium
712 3687 843 3765 arsatio,
873 3687 988 3749 donum
1021 3694 1053 3750 et

130 3765 283 3830 ordinatio
306 3767 420 3849 divina,
442 3769 523 3830 siout
543 3769 654 3849 politia
673 3788 728 3830 seu
750 3769 955 3851 magistratus.
