2346 4208
383 262 430 316 ad
447 263 505 319 lob
524 262 781 342 Oqcolompadinm.
993 263 1055 327 481

132 446 174 508 ob
198 446 284 507 alind
304 457 449 530 suscepta
470 456 532 528 est,
564 450 624 510 nisi
646 457 679 509 ut
707 449 809 529 palam
837 448 942 527 lieret,
976 452 1056 512 inter

131 537 270 605 veterem
292 538 324 591 st
344 531 457 592 Christi
471 532 674 612 Theologiam
696 552 734 592 ac
756 533 909 593 noviciam
933 540 965 594 et
988 534 1053 596 Ari-

130 613 308 674 stotelicem
338 616 635 694 quantum-intersit.
680 616 793 676 Verum
816 615 962 696 quidquid
986 636 1053 696 pro-

130 696 246 768 iectum
267 698 324 776 sit,
347 707 400 758 aut
422 717 566 778 quorsum
587 698 763 759 inclinarint
783 716 848 778 res,
884 699 956 760 mihi
979 720 1054 760 sane

129 798 195 839 non
227 781 326 841 estin
354 780 483 861 proclivi
510 783 655 842 iudicare.
700 781 768 856 Quo
792 780 967 862 diligentius
990 802 1055 844 om-

130 864 185 923 nio
205 881 390 943 prosequar,
423 883 502 944 quae
530 864 568 926 ad
602 883 727 926 causam
749 868 895 944 attinent,
929 873 961 925 ut
990 885 1052 926 non

129 944 207 1005 nihil
230 948 305 1007 certi
327 967 367 1007 ex
385 947 431 1007 his
455 954 487 1007 tu
500 968 595 1027 queas
619 949 771 1010 oculatior
792 951 925 1029 assequi.
962 950 1053 1009 Varia

128 1029 239 1108 procul
261 1028 354 1092 dubio
377 1030 459 1090 fama
481 1031 521 1091 ad
542 1050 599 1092 vos
619 1031 760 1111 perferet,
784 1040 972 1113 quapropter
992 1031 1053 1093 ilde

129 1114 277 1173 historica
305 1121 337 1173 et
367 1132 458 1192 quam
488 1116 714 1195 simplicissime
743 1115 915 1176 subnotatis
948 1118 1053 1196 ospiti-

129 1195 187 1255 bus
209 1194 441 1275 disceptationis
456 1217 557 1278 agam,
580 1207 612 1258 ut
634 1198 800 1278 intelliges,
823 1198 895 1277 quid
918 1198 957 1258 de
978 1216 1051 1279 quo-

129 1297 192 1358 que
213 1286 445 1340 controversum
467 1284 515 1341 sit.

213 1362 315 1440 Atque
348 1370 382 1422 nt
412 1363 484 1424 inde
513 1360 624 1447 ὥσπερ
658 1359 727 1439 ἀπὸ
756 1369 904 1448 γραμμῆς
938 1365 1050 1440 ordiar,

128 1445 289 1524 superiore
310 1465 393 1506 anno
417 1449 595 1526 sententias,
619 1466 696 1526 quas
718 1446 866 1508 Lutberus
889 1448 927 1508 de
951 1446 1052 1508 lndul-

126 1529 242 1608 gentiis
254 1531 416 1608 proposuit
431 1529 642 1610 disputandas,
664 1530 776 1590 Ecoius
799 1530 897 1594 obelis
921 1533 1050 1608 notavit,

127 1610 348 1672 amarulentius
376 1620 424 1672 est
445 1616 607 1694 scriptum,
649 1631 739 1691 quam
773 1619 806 1673 ut
831 1614 903 1674 hinc
935 1615 1050 1693 aliquid

127 1694 293 1774 proferam.
342 1695 391 1755 Ex
422 1695 483 1757 illis
513 1697 635 1757 revellit
671 1696 789 1774 aliquot
816 1696 1049 1759 Oarolostsdius

126 1782 158 1837 in
183 1777 441 1840 Conclusiouibus
464 1781 544 1858 suis,
567 1798 647 1858 quae
669 1787 809 1857 exstant,
833 1779 1049 1840 Carolostadio

126 1861 289 1940 respondit
309 1861 421 1922 idonius
442 1882 498 1942 per
513 1863 711 1944 Apologiam,
724 1864 763 1927 in
786 1881 848 1942 qua
868 1863 929 1922 iam
952 1862 1048 1943 plera-

127 1962 189 2023 que
213 1946 313 2004 mitius
343 1963 435 2024 quam
458 1954 529 2006 ante
550 1949 582 2005 in
605 1945 712 2007 obelis.
754 1945 943 2026 Apologiam
965 1946 1048 2006 edito

125 2026 233 2088 libello
259 2027 490 2090 Oarolostadius
519 2030 702 2108 confutavit,
737 2030 833 2109 longa
862 2037 909 2089 est
929 2030 1047 2105 iniuria,

126 2111 242 2191 longae
276 2111 440 2192 ambages,
477 2112 594 2193 placuit
623 2112 661 2173 ad
684 2133 853 2189 summum,
891 2121 923 2171 nt
945 2121 1049 2173 cetera

127 2206 336 2274 praeteream,
373 2195 544 2275 disputare,
578 2196 644 2255 dics
666 2195 773 2256 dictus
809 2203 864 2256 est.
914 2195 1046 2275 Lipsiam

127 2279 256 2336 veniunt
277 2276 429 2339 lohannes
460 2279 569 2338 Eccius
597 2279 867 2359 ingolstadiensis,
906 2279 1046 2340 Andreas

126 2361 360 2422 Garolostodins
401 2368 432 2421 et
454 2362 601 2421 Martinus
633 2363 781 2422 Lutherus
804 2363 1047 2442 Vuitenbergen·

125 2463 187 2504 ses.
231 2444 342 2504 Rerum
377 2464 496 2504 summa
530 2447 561 2504 in
594 2446 810 2506 conclusiones
840 2454 949 2506 coacta
981 2454 1047 2506 erat

124 2526 283 2607 pauculas,
306 2547 366 2606 quo
390 2530 501 2588 certius
524 2527 554 2587 id
577 2535 817 2608 proponeretur,
841 2528 963 2607 dequo
986 2529 1044 2588 dis-

125 2610 295 2690 putandum
315 2618 409 2685 esset.
454 2611 534 2671 Satis
557 2614 668 2691 opinor
696 2618 838 2671 constare
867 2612 938 2689 tibi,
973 2612 1045 2690 quid

124 2693 165 2754 de
187 2692 413 2774 disceptatione
436 2697 630 2771 convenerit,
654 2694 814 2770 videlicet,
851 2702 883 2754 ut
904 2705 1047 2774 ageretur

124 2797 220 2837 causa
256 2778 480 2858 excipientibus
521 2780 664 2855 notariis,
709 2786 801 2857 etque
834 2777 865 2836 id
898 2779 1044 2858 scriptum

123 2862 339 2941 evulgaretur,
386 2872 529 2941 essetque
568 2862 714 2922 indicium
757 2881 852 2940 penes
896 2863 1046 2940 optimum

124 2963 287 3023 quemque.

207 3028 340 3087 Primum
372 3029 482 3088 Eccius
515 3036 657 3090 causatus
694 3032 740 3088 est
775 3025 856 3106 apud
886 3045 956 3101 eos,
995 3030 1045 3106 qui

123 3110 278 3189 designati
308 3120 396 3171 erant
431 3112 469 3172 ab
506 3113 709 3173 illustrissimo
734 3111 874 3189 Principe
908 3108 1044 3189 Georgio

123 3195 280 3255 Saxoniae
303 3196 404 3272 Duce,
430 3196 609 3256 Maecenate
639 3196 841 3254 bumanorum
864 3192 1045 3267 studiorum,

123 3277 271 3357 praefecti
310 3278 542 3358 disputationis,
585 3289 693 3339 contra
726 3296 816 3356 quam
854 3276 1044 3352 condixerat,

124 3360 220 3421 videri
242 3361 300 3421 sibi
323 3383 362 3422 ex
384 3364 449 3422 iure
467 3362 685 3443 disputantium
710 3380 788 3440 esse,
811 3379 850 3419 ne
873 3358 1045 3437 dictaretur,

122 3445 305 3526 gliscentem
338 3465 443 3506 eorum
467 3449 546 3523 vim,
580 3448 631 3525 qui
660 3443 901 3524 congrediuntur
927 3463 1043 3521 pugna-

122 3530 191 3605 turi,
213 3531 328 3588 sensim
351 3549 406 3608 per
428 3531 499 3609 styli
523 3549 639 3590 moram
664 3529 831 3602 delervere,
853 3527 968 3604 impetu
992 3546 1044 3585 au-

121 3614 189 3692 geri
211 3612 341 3686 animos,
366 3612 521 3674 contendo
544 3613 711 3673 labascere.
748 3608 780 3668 ld
803 3627 862 3687 ego
876 3610 981 3668 nescio
1004 3629 1044 3668 an

122 3718 147 3755 e
162 3693 358 3774 simplicitate
381 3696 558 3776 theologica
571 3696 666 3756 videri
689 3693 796 3775 possit,
819 3691 869 3751 ubi
886 3691 958 3750 nihil
982 3698 1043 3752 tam

122 3780 342 3860 praestandum
365 3788 421 3861 est,
443 3799 535 3861 quam
556 3788 590 3840 ut
604 3799 643 3840 ne
666 3778 740 3858 quid
761 3777 887 3856 impetu,
910 3794 950 3834 ne
972 3774 1044 3854 quid

149 3887 241 3926 Lutbsri
258 3898 309 3935 opp.
325 3889 351 3928 V,
364 3889 390 3926 Α.
405 3888 434 3926 ad
447 3887 487 3926 ref.
502 3887 552 3928 bist.
566 3887 582 3927 i.
596 3897 618 3936 p.
633 3889 684 3931 Vol.
698 3890 740 3931 111.
886 3858 930 3924 Ἃ
