2346 4208
343 259 474 312 Defensio
492 258 562 314 Phil.
581 259 643 314 hiel.
662 275 685 312 a.
704 259 763 315 lch.
779 258 843 315 an.
984 256 1048 323 493

125 446 169 506 nii
198 447 312 526 lector,
346 448 393 508 his
428 446 534 523 crede,
567 448 619 526 qui
647 454 825 526 praesentes
847 446 1048 528 disputationi

127 530 267 608 fuerunt,
295 539 327 592 et
347 531 490 591 humanis
512 529 671 590 affectibus
694 537 726 591 et
747 550 803 590 usu
824 531 1047 610 familiaritatis,

124 614 206 673 siout
225 613 395 694 Philippus,
416 632 480 673 non
504 613 696 675 distinentur.
732 613 876 676 Nostram
899 634 973 676 vero
996 633 1045 676 ex·

124 698 340 776 purgationem
374 697 447 757 boni
481 698 619 757 consule.
662 697 745 758 Deus
775 707 823 758 est
848 697 920 757 mihi
950 700 1046 776 testis,

125 779 209 859 quod
242 781 273 839 in
304 780 366 841 hoc
397 781 524 859 negotio
557 780 716 840 veritatem
751 779 823 840 fidei
856 780 1047 841 Christianae

125 881 242 942 quaero
267 872 297 922 et
317 865 370 924 Dei
390 863 551 925 honorem.
582 863 661 922 Vale
683 873 715 924 et
735 865 831 925 salve.
865 863 914 922 Ex
935 863 1047 943 Lipsia.

124 943 220 1006 XXV.
241 946 322 1018 lulli,
345 964 427 1007 anno
448 947 566 1025 gratiae
590 945 753 1007 M.D.XlX.

207 1111 397 1178 Defensio
424 1111 609 1194 Philippi
634 1110 962 1178 hislanohthonis

123 1254 233 1310 eontra
252 1248 421 1310 Iohannem
444 1249 589 1326 Eooium,
612 1247 804 1337 Theologiae
826 1248 1045 1311 Professorem.

285 1472 287 1477 ,
329 1384 537 1496 Philippus
559 1413 835 1474 Melanchthon

417 1531 557 1592 Candido
580 1531 701 1592 Lectori
722 1530 753 1595 S.

207 1696 361 1777 livuigsta
388 1705 436 1758 est
464 1697 670 1776 superioribus
693 1695 800 1757 diebus
823 1697 901 1756 forte
922 1697 1046 1758 fortuna

120 1779 807 1860 epistolaquaedamadOeooiampadium1]
831 1799 909 1858 mea,
929 1782 961 1839 in
985 1800 1045 1859 qua

121 1863 223 1923 amico
242 1871 273 1923 et
287 1865 486 1944 integerrimo
509 1866 576 1923 viro
599 1871 630 1923 et
651 1865 716 1923 veri
738 1864 950 1923 amantissimo
972 1883 1044 1943 pau-

121 1948 167 2006 cis
195 1954 312 2006 tantum
343 1949 445 2026 capita
473 1946 625 2025 quaedam
656 1946 796 2026 Lipsicae
828 1944 1044 2025 disputationis

121 2029 301 2090 adumbravi
329 2032 427 2109 magis
456 2047 548 2108 quam
577 2029 736 2109 descripsi.
779 2029 888 2107 Neque
916 2031 997 2088 enim
1025 2050 1044 2088 a

122 2109 305 2172 necessariis
335 2114 436 2193 operis
460 2132 571 2173 vacare
594 2113 625 2172 id
648 2114 795 2193 temporis
818 2112 929 2172 diutius
952 2111 1043 2173 daba-

120 2205 186 2272 tur,
217 2206 247 2255 et
274 2196 421 2276 pleraque
450 2200 514 2256 eius
544 2198 719 2256 certaminis
742 2195 893 2259 eiusmodi
915 2198 1045 2274 fuerant,

122 2298 202 2358 quae
231 2280 306 2339 citra
339 2280 484 2339 invidiam
516 2282 659 2360 persequi
682 2301 744 2340 non
766 2280 887 2339 licebat.
929 2280 992 2338 lam
1016 2287 1047 2339 et

122 2361 273 2441 quaedam
304 2363 421 2422 leviora
451 2363 648 2441 videbantur,
681 2382 771 2442 quam
800 2370 833 2423 ut
854 2364 890 2421 iis
913 2365 1045 2423 amicum

121 2445 217 2524 longe
246 2446 364 2505 felicius
393 2453 577 2525 occupatum
606 2465 775 2506 onerarem.
821 2447 922 2524 Atque
944 2447 975 2504 in
997 2445 1043 2504 his

121 2533 286 2608 praesente
319 2530 421 2589 animo
454 2531 536 2604 cavi,
570 2548 610 2588 ne
642 2547 817 2608 quenquam
845 2528 1044 2602 offenderem,

124 2613 174 2691 qni
207 2613 237 2670 in
271 2614 354 2671 omni
386 2631 475 2671 cursu
508 2614 590 2671 vitae
619 2631 708 2672 meae
730 2613 805 2671 nihil
827 2611 927 2672 habeo
949 2613 1043 2692 prius,

120 2694 197 2754 nihil
227 2695 307 2755 duco
340 2697 495 2773 antiquius
518 2696 669 2754 bonorum
691 2697 799 2775 gratia.
843 2695 883 2754 hlt
905 2705 937 2754 ut
958 2695 1043 2754 Chri·

123 2780 254 2838 stianum
285 2798 348 2839 non
371 2789 418 2837 est
439 2779 519 2838 mele
541 2780 650 2838 merito
673 2798 728 2859 par
749 2778 872 2853 referre,
895 2780 939 2837 ita
958 2778 1042 2838 inhu-

125 2880 247 2921 manum
278 2881 410 2940 censeo,
433 2863 485 2921 *nil
514 2862 594 2921 male
615 2870 782 2922 merentem
807 2861 947 2939 laedere,
981 2880 1042 2940 quo

121 2947 247 3004 nomine
275 2963 344 3004 cum
373 2944 463 3024 culpo
494 2955 557 3004 tum
591 2946 768 3025 suspicione
790 2945 900 3024 culpae
922 2943 1043 3004 liberari
1104 2960 1106 2964 ’

121 3028 212 3088 facile
241 3047 342 3107 spero.
387 3028 448 3087 lam
474 3035 503 3087 et
526 3037 688 3107 perspecta
709 3048 834 3105 eorum,
868 3029 919 3105 qui
941 3026 1042 3106 dispu-

122 3119 272 3188 taverunt,
296 3113 391 3170 virtus
406 3129 444 3170 ac
457 3111 586 3171 eruditio
601 3112 770 3173 admonere
782 3113 843 3170 mei
861 3130 910 3170 me
933 3112 1043 3191 potuit,
1111 3173 1113 3177 f

123 3212 162 3253 ac
174 3194 369 3273 persuadere,
383 3214 422 3254 ne
434 3213 608 3273 quenquam
620 3196 772 3255 incivilius
785 3196 1038 3273 perstringerem:

121 3295 223 3354 neque
252 3279 332 3336 enim
356 3285 418 3336 tam
441 3278 579 3356 stupidus
602 3299 686 3355 sum,
723 3288 839 3338 utnon
862 3277 1042 3357 intelligam,

121 3368 238 3438 quanto
270 3359 300 3418 id
333 3380 402 3420 meo
430 3361 566 3440 periculo
589 3361 685 3423 fieret.
729 3364 867 3423 Breviter
889 3364 1042 3422 sanctiore

122 3442 204 3522 apud
227 3462 276 3502 me
298 3442 370 3504 loco
395 3443 697 3524 Oecolampadius1)
723 3455 785 3524 est,
809 3464 899 3524 quam
923 3454 956 3505 ut
977 3446 1043 3505 eins

121 3528 246 3585 nomine
268 3526 307 3585 ad
330 3527 576 3587 calumniandum
600 3549 813 3609 quemcunque
835 3531 919 3590 abuti
941 3531 1042 3590 velim.

205 3609 352 3686 Proinde,
382 3629 583 3689 quaecuuque
612 3614 827 3693 complectitur
849 3614 980 3693 epistola
1002 3614 1041 3674 ad

195 3782 226 3844 1)
248 3783 278 3833 lu
298 3781 340 3834 ed.
359 3781 430 3835 lem:
450 3783 485 3833 ad
503 3782 535 3834 N.
558 3815 583 3823 -
607 3784 640 3839 N.
