2346 4208
337 270 410 331 xnt.
430 272 465 335 do
483 277 620 341 onustato
638 271 760 342 rapsa,
778 286 784 295 ·
955 271 1021 341 373

166 457 344 540 drogonus
366 459 388 521 1.
412 459 463 521 lib.
487 460 515 523 4.
539 459 692 541 Regiam.
735 460 886 541 Epistola.
912 464 961 527 32.
980 462 1023 523 li-

94 548 145 603 cat
164 561 220 621 per
240 544 422 605 autoritates
443 541 533 603 illas:
562 543 659 605 Pasas
681 563 757 607 oves
779 564 875 619 meas,
898 551 943 607 ct:
973 544 1023 607 Ta

92 645 126 684 es
158 624 264 693 Petrus
296 633 353 687 etc.
394 626 485 686 Petro
522 627 734 706 apostolorum
768 629 896 708 principi
926 630 1020 689 tubus

92 707 244 769 ecclesiae
267 728 370 771 curam
394 709 557 771 aDomino
581 711 777 771 commissam
801 710 892 786 dicat,
916 720 1018 773 tamen

91 792 122 851 in
157 790 216 852 bac
243 810 318 853 cura
337 792 454 853 nullum
477 793 656 872 episcopum
686 795 714 853 ei
734 812 946 855 successorem
968 812 1023 875 pa·

93 873 174 936 titur.
219 872 278 934 Sed
311 895 369 937 nec
391 876 512 937 Petrum
543 876 716 955 apostolum
742 877 945 939 universalem
967 897 1020 958 ap-

92 956 202 1036 pellari
221 956 312 1035 dicit,
344 957 480 1020 scribens
510 959 554 1025 ita
575 958 721 1025 Mauricio
744 959 885 1041 Augusto
912 960 953 1021 dc
973 960 1019 1023 Io·

91 1040 194 1101 banne
233 1040 595 1122 Constantinopolitano:
629 1040 709 1103 Cura
742 1044 835 1103 totius
867 1043 1021 1106 ecclcsiae

93 1131 125 1189 et
146 1124 335 1203 principatus
358 1125 449 1187 Petro
471 1126 687 1200 committitur,
723 1133 878 1187 ettamen
900 1127 1021 1191 univcr-

93 1205 166 1265 salis
186 1207 348 1285 apostolus
381 1227 445 1269 non
476 1215 611 1270 vocatur.
656 1208 695 1269 Et
722 1209 768 1269 vir
796 1211 1018 1287 sanctissimus,

93 1289 302 1350 consacerdos
325 1311 427 1367 meus,
450 1292 556 1351 vocari
580 1292 759 1352 universalis
782 1293 948 1373 episcopus
970 1311 1020 1355 co-

92 1379 191 1433 natur.
235 1372 419 1435 Exclamare
442 1373 629 1452 compellor,
652 1393 672 1436 o
695 1382 884 1453 temperas
908 1394 1020 1443 murco.

92 1453 132 1515 Et
153 1455 246 1516 infra:
277 1455 310 1516 Si
332 1476 446 1519 nomen
475 1456 549 1517 illud
572 1458 603 1515 in
626 1457 759 1519 ccclesia
780 1457 837 1518 sibi
859 1459 1019 1538 qnisquam

93 1539 213 1617 arripit:
239 1541 384 1601 universa
406 1559 480 1619 ergo
503 1540 636 1600 ecclesia
658 1539 760 1618 (quod
782 1540 876 1609 absit)
900 1561 919 1602 a
939 1547 1020 1603 statu

94 1640 151 1681 suo
173 1623 304 1699 corruit,
335 1623 460 1702 quando
482 1624 525 1698 is,
559 1623 610 1701 qui
632 1622 806 1703 appellatur
828 1624 1019 1700 universalis,

94 1703 186 1765 cadit.
229 1704 289 1765 sed
319 1704 400 1766 absit
427 1726 446 1766 a
475 1705 618 1767 cordibus
641 1706 883 1767 Christianorum
906 1725 1021 1769 nornen

92 1787 174 1848 istud
197 1786 424 1868 blasphemiae,
454 1791 484 1848 in
507 1809 567 1867 quo
590 1789 727 1849 omnium
750 1789 944 1850 sacerdotum
966 1789 1020 1851 ho·

94 1888 152 1931 nor
173 1870 326 1945 adimitur,
349 1871 419 1932 dum
441 1871 481 1932 ab
505 1891 566 1933 uno
589 1871 645 1933 sibi
668 1871 828 1933 dementer
849 1878 1020 1952 arrogatur.

176 1952 259 2014 Ecce
280 1953 387 2029 liabes,
408 1955 491 2033 quod
515 1954 726 2034 blasphemiae
748 1975 861 2017 nomen
885 1957 939 2032 sit,
955 1955 1020 2015 uni·

93 2037 222 2096 vernalis
244 2038 417 2117 episcopus.
462 2036 542 2112 Quid
565 2047 665 2118 putas,
692 2039 731 2098 de
753 2039 877 2099 nomine
900 2038 1020 2114 summi,

94 2120 229 2193 maximi,
252 2122 436 2181 sanctissimi
459 2121 614 2182 dixisset?

178 2201 334 2279 Sequitur:
359 2204 449 2264 Certe
472 2223 526 2283 pro
551 2205 583 2266 B.
596 2202 680 2264 Petri
707 2205 918 2288 apostolorum
941 2204 1020 2282 prin·

95 2287 170 2363 cipis
193 2285 321 2359 bonore,
345 2307 399 2367 per
420 2287 627 2347 venerandam
644 2287 929 2348 Chalcedonenscm
952 2306 1021 2366 syn-

96 2369 206 2445 odum,
235 2370 378 2429 Romano
413 2371 551 2449 pontitici
584 2371 721 2431 oblatum
744 2378 807 2446 est,
842 2370 896 2431 scd
920 2369 1021 2429 nullus

96 2470 201 2512 eorum
241 2470 375 2530 unquam
410 2454 471 2513 boc
504 2453 721 2532 singularitatis
758 2454 941 2514 vocabulum
975 2471 1021 2512 as·

96 2535 241 2612 sumpsit,
281 2555 338 2594 nec
360 2538 403 2595 uti
425 2537 597 2612 consensit,
620 2556 676 2615 ne,
699 2535 771 2595 dum
795 2538 944 2614 privatum
968 2535 1022 2595 ati·

96 2617 167 2694 quid
190 2616 313 2677 daretur
334 2620 401 2694 uni,
430 2619 549 2678 honore
577 2618 681 2679 debito
711 2620 902 2698 privarentur
923 2637 1021 2677 saner-

96 2700 185 2760 dotes
206 2703 349 2761 universi.

179 2783 375 2864 Perspicuum
399 2792 455 2861 est,
478 2785 560 2844 hunc
580 2784 780 2864 Gregorinm,
804 2785 854 2863 qui
877 2802 911 2843 se
933 2801 1022 2843 cunc·

97 2877 196 2926 torum
225 2867 419 2927 sacerdotum
453 2887 573 2927 servum
603 2868 705 2946 potius
735 2886 825 2944 quam
857 2866 1021 2926 Dominum

96 2956 204 3021 vocat,
227 2957 259 3008 et
279 2970 399 3010 servum
424 2969 581 3010 servorum
604 2951 676 3026 Dei,
700 2969 761 3010 uon
785 2949 952 3009 credidisse
974 2967 1022 3008 so-

96 3033 157 3092 lurn
185 3033 357 3093 Romanurn
388 3032 563 3112 pontificem
598 3034 679 3093 Petri
707 3051 916 3093 successorem
944 3051 1021 3106 esse,

97 3125 130 3174 ut
158 3118 208 3193 qni
232 3116 397 3176 abhorreat
424 3119 566 3195 princeps
589 3115 782 3176 sacerdotum
810 3122 841 3175 et
863 3117 1022 3195 episcopo-

98 3218 161 3257 rum
185 3199 257 3273 dici,
280 3219 347 3258 cum
372 3199 465 3258 illum.
481 3200 649 3278 principem
673 3199 884 3278 apostolorum
908 3197 999 3259 dicat.

179 3281 262 3341 idern
286 3285 315 3341 iu
340 3284 481 3360 sequenti
504 3283 638 3361 epistola
660 3282 696 3342 ad
715 3281 927 3343 Constantiam
950 3300 1022 3340 eun·

97 3365 165 3425 dem
201 3366 369 3425 Iohannem
404 3366 543 3426 Lucifero
577 3375 750 3444 comparat,
785 3365 908 3426 dicens:
945 3363 1024 3438 Quis

96 3449 180 3507 illum
204 3449 349 3508 videlicet
370 3451 522 3522 imitatur,
559 3450 610 3528 qui
641 3450 750 3527 spretis
780 3448 887 3508 sociali
909 3446 1022 3527 gaudio

97 3531 276 3610 angelorum
301 3532 473 3611 legionibus
497 3531 536 3591 ad
560 3533 678 3591 culmen
703 3538 831 3591 conatus
856 3538 904 3590 est
922 3531 1022 3610 singu·

99 3615 225 3674 taritatis
247 3634 416 3693 erumpere.

184 3697 266 3757 ldem
291 3697 432 3776 Epistola
454 3701 503 3762 36,
520 3697 572 3758 'ad
593 3697 757 3778 Eulogium
781 3695 1023 3757 Alexandrinum

98 3790 130 3843 et
149 3782 347 3844 Anastasium
369 3781 599 3845 Antiochenam
625 3780 804 3861 episcopos:
833 3779 917 3841 Sicut
938 3779 1038 3873 novit=
