2346 4208
163 288 184 349 4
553 285 678 356 Epistol·

165 474 300 534 omnium
323 474 458 534 maxime
470 472 615 546 declarat,
637 469 722 552 quod
743 479 833 531 natus
855 471 928 531 olim
951 471 982 530 in
1006 477 1086 530 terra

164 556 333 617 Bohemica
358 553 473 640 (teira,
500 558 642 635 inquam,
675 555 901 634 superstitionis
923 573 961 614 ac
982 553 1086 614 confu-

163 641 259 700 sionis
271 640 498 720 Babylonieae)
522 660 579 718 pro
592 639 715 700 modico
728 639 862 717 duxerin,
883 655 1087 718 regenerasse

163 723 285 784 Christo
320 730 464 803 parentes
486 731 556 783 tuos
579 722 734 800 carnaleS,
766 729 858 800 teque
893 721 984 780 simul
1017 738 1086 779 cum

162 806 223 866 illis
247 826 266 865 a
281 808 387 886 patriis
411 805 585 866 vindicasse
607 806 779 882 erroribus3
800 806 858 864 nisi
876 805 974 883 ipsam
993 805 1087 863 etiam

163 891 312 969 patriam
341 910 378 949 ao
400 896 496 949 totum
521 889 626 950 orbem
652 889 736 948 illum
759 889 958 947 Bohemicum
983 885 1089 969 (velut

164 973 243 1032 alter
266 972 404 1050 quidam
410 972 575 1053 Hercules)
602 972 778 1033 domesticis
805 989 971 1050 repurgare
1001 988 1088 1028 mon·

164 1056 233 1115 stris
256 1056 357 1115 Christ
346 1059 440 1134 toque
474 1048 723 1116 lucrifaceret
675 1075 710 1114 sa
711 1062 849 1134 tageres,
872 1051 1088 1128 declamando,

164 1138 333 1215 hortando
356 1137 568 1218 obsecrando,
591 1159 628 1198 ac
649 1137 855 1217 increpando,
878 1137 972 1216 idque
993 1135 1088 1216 paulo

165 1222 283 1281 minore
305 1220 471 1300 aliquando
487 1221 518 1303 1)
542 1223 695 1318 periculo,
719 1241 757 1282 ac
779 1221 890 1280 Paulus
913 1221 1017 1280 olim
1009 1237 1088 1298 lpse

250 1303 310 1364 Sed
334 1306 406 1364 vicit
428 1305 549 1365 demum
573 1307 668 1366 virtus
699 1303 863 1381 invidiam,
892 1311 984 1381 atque
1007 1301 1088 1362 adeo

165 1386 288 1467 quidem
311 1389 498 1467 praevaluit,
530 1396 563 1448 ut
585 1395 705 1467 spectat
706 1408 725 1447 o
749 1395 795 1446 tot
796 1389 840 1446 ies
862 1387 929 1446 zelo
951 1387 1089 1466 paterni-

164 1471 234 1530 tatis
257 1479 327 1530 tuae
349 1490 411 1531 non
434 1470 487 1530 fict
475 1479 517 1547 to,
540 1491 658 1531 summa
670 1471 793 1531 tandem
807 1470 1087 1531 ecclesiasticarum

161 1573 262 1612 rerum
286 1554 616 1634 (quantulacunque
609 1556 677 1613 rstic
710 1562 756 1613 est
787 1554 924 1632 reliqua)
956 1558 1086 1630 totaque

162 1636 420 1697 administratoria
454 1638 508 1698 illa
548 1638 680 1717 dignitas
714 1639 765 1696 uui
805 1635 859 1695 tibi
901 1633 1089 1695 demandata

163 1720 262 1779 fuerit.
303 1720 391 1780 Ubi'
383 1741 414 1780 m
438 1721 550 1782 mundo
585 1722 719 1781 hoctun
743 1720 927 1797 Bohemioo,
966 1717 1090 1796 nimbis,
1135 1782 1138 1787 r

165 1804 398 1883 tempestatibus
430 1812 460 1864 et
488 1806 575 1882 aquis
607 1805 633 1863 is
635 1805 673 1863 its
635 1802 950 1863 ctontradictionis
975 1764 1090 1876 (veluti

165 1886 353 1966 cataclysmo
378 1886 529 1967 quodam)
555 1887 742 1965 inundante,
766 1888 941 1965 apertisque
967 1885 1091 1944 maiori·
1136 1941 1140 1946 .

164 1969 220 2030 bus
243 1970 274 2027 in
297 1968 363 2028 dies
397 1988 533 2029 errorum
571 1972 732 2030 cataractis
767 1971 798 2028 in
831 1966 1015 2048 profundum
1038 1966 1091 2027 de-

165 2051 348 2128 scendente,
378 2059 425 2131 tu,
455 2060 600 2131 tanquam
636 2054 714 2113 alter
736 2052 842 2130 Noah,
876 2052 981 2126 Pater,
1019 2069 1088 2109 oum

166 2137 271 2214 paucis
295 2135 460 2195 admodum
490 2137 577 2196 iustis
601 2137 817 2215 Christumque
848 2134 1090 2215 agnoscentibus

166 2237 265 2278 arcani
287 2219 370 2276 illam
396 2220 573 2297 mysticam,
595 2220 656 2280 hoc
678 2227 741 2296 est,
776 2219 940 2280 ecclesiam
963 2217 1020 2276 Dei
1043 2215 1103 2276 sa?

166 2309 358 2360 crosanctam
384 2307 482 2380 (quae
515 2305 600 2362 iuxta
622 2303 806 2362 catholicum
832 2308 863 2360 et
884 2300 1090 2380 apostolicum

165 2385 266 2462 ritum,
289 2386 354 2443 sive
376 2384 438 2445 sato
463 2386 607 2465 quodam,
630 2388 695 2445 sive
717 2393 927 2465 patronorum,
951 2390 981 2443 et
1003 2402 1090 2462 prae-

166 2469 255 2546 cipue
294 2467 355 2526 divi
379 2469 563 2529 Vuenceslai
586 2469 743 2547 precibus,
777 2470 856 2528 inter
889 2475 934 2527 tot
963 2468 1090 2545 piratas,

166 2551 235 2610 istic
256 2551 357 2610 adhuc
378 2550 521 2626 fluctuat)
546 2551 619 2612 fidei
642 2553 730 2612 clavo
753 2550 904 2630 intrepide
924 2551 1088 2630 gubernas.

248 2633 372 2694 Utinam
401 2643 493 2714 atque
523 2637 636 2695 utinam
672 2634 736 2694 filia
764 2634 932 2714 Babylonis
966 2635 1089 2706 misera,

167 2717 228 2777 hoc
250 2726 306 2795 est,
328 2718 433 2777 infelix
456 2719 508 2778 itta
531 2728 641 2778 tuaac
670 2718 841 2778 errabunda
863 2717 1027 2794 Bohemia,
1060 2723 1090 2776 te

166 2802 345 2881 remigante,
366 2821 404 2861 ex
427 2810 473 2862 tot
494 2802 629 2881 scopulis
652 2810 683 2862 et
694 2802 838 2881 procellis
859 2802 891 2860 in
914 2806 1011 2860 tutum
1036 2799 1091 2859 ali-

166 2884 289 2964 quando
313 2893 434 2964 portum
458 2904 492 2944 se
514 2887 650 2966 recipiat.
695 2885 817 2945 Utinam
841 2883 965 2943 tandem
988 2884 1090 2962 sapiat

167 2976 200 3031 et
218 2967 381 3047 intelligat,
405 2976 467 3027 tum
490 2970 659 3029 novissima
681 2969 847 3048 providens
869 2967 908 3026 ad
921 2967 1088 3028 Dominum

167 3052 265 3110 Deum
288 3072 375 3111 suum
399 3059 559 3113 convertat
560 3074 594 3113 ur
616 3073 654 3112 ac
674 3052 789 3113 redeat.
834 3050 982 3125 Quisnam
1010 3048 1090 3129 proh

166 3135 294 3194 Deum
287 3136 491 3195 immortalem
516 3136 566 3196 hic
589 3138 689 3195 viscus
705 3142 752 3195 est
740 3134 852 3194 tadeo
868 3153 964 3212 usque
987 3151 1089 3208 euax,

167 3237 241 3300 quo
260 3218 338 3277 illita
372 3226 433 3277 tam
466 3218 572 3278 haeret
562 3229 665 3298 per
667 3226 773 3278 maor
751 3217 826 3277 er?
865 3217 1023 3277 Aurumne
1059 3223 1090 3274 et

167 3301 348 3382 argentum?
387 3302 429 3362 At
451 3303 602 3362 Christum
639 3301 765 3361 audiant
797 3300 966 3360 dioent2em
1008 3297 1088 3373 Quid

166 3385 293 3465 prodest
282 3384 441 3463 thonrini,
464 3385 650 3444 simundum
670 3384 1001 3458 univer-sumlucretur,
1024 3383 1087 3442 ani

168 3487 237 3529 mae
259 3487 332 3527 vero
356 3488 429 3527 suae
463 3469 538 3528 de
504 3476 626 3529 rrmen
629 3488 677 3528 um
711 3470 851 3548 patiatur.
901 3466 1089 3531 Libertasrre‚

168 3571 206 3610 an
229 3552 403 3631 pernicidsa
425 3554 527 3632 potius
551 3551 700 3632 peccandi
724 3551 870 3611 licentia?
898 3549 940 3610 At
962 3548 1091 3609 credant

167 3635 276 3695 saltem
299 3636 401 3713 Petra,
424 3637 474 3714 qui
496 3638 578 3696 Petri
601 3634 742 3694 diffidunt
764 3633 1004 3708 successoribus,
1026 3651 1087 3691 non

237 3808 268 3877 1)
291 3809 318 3862 in
340 3807 382 3862 ed.
404 3809 464 3862 Jeu.
484 3808 554 3865 1556
572 3807 691 3876 legitur:
711 3804 862 3874 aliquanto.
