2346 4208
123 287 185 355 164
462 288 620 344 Confitendi
636 291 709 344 ratio

13 469 18 477 ’
124 476 172 536 cie
193 476 258 536 irae
268 475 469 556 peccaverit,
492 494 533 535 an
555 473 637 552 odio,
660 492 699 534 an
717 473 917 536 detractione
938 482 971 537 et
992 495 1048 537 ma

123 558 300 634 ledictione,
322 579 361 619 an
384 577 480 638 opere
499 559 578 638 ipsu.
622 557 725 619 Sinin
746 559 877 637 ceteris,
900 558 985 620 sicut
1003 559 1049 621 de

124 641 188 702 dita
217 661 313 721 opera
344 648 472 703 conatus
505 659 571 700 sum
606 642 638 700 iu
665 641 885 722 praeceptaria
916 661 989 705 meo
1023 649 1050 703 et

41 736 44 745 ·
123 724 279 786 schedulis
304 724 523 804 decalogorum
546 731 727 785 mensuare.

206 841 321 903 Contra
341 842 420 902 haec
442 841 516 901 nihil
541 851 675 920 moveat,
697 841 780 921 quod
803 843 834 902 iu
848 841 994 903 Decretis
1015 842 1050 904 dc

123 943 195 1007 pce.
218 932 250 985 et
272 932 380 1003 quarto
395 924 619 985 Sententiarum
637 925 726 985 aliter
746 929 897 986 tractetur
917 927 980 987 ista
993 946 1050 988 ma

123 1009 211 1069 teria.
255 1007 351 1069 Plena
373 1015 444 1068 sunt
466 1009 569 1068 omnia
591 1003 732 1068 humanis
755 1009 956 1071 commentis.
990 1009 1051 1070 Nec

126 1091 252 1169 mirum,
282 1090 406 1169 quando
440 1096 635 1170 sumpserunt
656 1110 712 1151 sua
741 1093 847 1152 omnia
881 1112 922 1153 ex
945 1092 1050 1155 libello

131 1173 264 1253 quadam
278 1173 458 1255 apocrypho
483 1181 514 1234 et
535 1173 681 1251 indocto,
695 1176 746 1254 qui
771 1174 899 1236 devera
921 1182 956 1237 et
977 1176 1052 1238 falsa

125 1257 317 1338 poenitentia
338 1246 370 1317 Β.
395 1258 569 1338 Augustino
599 1258 778 1338 inscriptus,
811 1258 928 1338 ubique
964 1258 1050 1320 titulo

124 1340 252 1400 mentito
275 1340 453 1402 celebretur.

514 1557 654 1620 Decimo.

205 1745 238 1805 ln
286 1745 428 1806 facienda
456 1744 653 1806 confessione
689 1742 854 1824 diligenter
895 1745 1053 1810 observari

124 1835 266 1909 oportet,
298 1834 331 1889 ut
354 1829 450 1889 multo
474 1828 649 1888 discrimine
671 1826 885 1888 discernantur
912 1839 1052 1911 peccata,

122 1931 202 1992 quae
225 1918 332 1971 contra
354 1912 457 1972 divina
470 1911 625 1990 mandata,
648 1917 893 1989 etquaecontra
918 1912 1053 1977 humana

124 2001 239 2057 statuta
260 1996 426 2056 commissa
456 2001 536 2055 sunt.
578 1994 646 2071 Hoc
679 1993 766 2072 dicu,
799 1995 872 2074 quia
893 1995 994 2060 bodie
1014 2000 1054 2058 in·

122 2079 218 2139 valuit
239 2079 374 2158 insania,
411 2085 459 2157 ut,
493 2097 573 2157 quae
595 2086 703 2138 contm
723 2077 847 2138 decreta
871 2081 1053 2158 pontificum

125 2167 304 2243 peccantur,
326 2162 403 2223 mira
415 2180 487 2221 cura
500 2160 710 2239 observentur,
734 2179 814 2239 quae
832 2168 946 2224 contra
958 2165 1053 2226 Deum

124 2264 218 2323 vero,
242 2245 290 2305 vel
318 2265 414 2325 parva
449 2245 497 2304 vel
530 2245 624 2306 nulla.
667 2243 827 2324 Exemplis
857 2245 914 2306 tibi
949 2257 1053 2309 notum

126 2328 245 2394 faciam.
288 2328 621 2388 lnveuisssacerdotes
641 2334 672 2388 et
689 2327 864 2407 religiosos,
887 2331 953 2410 qui,
977 2333 1004 2392 si
1026 2332 1052 2391 in

125 2429 248 2473 canone
271 2413 383 2472 missae
414 2411 464 2471 vel
488 2410 639 2492 syllabam
662 2410 794 2470 titubent
825 2417 879 2471 aut
901 2422 1052 2495 repetant,

124 2495 230 2556 nescio
254 2494 337 2573 quod
359 2495 443 2555 velut
464 2502 633 2556 monstrum
656 2494 889 2572 exhorrescant,
914 2515 988 2559 cum
1010 2499 1054 2559 hic

124 2578 175 2639 vel
196 2578 344 2638 naturalis
366 2578 492 2660 linguae
514 2578 668 2656 defectus,
700 2577 749 2638 vel
783 2596 875 2639 casus
903 2583 1052 2663 quispiam

125 2660 241 2722 nullum
263 2669 424 2741 peceatum
446 2661 561 2722 fecerit.

206 2780 301 2842 Porro
323 2779 425 2840 nullus
448 2784 511 2857 est,
534 2779 605 2858 quin
628 2776 811 2839 confiteatur
833 2797 907 2842 sese
930 2782 1052 2846 mutae

126 2868 189 2924 tum
213 2862 319 2942 fnisse,
342 2881 398 2924 sua
419 2862 649 2942 praeparatoria
671 2880 733 2921 non
756 2862 882 2942 legisse,
905 2876 962 2928 aut
984 2868 1053 2929 elias

127 2946 312 3006 anilissimas
334 2964 442 3027 nugas.
485 2946 554 3006 Fuit
573 2965 667 3024 unus,
690 2945 741 3023 qni
763 2952 809 3004 ter
829 2949 935 3010 accito
961 2970 1053 3013 sacer·

128 3028 204 3090 dote
225 3031 256 3089 in
280 3029 368 3090 altari
390 3032 449 3091 iam
473 3029 632 3090 celebrans
656 3027 870 3106 confiteretur,
893 3040 966 3094 utut
988 3031 1051 3116 quid

128 3111 302 3190 incidisset,
334 3112 467 3192 denique
490 3111 604 3173 diaboli
626 3113 687 3173 ista
708 3110 825 3172 ludicra
850 3114 979 3180 infinita
999 3115 1051 3180 vidi

128 3195 233 3257 multis
255 3203 341 3257 tanta
362 3197 456 3258 fnisse
478 3198 567 3275 seria,
590 3202 623 3255 ut
643 3214 741 3278 prope
762 3196 963 3264 insanierint.

211 3297 253 3357 At
274 3298 374 3376 quiin
398 3297 492 3358 corde
524 3296 626 3358 odium
655 3296 705 3358 vel
727 3296 877 3358 invidiam
901 3303 1049 3364 occultam

123 3378 262 3458 alerent,
293 3388 366 3441 ante
389 3387 421 3442 et
441 3387 514 3462 post
534 3382 659 3440 missam
683 3379 928 3463 maledicerent,
960 3389 1050 3449 otium

123 3462 343 3543 fabularentur,
359 3463 565 3543 detraherent,
579 3464 653 3524 nihil
669 3463 824 3528 movebat.
870 3465 968 3532 Unde
983 3471 1050 3532 haec

122 3547 331 3626 perversitas?
353 3547 402 3607 Ex
425 3546 640 3609 traditionibus
657 3548 817 3608 hominum
839 3557 1048 3616 aversantium

125 3626 178 3712 (ut
198 3629 368 3712 Apostolus
383 3631 444 3709 ait)
460 3632 631 3694 veritatem.
674 3631 715 3690 Idt
736 3633 807 3710 quia
821 3631 891 3695 Deo
915 3655 1049 3701 verorum

122 3722 319 3793 peecatorum
348 3714 576 3776 consessionem
606 3714 801 3795 negleximus
835 3715 970 3803 offerre,
1003 3730 1048 3784 cr·

120 3796 198 3859 didit
230 3799 261 3860 in
285 3817 408 3860 sensum
440 3799 623 3880 reprobum,
658 3807 692 3858 ut
712 3797 794 3860 dctis
824 3807 970 3881 peccatis
997 3821 1048 3868 nos
