2346 4208
183 250 249 318 lffi
457 252 851 320 timu-mum

184 438 232 501 tit
261 447 294 499 et
320 447 352 499 te
380 438 422 499 nd
441 439 597 499 etnim
630 439 779 507 und-eu
810 448 846 499 ut
876 441 978 534 ponus
1006 440 1109 514 nort,

184 530 317 603 peceato
343 531 377 581 et
403 524 523 583 interno
552 525 600 582 sie
620 522 738 582 disere:
766 523 851 582 Dent
871 523 1013 616 pronrn't
1034 521 1110 581 nitu

185 607 318 701 gratiam
347 625 455 683 sun,
484 608 614 702 dunque
645 609 691 666 rei
720 618 840 666 eertum
870 605 959 667 dedit
985 607 1109 685 signum

186 707 244 749 eeu
260 691 372 769 pignus
393 689 580 769 quoddam
571 710 602 748 m
623 692 842 751 mentm.
874 688 960 768 qnod
986 700 1021 748 et
1044 689 1109 747 rita

185 771 298 833 urrisu
319 791 420 832 meur
440 782 572 832 mortem
592 792 650 831 suo
670 784 769 833 morte
791 773 955 849 deriserit,
982 784 1016 831 et
1035 770 1108 832 obe

185 854 305 916 dientit
323 855 436 915 Christi
459 875 530 915 mes
549 856 707 915 sustulerit
727 876 784 915 sus
805 859 954 935 passione
968 861 1109 934 pene-tit,

185 946 220 998 et
238 957 328 998 amor
339 938 492 1016 Christi,
483 959 516 998 m
537 939 812 1015 uuidereiietione,
833 940 987 999 infernum
1006 957 1109 998 meum

185 1020 401 1082 devastaverit

268 1104 616 1185 Haeesigmgratise,
642 1105 722 1164 ineo
748 1107 823 1164 item
850 1105 958 1165 solutis
980 1106 1110 1183 promie

185 1189 234 1248 tio
266 1207 423 1267 nunqnam
446 1208 496 1247 me
516 1188 613 1264 fallet,
634 1188 719 1247 Dens
740 1191 896 1267 promisit,
919 1189 1006 1248 Dens
1026 1206 1110 1249 men-

186 1272 236 1331 tiri
256 1289 321 1330 non
341 1279 462 1350 potest,
495 1271 553 1330 Dei
583 1290 685 1349 neque
706 1271 806 1348 diota,
832 1291 934 1350 neque
954 1271 1038 1330 sueto
1056 1269 1111 1330 iul·

186 1355 262 1414 lunt
304 1352 366 1428 Qui
396 1354 437 1414 ed
462 1354 545 1413 huno
575 1354 700 1414 modum
729 1356 824 1414 verbo
846 1356 1047 1428 Deinititur,
1079 1360 1111 1416 et

184 1438 389 1497 mentis
422 1456 480 1497 cen
506 1437 610 1497 inieris
644 1456 731 1497 susm
760 1446 914 1498 sustentat
942 1437 1112 1514 soumis

189 1539 252 1580 non
274 1520 403 1580 multum
425 1520 465 1581 de
487 1521 772 1615 praedestinatione
793 1521 944 1581 soffieitus
964 1521 1037 1600 d,
1053 1519 1112 1581 sed

186 1611 272 1664 eerto
294 1606 408 1664 sentiet
430 1605 528 1664 Deum
559 1606 606 1664 sui
628 1607 785 1664 misertum
806 1607 839 1663 in
859 1606 992 1685 grafium
1010 1622 1046 1665 se
1066 1623 1113 1664 re

186 1705 225 1747 es
245 1688 319 1746 isse.

225 1707 245 1767 p
271 1769 367 1830 Sexto
389 1769 529 1848 decium,
569 1771 631 1830 hoo
656 1771 750 1851 igitur
776 1772 913 1830 omnium
941 1771 1110 1829 maximum

187 1863 251 1930 est,
284 1861 318 1913 ut
354 1852 587 1934 magnificemus
619 1862 652 1914 et
682 1873 879 1914 revereamur
905 1860 1110 1929 semente,

187 1938 288 2016 iisque
319 1937 501 2013 innitamur,
538 1939 721 2015 proponitur
754 1939 837 1997 enim
866 1936 957 1997 nobis
987 1938 1021 1995 in
1048 1935 1110 1995 illis

187 2021 315 2080 verbum
341 2019 416 2097 Dei,
451 2021 616 2098 promissio
647 2030 679 2080 et
707 2022 827 2099 signnm
856 2020 952 2080 divini
984 2020 1110 2079 invoris.

187 2103 265 2163 Tum
289 2110 392 2161 sutem
413 2102 489 2161 illud
511 2101 579 2179 fret,
613 2122 682 2163 oum
704 2103 865 2164 credemus
903 2122 1005 2181 neque
1025 2101 1111 2162 dubi-

187 2185 321 2246 tubimus
343 2194 406 2243 tum
430 2185 469 2244 de
481 2188 692 2265 sacramentis,
714 2195 777 2246 tium
799 2188 837 2246 de
860 2188 897 2246 iis
915 2186 1017 2261 rebus,
1039 2204 1111 2263 qus·

187 2289 254 2328 rum
278 2276 349 2327 sunt
369 2270 467 2348 signa.
510 2268 601 2342 Quod
626 2273 651 2328 si
673 2269 802 2347 dubites,
824 2271 901 2329 nihii
923 2272 1051 2330 omnino
1073 2288 1112 2328 es

187 2351 242 2411 tibi
272 2350 447 2430 proderunt.
493 2352 581 2430 Nam,
603 2355 682 2412 siout
703 2352 842 2426 Christus
869 2353 958 2415 dioit:
988 2353 1111 2413 Unicui-
1150 2365 1153 2369 ’

186 2453 249 2513 que
269 2433 305 2494 fit
325 2435 492 2495 seeundum
516 2436 608 2495 fidem
630 2456 727 2496 susm.

271 2516 352 2591 Quid
381 2520 479 2597 enim,
512 2538 643 2598 quaeso,
677 2521 731 2581 tibi
759 2519 920 2598 profuerit,
943 2521 969 2578 si
1001 2517 1110 2578 eredes

186 2599 341 2661 Christum
366 2607 504 2682 peecata,
528 2611 657 2662 mortem
680 2613 712 2662 e't
733 2603 883 2662 infernum
906 2603 1037 2663 eliorum
1059 2601 1110 2661 de·

187 2685 309 2762 risisse,
332 2692 364 2745 et
384 2705 448 2746 non
471 2686 578 2746 oredss
601 2687 753 2747 devicisse
774 2706 843 2745 eum
868 2696 949 2746 tuom
970 2693 1111 2763 mortem,

188 2777 241 2828 tus
261 2777 405 2849 possets,
440 2778 471 2829 et
499 2778 583 2828 tuum
610 2771 779 2847 infernum,
808 2775 898 2848 teque
919 2768 1111 2829 redemisse?

187 2851 312 2912 Frustra
332 2871 456 2931 quoque
477 2862 704 2914 sacromentum
727 2873 845 2926 sumes,
872 2856 898 2912 si
921 2872 984 2913 non
1003 2851 1112 2913 eredes

188 2937 293 2995 omnis
314 2936 384 3013 ills,
418 2954 498 3014 quse
530 2939 561 2996 in
586 2932 781 2997 isorsmento
805 2936 859 2996 tibi
882 2938 1112 3016 promittuntur,

187 3019 218 3078 in
247 3026 277 3078 te
303 3021 363 3078 ism
386 3019 501 3079 collatu
533 3040 571 3080 eo
602 3029 656 3081 tua
682 3041 752 3081 esse
780 3021 871 3080 fanu.
917 3021 1030 3079 Verum
1051 3019 1114 3079 hoo

188 3103 323 3162 omnium
348 3109 396 3162 est
417 3105 631 3182 gravissimum
646 3113 807 3184 peceatum
820 3105 1006 3183 existimare,
1029 3103 1111 3182 quod

188 3191 220 3246 et
240 3187 271 3245 in
299 3186 394 3246 verbo
417 3206 489 3264 suo,
519 3189 609 3268 signo
639 3195 671 3248 et
702 3208 797 3268 opere
832 3188 915 3247 Deus
938 3190 1113 3266 mentietur,

186 3269 261 3329 item
282 3271 467 3347 existimare,
490 3271 573 3349 quod
596 3272 680 3332 diost
700 3281 731 3333 et
742 3273 911 3352 promittet,
934 3290 1112 3352 quseproe-

188 3360 270 3414 stare
291 3372 446 3432 nunquam
470 3355 553 3415 velit.

271 3436 341 3497 Non
361 3438 454 3517 igitur
471 3438 548 3497 levis
570 3459 619 3498 res
642 3446 698 3518 est,
721 3448 947 3500 sacromentum
960 3440 1114 3519 sooipere,

187 3521 348 3663 requiritur
372 3521 410 3580 sd
432 3519 463 3580 id
485 3520 579 3601 fides,
615 3542 676 3601 qus
702 3543 811 3583 seours
833 3547 867 3585 se
887 3523 947 3583 illis
972 3523 1029 3582 Dei
1051 3523 1114 3602 sig·

187 3606 288 3664 nise
269 3606 582 3684 etpromissionibus
613 3609 725 3667 oommi
727 3612 794 3668 t.tut
837 3611 920 3669 Deus
954 3609 1037 3667 enim
1058 3627 1113 3667 no-

187 3694 266 3764 ster,
288 3688 372 3748 Deus
394 3696 535 3750 servator
556 3698 618 3768 est,
655 3693 706 3770 qui
730 3711 748 3750 s
769 3701 906 3770 morte,
927 3698 1058 3772 peooato
1084 3699 1115 3750 et

188 3771 305 3832 inferno
335 3792 392 3832 nos
427 3773 543 3834 liberet.
589 3774 658 3836 Nou
688 3777 780 3855 igitur
812 3778 1041 3839 oontemnendo
1062 3798 1114 3838 ne-
