2346 4208
344 270 397 326 pro
413 253 617 310 Laborantibus
636 260 664 309 et
681 253 819 310 Onerabit.
1005 253 1046 319 93

122 448 248 524 petant,
274 443 300 503 ei
319 461 382 503 non
403 443 470 524 ipse
492 443 643 522 obstaret,
671 461 708 503 ao
730 445 755 504 si
777 440 874 504 dieat:
897 441 992 505 Satan
1014 449 1046 504 at

124 525 222 586 sabos
246 527 396 600 malorum
419 529 537 608 expetit
558 535 603 604 te,
637 532 671 586 ut
693 525 805 587 cribret
826 534 872 605 te,
908 526 964 586 sed
985 545 1044 608 ego

123 609 221 689 posui
238 610 401 669 terminum
424 612 532 687 maris,
556 616 587 670 et
608 609 671 669 dixi
694 611 736 670 ei:
768 609 837 670 Huo
865 611 1046 689 pervenient
1071 655 1075 662 .

123 698 159 753 et
178 692 412 774 eonfringentur
432 700 584 753 tumentes
606 692 716 753 fluetus
738 694 797 772 tui,
820 693 899 753 siout
920 692 994 753 dioit
1014 693 1045 752 in

123 774 190 836 lob,
213 776 262 840 38.

210 858 323 922 Verum
347 864 426 938 esto,
448 859 564 919 nullum
589 876 695 918 eorum
718 860 757 918 sit
774 867 935 919 venturum
956 858 1045 935 forte,

123 943 172 1002 sio
194 941 261 1002 Deo
283 941 418 1021 volente,
442 942 551 1002 saltem
572 940 662 1020 illud,
689 940 772 1020 quod
806 944 942 1002 omnium
964 943 1046 1002 terri-

123 1024 232 1087 bilium
254 1026 421 1085 maximum
445 1025 570 1102 dieitur,
607 1025 725 1085 soilioet
762 1043 844 1085 mors
878 1025 1046 1085 certissime

124 1108 227 1168 futura
249 1115 305 1186 est,
329 1115 359 1167 et
380 1108 455 1169 nihil
477 1109 622 1169 ineertius
643 1107 719 1167 hora
742 1109 817 1168 eius.
854 1108 949 1183 ,Quod
973 1127 1047 1168 sane

125 1191 242 1250 malum
264 1198 381 1251 tantum
411 1198 473 1270 est,
509 1190 727 1261 *videamus
761 1191 873 1252 multos
906 1192 1046 1252 homines

125 1275 221 1335 etium
245 1292 314 1334 eum
338 1274 479 1337 omnibus
510 1274 674 1355 praedietis
704 1275 793 1333 malis
822 1275 913 1334 malle
935 1277 1047 1350 vivere,

126 1376 222 1438 qnam
244 1357 305 1417 illis
327 1357 421 1418 linitis
443 1357 540 1418 semel
562 1359 649 1420 mori.
676 1359 779 1436 Atque
801 1358 873 1417 huie
895 1359 956 1435 uni,
978 1377 1046 1418 oum

126 1447 233 1501 uetera
265 1448 458 1520 contemnat,
490 1440 645 1521 Soriptura
678 1459 801 1520 quoque
833 1441 1049 1502 accommodat

126 1525 271 1585 timorem
300 1522 406 1584 diosna
420 1525 474 1601 *):
518 1525 690 1584 Memorare
721 1525 890 1584 novissima
915 1530 983 1602 tua,
1017 1531 1048 1585 et

126 1607 161 1666 in
183 1612 342 1666 aeternum
364 1626 428 1667 non
449 1605 602 1687 peooabis.
645 1607 713 1666 Huo
733 1606 817 1685 vide,
850 1614 927 1686 quot
953 1606 1046 1667 medi·

126 1690 279 1767 tationes,
302 1697 379 1769 quot
399 1690 481 1769 libri,
509 1696 585 1769 quot
606 1689 705 1768 modi,
733 1696 809 1769 quot
829 1689 966 1750 remedia
987 1692 1049 1750 sint

127 1779 289 1853 congesta,
312 1780 344 1833 ut
364 1773 423 1833 hao
444 1776 532 1832 unius
562 1773 634 1832 mali
657 1774 804 1833 memoria
824 1774 959 1852 peooatis
980 1773 1047 1835 aba

128 1863 275 1934 teneant,
297 1855 442 1916 mundum
462 1856 726 1936 contemptibilem
741 1856 864 1935 faciant,
886 1858 1048 1937 passiones

128 1945 163 2000 et
184 1939 267 1999 mala
288 1939 437 1999 allevient
458 1948 488 2000 et
511 1940 671 2000 tribulatos
693 1939 901 2019 eonsolentur,
925 1958 1047 2020 eompa-

128 2024 251 2083 ratione
272 2029 334 2082 tam
356 2023 509 2084 horribilis
533 2029 564 2083 et
586 2025 705 2104 magni,
733 2021 787 2082 sed
809 2023 974 2102 aliquando
997 2043 1047 2083 ne-

130 2107 258 2166 cessarii
281 2107 362 2166 mali.
391 2107 489 2167 Nemo
513 2114 570 2185 eat,
592 2108 718 2186 quinon
733 2108 838 2167 omnia
860 2106 942 2166 mala
963 2113 1049 2186 optet

129 2188 242 2265 subire,
265 2191 291 2248 si
313 2209 368 2269 per
389 2209 427 2249 ea
448 2189 555 2250 lioeret
582 2198 613 2249 et
634 2191 741 2251 mortis
770 2190 881 2249 melum
906 2190 1047 2264 evadere.

128 2271 314 2333 HoeSanoti
337 2292 460 2351 quoque
482 2275 654 2351 timuerunt,
676 2273 950 2349 hoscaristusrb)
979 2292 1048 2334 oum

128 2374 247 2436 pavore
269 2365 300 2415 et
322 2357 492 2436 sanguineo
515 2357 628 2417 sudore
650 2356 777 2435 subivit,
806 2358 848 2416 ita
883 2363 915 2417 ut
936 2358 1050 2417 miseri·

127 2438 235 2499 cordia
247 2438 444 2500 divinanullo
460 2441 577 2500 maiore
586 2441 1048 2520 negotioouraritpusillanimes

127 2522 315 2601 confortare,
338 2542 429 2601 quam
453 2525 483 2582 in
507 2522 567 2583 hoo
588 2522 685 2600 malo,
714 2529 747 2582 ut
769 2524 940 2584 videbimus
961 2525 1046 2585 infra.

213 2605 298 2665 Haeo
320 2608 424 2666 omnia
445 2625 519 2667 vero
542 2607 718 2666 eommunia
739 2613 811 2666 sunt
833 2605 973 2667 omnibus
995 2609 1047 2668 ho·

130 2688 272 2766 minibus,
296 2690 375 2749 sieut
396 2698 427 2749 et
448 2691 624 2750 eommunia
645 2689 751 2749 salutis
766 2688 917 2750 benefiaia
938 2692 968 2749 in
992 2692 1049 2751 eis·

128 2773 200 2833 dem
226 2772 321 2834 malis.
379 2773 520 2833 Ceterum
551 2773 730 2833 Christianis
767 2792 850 2833 nova
882 2792 976 2833 eausa
1001 2783 1050 2834 est

128 2855 259 2917 timendi
290 2857 380 2916 futuri
415 2857 487 2916 mali
510 2864 541 2916 et
562 2858 700 2936 propria,
739 2874 818 2935 quae
841 2858 945 2917 omnia
968 2858 1049 2918 mala

127 2939 288 3020 praedicta
309 2939 398 2999 iaaile
422 2948 554 3020 superet.
588 2940 675 3000 Haeo
696 2948 751 3019 est,
776 2958 867 3018 quam
889 2941 1049 3020 apostolus

129 3023 238 3103 pingit,
264 3026 289 3086 1.
315 3023 385 3086 Gor.
412 3025 459 3085 10.
483 3024 603 3084 disens:
633 3022 691 3098 Qui
714 3031 792 3102 stat,
815 3023 979 3084 videatne
1001 3044 1050 3084 oe-

130 3106 193 3167 dat.
260 3106 347 3166 Adeo
392 3106 509 3167 lubrioe
551 3109 600 3167 via
635 3116 695 3185 est,
738 3107 817 3168 adeo
849 3116 960 3188 potens
1004 3115 1051 3168 eat

129 3189 228 3249 hostis
260 3194 394 3249 armatus
428 3191 540 3250 nostris
576 3192 705 3272 propriis
742 3191 873 3269 viribus,
911 3190 958 3269 (id
993 3200 1049 3269 est,

130 3274 231 3332 earnis
255 3280 286 3332 et
307 3275 442 3332 omnium
465 3272 661 3334 affectionum
687 3273 835 3334 malarum
858 3274 1049 3357 praesidiis),

130 3357 260 3436 stipatus
282 3357 407 3416 infinitis
430 3356 534 3416 mundi
558 3359 672 3437 oopiiS,
696 3357 813 3418 deliciis
836 3367 865 3418 et
888 3360 1049 3437 voluptati-

130 3439 188 3500 bus
211 3460 230 3500 a
253 3439 377 3518 dextra,
416 3441 630 3519 asperitatibus
654 3449 685 3502 et
705 3442 864 3502 hominum
887 3441 974 3501 malis
998 3462 1049 3502 vo-

130 3523 297 3584 luntatibus
320 3543 339 3583 a
360 3524 492 3602 sinistra,
510 3532 631 3603 praeter
653 3545 732 3604 eam,
755 3544 814 3605 qua
835 3528 902 3605 ipse
924 3527 1050 3586 instruo·

130 3607 265 3666 tissimus
288 3614 336 3666 est
358 3607 440 3666 mille
462 3607 561 3667 modis
589 3609 736 3683 nocendi,
771 3608 955 3685 seducendi,
984 3629 1050 3689 per-

205 3796 232 3860 ⁸)
252 3796 348 3849 Siraeh
367 3797 393 3850 7.
432 3796 480 3864 ”)
503 3800 591 3850 Lucae
610 3798 654 3853 22.
766 3830 768 3837 ·
