2346 4208
390 287 487 336 contra
506 298 615 336 errores
634 281 668 336 ll.
687 279 768 338 curn.
987 280 1051 348 287

150 468 257 548 ¹ribus,
279 471 327 530 tot
348 470 540 552 elegantibus
564 470 801 550 scortatoribus,
824 477 932 553 totque
953 471 1049 534 domi·

162 553 211 612 nis
231 564 336 634 parce,
348 554 485 634 Decime,
508 575 548 615 ne
570 554 680 635 siquid
702 554 752 616 vel
772 555 847 617 ebrii
865 557 1050 635 censuerint,

161 634 401 716 piaculum'boo
425 639 469 698 eis
492 641 537 698 sit.

164 723 201 794 o)
225 717 352 785 Nellos
386 722 559 802 opprimas,
591 722 669 782 irate
690 720 771 800 beo,
803 740 882 803 opus
905 740 1049 783 manuum

164 809 294 863 tuarmn.
328 836 331 841 ·

183 882 355 969 usonem)
364 884 513 967 Regibus,
525 887 718 967 lmperatoris
728 886 930 963 illectoribus,
938 887 1052 948 Princi-

120 967 225 1049 pibus,-
243 968 388 1048 Ducibus,
411 969 646 1049 llsrchionibus,
667 969 847 1048 comitibus,
870 968 1051 1050 Beronibus,

122 1051 312 1132 (lapitensis,
325 1051 580 1130 conductoribus,
593 1052 1051 1134 Domicellis,omnibusque0f·

121 1132 283 1212 dcialibus,
306 1134 468 1214 iudicibus,
491 1135 860 1198 Notariis'acclesiasticis
883 1144 914 1198 et
935 1137 1051 1198 seculu-

123 1215 219 1295 ribus,
241 1217 528 1296 (lommunitatibus,
550 1219 815 1297 Universitatibus,
828 1219 1051 1298 Potentatibus‚

125 1300 324 1381 mantibus,
346 1303 471 1379 castris,
505 1305 592 1363 terris
614 1309 646 1364 et
667 1303 761 1382 locis,
795 1323 848 1363 seu
871 1323 976 1365 eorum
1000 1304 1050 1365 vel

123 1401 229 1444 aarum
253 1384 380 1464 ciuibus,
403 1385 625 1447 habitatoribus
640 1392 672 1447 et
692 1387 812 1464 incolis,
834 1404 871 1445 ac
892 1386 1050 1467 quibusvis

123 1466 192 1529 aliia
204 1469 355 1548 personis,
377 1468 605 1548 ecclesiasticis,
627 1467 677 1529 vel
695 1466 885 1550 regularibus
901 1476 952 1550 (ut
963 1489 1049 1550 prae-

123 1548 236 1633 fertur)
262 1569 317 1630 per
345 1552 520 1612 universum
554 1551 659 1613 orbem
678 1551 878 1632 ¹ubicunque,
911 1572 1048 1633 praeser-

123 1633 469 1712 damnaremus
500 1635 718 1716 existentibus,
743 1635 800 1695 ‘vel
828 1654 886 1715 pro
909 1642 1049 1718 tempore

123 1715 242 1796 laturis,
264 1717 470 1798 neprcefatos
486 1724 615 1796 errores,
638 1725 691 1778 aut
705 1725 810 1780 eorum
829 1718 959 1798 aliquos,
981 1739 1048 1801 per-

124 1818 311 1880 uersumque
339 1800 509 1862 doctrinam
539 1800 932 1880 huiusmodtassererec),
971 1801 1048 1863 affir-

122 1901 222 1962 mare,
244 1881 433 1962 defendere,
448 1884 643 1965 praedicere,
665 1892 718 1945 aut
738 1884 781 1945 illi
804 1885 1039 1965 quomodolibet

121 1964 248 2048 publice
270 1967 320 2028 vel
352 1969 490 2046 occulte,
524 1970 634 2049 quovis
667 1969 806 2048 quaesito
839 1970 965 2049 ingenio
999 1933 1048 2030 vei

120 2048 231 2112 colore
252 2051 345 2112 tacite
367 2051 417 2112 vel
440 2071 587 2131 expresse
608 2050 754 2128 favered)
778 2059 985 2132 praesumant.

163 2137 202 2210 a)
226 2133 378 2195 lnfrnitum
401 2142 449 2196 est
470 2135 581 2198 Leonis
597 2154 736 2217 regnum,
759 2141 851 2215 atque
873 2155 911 2196 eo
924 2137 1046 2216 gravius

163 2216 267 2280 etiam.
311 2216 410 2292 Quam
434 2219 608 2298 periculosa
630 2219 721 2300 igitur
742 2238 791 2279 res
814 2225 876 2302 est,
911 2218 1045 2280 Leonem

162 2300 307 2379 accipere
341 2302 372 2361 in
395 2301 638 2382 Rempublicam.
681 2302 746 2363 lam
757 2303 786 2382 ¹)
835 2309 976 2383 ostquam
998 2323 1046 2364 se-

163 2382 227 2444 mel
249 2385 331 2444 enim
352 2392 497 2464 acceptus
519 2405 553 2446 es
568 2393 610 2460 tu,
632 2385 770 2465 Decime,
793 2322 969 2466 assquoque
992 2389 1047 2464 vis,

167 2464 223 2527 sed
247 2466 288 2528 ali
311 2485 374 2527 nou
404 2473 509 2547 potes,
538 2469 596 2528 nisi
624 2470 737 2529 nostris
763 2468 879 2550 spoliis.
923 2469 1046 2531 Utinam

162 2568 307 2630 graewm
330 2556 455 2631 poetam
478 2550 698 2631 audiissemus;
733 2550 788 2613 sed
810 2550 895 2612 alant
917 2559 964 2631 te,
995 2555 1046 2632 qui

164 2639 360 2713 acceperunt.
403 2634 468 2695 Nos
491 2640 615 2715 oportet
634 2635 747 2695 imitari
768 2634 940 2717 apostolos,
961 2637 1047 2696 iuxta

163 2717 417 2796 institutionem,
436 2736 526 2797 quam
550 2718 725 2797 accepimus
748 2718 786 2779 ab
808 2718 904 2798 ipsis,
926 2725 958 2779 et
978 2719 1046 2780 sub·

163 2797 278 2860 ducere
300 2819 357 2861 nos
380 2820 399 2861 a
422 2807 467 2882 te,
505 2801 556 2881 qui
577 2800 751 2863 inordinate
779 2807 809 2862 te
831 2801 928 2882 geris,
954 2809 1047 2883 atque

164 2882 252 2942 oneri
275 2902 308 2943 ss
330 2883 430 2944 nobis.
475 2884 548 2962 Ubi,
584 2902 675 2964 quern
702 2884 806 2966 magui
828 2883 920 2964 facis,
958 2885 1044 2946 divus

162 2964 370 3047 Hieronymus
391 2976 486 3046 putat,
509 2967 657 3049 prodesse
680 2968 742 3048 tibi,
765 2969 791 3028 si
814 2967 982 3029 detraharis
1005 2971 1043 3031 ab

163 3050 343 3130 arrogentia
365 3056 432 3126 tua,
464 3056 496 3110 ut
517 3058 628 3131 postea
645 3059 731 3112 recto
753 3051 862 3112 itinere
884 3052 1043 3132 gradiaris.

164 3130 203 3206 b)
227 3131 285 3193 Ubi
306 3131 483 3200 felicissime
504 3134 634 3196 cedebat
655 3135 785 3215 rapienti
808 3133 877 3211 tibi,
901 3142 932 3195 et
953 3155 1045 3215 super

163 3232 255 3293 quam
277 3215 422 3276 facillime
453 3217 535 3277 soles
567 3221 670 3300 rugire
691 3224 739 3299 tu,
778 3224 811 3279 ut
848 3224 958 3278 terram
977 3219 1043 3278 eius

163 3316 263 3378 ponas
285 3299 316 3358 in
339 3298 545 3364 solitudinem.

165 3385 206 3459 cl·
226 3380 370 3442 Omnium
399 3383 520 3444 occulta
551 3384 643 3445 etiam
674 3385 788 3446 iudicia
806 3405 883 3446 uuus
906 3384 1044 3447 modera-

160 3470 211 3524 tur
232 3464 310 3541 Leo,
349 3467 431 3545 atqui
461 3466 499 3529 de
521 3467 650 3529 occultis
678 3488 740 3529 non
763 3469 878 3529 iudicat
903 3469 1043 3532 ecclesia.

162 3546 200 3625 d)
226 3547 326 3609 Etiam
363 3550 394 3609 in
424 3550 546 3612 favores
569 3559 691 3613 nostros
712 3554 759 3611 ius
786 3552 878 3614 habet
910 3553 962 3613 ille
984 3573 1044 3613 ser·

162 3650 270 3692 vorum
294 3631 416 3703 Seruus.
513 3688 516 3699 ,

193 3817 225 3888 1)
246 3818 276 3871 In
297 3819 340 3874 ed.
360 3819 468 3874 lliiuch.
488 3821 577 3878 deest:
597 3819 665 3876 lam.
