2346 4208
358 266 386 315 st
403 262 585 317 ιιιιιιιιιοιιιι
602 262 795 319 «mensatim.
981 256 1045 327 436

113 456 192 526 tus,
222 454 256 509 ut
281 448 539 527 quemadmodum
567 467 625 509 nos
648 448 759 509 Christi
780 466 892 527 corpus
914 445 1047 509 eonmdi·

123 550 196 593 nus
208 537 242 592 et
254 534 436 613 sanguinem
453 534 519 593 eius
540 531 682 609 bibimus,
702 532 747 591 its
768 531 900 593 vicissim
924 548 1047 609 quoque

127 615 280 694 patiemur
301 634 359 676 nos
382 614 420 675 eb
443 615 510 677 aliis
533 614 652 675 comedi
675 620 707 674 et
727 613 805 691 bibi,
833 613 894 674 hoo
921 619 985 692 est,
1013 621 1048 673 ut
1128 664 1131 675 .

126 716 237 762 omnes
259 698 408 776 actiones,
431 718 554 760 omnem
579 699 671 759 vitem
695 703 830 758 nostram
853 696 893 758 sd
915 696 1048 776 proximi

126 779 324 843 commodum
358 781 588 861 provehendum
620 781 822 841 instituamus.
873 778 931 841 uss
966 779 1046 841 enim

126 864 255 927 omnino
279 864 370 927 nobis
391 864 503 926 Christi
527 864 702 945 exemplum
725 862 930 943 sequendum,
962 863 1047 924 cuius

126 951 213 1011 uno
242 954 290 1009 est
316 947 454 1025 bouitas,
488 954 521 1009 ut
548 967 582 1008 se
608 954 705 1008 totum
735 964 803 1009 eum
831 944 973 1007 omnibus
999 946 1047 1019 iis,

127 1048 209 1108 quse
231 1029 343 1108 hebet,
362 1031 454 1093 nobis
477 1030 636 1092 tradiderit
657 1032 687 1090 in
710 1030 769 1090 illis
793 1029 909 1105 verbis,
939 1028 1047 1107 quibus

126 1113 260 1175 instituit
279 1112 341 1177 bec
361 1120 596 1178 sacramentum.
626 1114 671 1174 Es
690 1115 760 1194 ipss
780 1113 874 1195 verbs
894 1131 952 1173 nos
974 1130 1048 1191 qno-

126 1214 189 1275 que
214 1194 254 1256 sd
272 1198 447 1275 proximum
470 1197 573 1258 dioere
597 1197 756 1258 convenit:
802 1197 932 1275 Accipe,
964 1213 1048 1257 eom·
1154 1244 1159 1255 ,

125 1278 202 1356 eds,
225 1277 305 1341 bibe.

211 1361 320 1441 Neque
350 1365 419 1422 ioco
447 1363 500 1423 ills
533 1363 593 1425 dici
625 1362 755 1439 debent,
788 1361 844 1423 sed
869 1379 977 1422 revers
1003 1362 1050 1422 sic

129 1446 264 1525 sentino,
293 1444 346 1507 tibi
375 1465 443 1505 cnm
473 1446 631 1527 omuibus,
663 1463 743 1524 quse
774 1444 885 1520 hebes,
938 1445 1048 1508 roximi

128 1527 300 1589 commodis
333 1548 403 1588 esse
436 1529 640 1590 serviendum
684 1527 760 1588 Cum
794 1529 875 1589 euim
912 1466 1049 1589 ghristus

128 1613 175 1671 sic
196 1611 282 1673 dicit:
317 1611 385 1673 Hoc
405 1619 453 1673 est
475 1631 587 1692 corpus
610 1630 727 1688 meum,
755 1609 837 1689 qnod
861 1629 917 1690 pro
938 1616 970 1669 te
992 1616 1049 1669 trs·

126 1695 228 1773 ditur,
250 1693 321 1773 quid
344 1714 460 1774 quaeso
483 1695 567 1756 aliud
591 1695 678 1771 dicit,
701 1712 793 1772 quarn
815 1693 889 1753 boc:
920 1691 966 1751 En
989 1711 1048 1772 ego

127 1779 196 1857 ipse
220 1796 306 1851 sum,
329 1779 380 1859 qui
404 1797 460 1858 pro
483 1786 513 1839 te
536 1778 656 1853 tredor,
690 1778 772 1837 buno
795 1775 969 1841 thessurum
995 1774 1047 1835 tibi

127 1860 224 1939 dono,
245 1861 383 1921 omnium
405 1861 539 1937 illorum,
561 1878 715 1940 queeego
737 1858 849 1935 habeo,
872 1865 903 1919 tu
926 1876 1049 1937 quoque

124 1945 172 2005 sis
195 1961 374 2023 possessor,
408 1945 434 2004 si
463 1943 536 2023 quid
571 1945 624 2005 tibi
648 1943 763 2017 deerit,
800 1941 872 2002 mihi
897 1940 976 2003 idem
999 1940 1049 2003 de-

88 2074 91 2078 .
128 2028 263 2089 futurum
286 2036 341 2088 est.
388 2029 534 2089 iustitiam
557 2046 674 2104 metm,
705 2027 798 2086 vitem
828 2044 865 2087 sc
891 2033 1048 2085 aeternam

130 2109 346 2173 beatitudinem
370 2111 425 2171 tibi
448 2110 548 2189 dono,
589 2118 622 2170 ut
643 2128 744 2188 neque
772 2116 916 2188 peccato,
950 2125 1049 2186 neque

131 2200 239 2267 rnorte,
262 2213 362 2272 neque
385 2193 448 2253 ullo
472 2194 533 2254 alio
558 2192 755 2253 incommodo
780 2192 971 2268 succumbas,
995 2192 1048 2249 sed

130 2279 235 2338 vinces
258 2279 377 2352 omnin,
411 2278 670 2355 quemadmodum
704 2284 806 2335 sutem
836 2294 904 2335 meo
925 2276 1050 2348 iustitia,

131 2362 203 2421 item
232 2361 295 2420 vite
330 2380 398 2420 mea
432 2368 558 2420 aeterna
588 2370 650 2436 est,
685 2361 730 2419 sio
765 2367 795 2418 tn
832 2377 953 2437 quoque
985 2377 1049 2437 per·-

131 2452 224 2522 petuo
255 2445 352 2503 iustus
375 2445 434 2503 eris
455 2463 494 2504 sc
517 2445 611 2502 vives.
655 2442 706 2502 Sic
735 2442 894 2502 nobiscum
919 2442 1061 2520 loquitur·¹

131 2526 279 2587 Christus.

213 2610 389 2689 Requiritur
422 2616 523 2669 sutem
553 2616 584 2668 ct
607 2610 753 2685 auchie,
787 2617 820 2667 ut
850 2626 907 2667 uos
942 2607 1050 2667 eadem

130 2691 171 2753 ud
194 2693 366 2772 proximum
391 2691 542 2769 dicamus,
581 2687 683 2770 neque
720 2699 835 2751 tantum
871 2688 963 2749 verbs
999 2690 1051 2748 ills

131 2794 288 2851 sonemus,
311 2774 365 2834 sed
388 2795 421 2835 re
439 2778 511 2855 ipss
532 2795 570 2835 nc
592 2775 680 2834 factis
692 2774 894 2847 declaremus,
917 2774 948 2831 in
969 2772 1051 2831 hunc

132 2858 273 2919 modum:
296 2857 342 2918 En
366 2859 447 2919 bone
468 2859 577 2934 freter,
602 2877 660 2938 ego
684 2877 795 2937 corpus
818 2865 849 2917 et
871 2858 1050 2934 sanguinem

131 2941 317 3005 Liberstoris
340 2943 399 3001 mei
421 2943 482 3001 inm
505 2943 632 3020 sumpsi,
655 2943 704 3020 qui
727 2961 761 3000 se
784 2949 881 3001 toturn
904 2938 977 2998 mihi
998 2939 1051 2998 do-

132 3026 230 3103 navit,
253 3026 327 3088 setis
350 3031 451 3084 eutem
474 3024 595 3084 abunde
618 3025 735 3097 habeo,
758 3043 825 3083 cum
850 3042 918 3083 eum
941 3020 1052 3083 habeo.

131 3108 176 3169 Tu
199 3110 291 3188 igitur
313 3109 349 3167 iis
372 3126 510 3186 qnoque,
533 3126 612 3186 quse
635 3127 694 3187 ego
718 3108 835 3184 habeo,
858 3106 966 3179 fruere,
990 3124 1051 3167 om-

133 3194 184 3250 nia
208 3211 277 3250 mesv
299 3190 438 3251 similiter·
459 3199 511 3250 tua
533 3192 602 3265 sint,
626 3191 708 3270 quod
730 3192 753 3249 si
776 3210 824 3250 res
842 3190 885 3249 its
907 3188 1052 3267 postulet,

126 3277 224 3334 etism
259 3295 315 3354 pro
349 3283 378 3332 ts
414 3281 542 3335 mortem
579 3273 677 3335 libens
710 3273 810 3335 obibo.
855 3272 941 3332 Hoec
972 3273 1051 3330 enim

131 3360 237 3419 omnis
266 3361 296 3417 in
321 3358 381 3417 hoc
403 3365 597 3418 sacramento
620 3378 639 3417 s
661 3357 751 3416 nobis
774 3357 980 3434 requiruntur,
1014 3354 1051 3413 nd

131 3460 211 3520 quse
233 3439 375 3500 iacienda
401 3440 544 3501 omnibus
567 3439 680 3501 viribus
704 3445 751 3499 cst
775 3438 965 3500 enitendum.

215 3524 283 3583 Hoc
316 3532 417 3584 tamen
443 3524 493 3585 hic
516 3523 702 3583 monendum
726 3532 789 3598 est,
824 3520 908 3600 quod
930 3520 1053 3581 difficile

133 3606 171 3667 ed
206 3608 286 3667 hanc
317 3606 537 3686 perfectionem
561 3608 654 3665 simus
677 3606 811 3681 venturi,
846 3612 880 3664 ut
910 3606 1051 3665 animem.

132 3710 254 3770 corpus.
279 3710 355 3769 opes
378 3698 409 3749 et
430 3690 611 3770 dignitatem
635 3703 773 3749 nostram
796 3689 926 3767 proximi
949 3707 1053 3764 oense,

132 3776 158 3834 si
195 3775 238 3835 its
271 3793 318 3833 res
351 3773 506 3852 postulet,
540 3775 570 3833 in
602 3772 764 3835 discrimen
787 3770 1000 3850 adducemus,
1024 3773 1056 3833 in

824 3855 892 3923 tc*
944 3844 952 3865 ¹
