2346 4208
121 227 183 297 136
332 231 490 300 Disputatio
510 233 617 301 Lipsiae
636 233 733 289 habita
750 249 775 288 a.
793 232 856 289 xix

412 340 418 376 r

122 441 217 504 quare
238 441 277 483 eo
299 421 383 502 ipso,
406 421 489 501 quod
517 440 605 482 sacra
632 422 736 484 anima
751 427 880 483 'tautum
912 423 957 485 ibi
980 443 1049 487 esse

122 507 242 583 asserit,
258 506 381 566 animas
404 511 504 567 certas
528 505 566 566 de
588 505 686 567 salute
708 505 850 568 affirmat.

204 590 368 650 Praeterea
387 589 419 648 in
443 608 563 650 canone
585 590 716 668 missae,
746 590 798 650 ubi
820 609 876 670 pro
898 589 1051 653 defunctis

120 676 152 735 iu
176 674 354 754 purgatorio
367 675 479 751 oratur,
502 673 545 733 ita
555 670 700 733 dicimus:
722 671 889 752 Memento,
906 673 1050 753 Domiue',

121 757 447 832 famulorumtuorum,
470 754 522 834 qui
543 775 601 817 uos
625 761 938 836 praecesseruntcum
959 758 1050 841 siguo

122 841 204 919 fidei,
224 847 257 902 et
278 838 433 901 dormiunt
452 839 484 899 iu
506 857 616 900 somno
638 840 724 919 pacis
744 840 825 918 eto.,‘
836 841 910 921 ipsis
934 846 966 901 et
987 860 1051 919 opu·

123 924 211 987 nibus
234 925 264 984 iu
288 922 412 984 Christo
435 922 673 1002 quiescentibus.
696 922 727 985 Si
745 942 820 1003 ergo
841 925 929 984 iuxta
950 941 1051 987 sacm-

123 1008 272 1076 tissimum
294 1007 406 1066 missae
429 1022 581 1066 canonem
603 1007 726 1068 animae
740 1008 902 1085 quiescunt
922 1007 1051 1070 inOlrri·

125 1095 184 1169 sto,
206 1089 365 1170 quomodo
381 1094 511 1170 possunt
533 1108 602 1150 esse
623 1091 655 1148 in
671 1089 724 1149 tali
735 1089 909 1151 turbatione
931 1097 963 1151 et
979 1091 1048 1154 hor·

122 1194 202 1251 rore,
225 1175 312 1253 quasi
334 1171 573 1253 desperationis,
602 1174 680 1252 sicut
701 1172 841 1234 declarat
861 1173 1049 1235 reverendus

122 1258 214 1318 Pater
244 1259 277 1318 in
304 1276 360 1317 sno
382 1256 567 1317 resolutorio
591 1253 700 1319 Goucl.
724 1258 772 1319 14.
808 1275 905 1336 usque
937 1257 978 1318 ad
1000 1260 1049 1325 20.

123 1341 194 1402 Non
217 1342 297 1401 euim
321 1340 424 1416 video,
448 1339 604 1419 quomodo
627 1341 658 1398 iu
682 1339 734 1399 tali
745 1340 883 1419 horrore,
905 1338 1050 1423 tremore,

124 1423 319 1500 turbatione,
343 1429 374 1483 et
394 1424 482 1502 quasi
505 1421 730 1505 desperatione,
754 1441 833 1502 quac
859 1425 964 1485 omnia
988 1444 1050 1487 ura·

122 1508 238 1568 ximam
272 1507 378 1567 dicunt
411 1506 674 1585 inquietudinem,
717 1507 839 1566 animae
870 1508 1051 1589 purgandae

123 1592 245 1671 possint
269 1590 329 1650 dici
362 1590 494 1650 dormire
517 1590 547 1649 iu
571 1608 680 1650 somno
703 1591 809 1670 pacis,
843 1590 929 1670 quod
962 1586 1053 1672 prae-¹

124 1673 207 1736 dicta
235 1675 340 1735 omnia
371 1673 439 1754 paci
472 1670 682 1747 adversentur.
723 1671 781 1734 Sed
819 1679 893 1733 tunc
918 1693 938 1734 a
968 1670 1080 1735 veris*

124 1757 303 1819 Christianis
318 1763 402 1817 recte
414 1744 631 1816 censebuntur·
640 1757 670 1815 in
693 1774 771 1836 pace
783 1756 952 1835 quiescere,
978 1756 1050 1817 dum

124 1860 251 1902 securae
273 1845 457 1921 exspectant
478 1841 641 1900 terminum
655 1858 729 1899 suae
741 1840 941 1920 purgationis.
964 1840 1061 1917 Haeo.

124 1931 195 1985 sunt
215 1925 345 2004 partim,
367 1942 446 2003 quae
468 1942 517 1983 me
540 1930 723 1999 moverunt,
746 1930 776 1982 et
797 1922 890 1984 hodie
912 1926 1051 2005 movent,

127 2007 166 2068 ad
188 2006 429 2067 dissentiendum
451 2004 621 2065 reverendo
644 2006 748 2083 Patri,
784 2013 910 2086 paratus
945 2004 1050 2069 tam'eu

125 2099 206 2152 stare
226 2090 340 2151 iudicio
363 2096 394 2149 et
415 2087 623 2149 informationi
646 2089 787 2150 aliorum.

154 2190 165 2211 ,

430 2270 470 2331 Μ.
497 2270 737 2333 Lutherus.
835 2312 839 2321 ·

203 2423 275 2483 Tria
295 2441 351 2502 per·
372 2422 511 2484 ordinem
533 2423 675 2504 egregius
709 2423 745 2482 D.
767 2423 804 2486 D.
834 2423 1050 2503 copiosissime

123 2514 231 2568 contra
253 2525 302 2566 me
325 2515 504 2586 prosecutus
528 2513 584 2585 est,
606 2506 736 2585 primum
749 2524 900 2567 canonem
916 2506 1049 2587 Scriptu-

123 2610 176 2651 rae
207 2589 469 2669 comprehendere
499 2590 593 2651 libros
615 2588 895 2667 Maohabaeorum,
935 2588 1049 2651 deiude

121 2673 331 2754 purgatorium
365 2673 490 2753 probari
524 2674 616 2733 etiam
652 2673 719 2732 aliis
754 2672 832 2733 locis
862 2672 1050 2753 Scripturae,

122 2757 212 2817 tertio
234 2763 363 2816 conatus
386 2756 561 2834 ostendere,
584 2757 701 2816 animas
724 2774 794 2816 esse
816 2762 916 2816 certas
939 2755 979 2816 de
1002 2775 1050 2817 sa·

122 2840 184 2899 lute
206 2859 270 2899 sue.

204 2922 408 3002 Respondeo:
442 2922 488 2982 De
523 2922 627 3001 primis
650 2920 770 2981 duobus
793 2921 878 2982 nulla
899 2927 947 2982 est
967 2922 1050 2984 inter

122 3024 172 3066 me
195 3013 224 3065 et
247 3004 488 3066 dominationem
512 3025 597 3064 suam
630 3006 850 3065 controversia.
885 3005 960 3066 Ideo
984 3024 1048 3067 non

123 3095 189 3149 erat
209 3109 338 3149 necesse
360 3094 407 3148 tot
427 3090 608 3148 autoritates
643 3087 790 3167 colligere
819 3087 857 3148 ad
881 3107 949 3148 earu
971 3107 1049 3167 reru,

122 3190 212 3251 quam
234 3172 313 3233 forte
335 3172 524 3234 constantius
546 3171 682 3246 affirmo,
705 3189 796 3249 quam
818 3173 901 3250 ipse,
938 3177 972 3231 ut
997 3172 1048 3252 qui

122 3275 172 3315 me
194 3257 272 3314 scire
293 3255 449 3336 professus
474 3257 541 3334 sim,
567 3273 636 3314 esse
657 3255 877 3334 purgatorium.
915 3252 975 3315 Sed
998 3254 1050 3315 hic

123 3340 250 3399 vertitur
272 3357 395 3418 scopus,
418 3358 457 3398 au
478 3339 579 3418 possit
599 3336 722 3417 probari
745 3339 862 3397 animas
884 3337 914 3396 iu
938 3356 1049 3420 purga·

122 3423 201 3483 torio
224 3423 343 3495 mereri,
366 3428 397 3481 et
417 3423 545 3502 gratiam
568 3421 600 3480 in
623 3421 667 3480 eis
686 3422 802 3501 augeri,
824 3428 926 3481 tamen
949 3427 1048 3483 trane·

122 3524 227 3566 eamus
248 3522 303 3584 per
325 3504 473 3565 ordinem.

205 3588 307 3647 Primo
330 3586 409 3647 dixit
420 3586 635 3648 autoritatibus
651 3587 717 3647 heri
731 3586 870 3647 adductis
881 3587 973 3647 statui
983 3606 1049 3648 me-

123 3672 214 3731 ritum
237 3670 336 3731 solum
358 3672 389 3730 iu
411 3671 470 3731 hac
493 3672 564 3750 vita,
587 3688 661 3750 ergo
671 3669 793 3731 excludi
816 3672 847 3729 in
860 3669 963 3732 littura
971 3671 1049 3748 vite,¹

45 3795 48 3806 ·
122 3752 205 3834 quod
227 3754 294 3835 ipse
315 3753 459 3835 iutelligit
480 3754 708 3834 purgatorium,
731 3760 763 3814 et
785 3754 830 3814 sio
851 3759 1046 3834 aptat'auto-
