2346 4208
332 290 429 339 eontra
448 283 579 338 articulos
598 285 822 341 Lovaniensium.
932 253 935 259 Ι
980 277 1042 346 487

186 471 234 532 11.
263 468 363 530 Stulta
397 475 445 531 est
475 470 712 548 consequentia:
746 467 951 548 Baptisandus
980 487 1043 529 non

121 550 237 629 eredit,
267 552 316 612 vel
346 572 408 614 non
440 559 487 613 est
508 551 634 633 dignus,
668 570 743 633 ergo
765 551 918 632 baptisma
939 549 1043 612 datum

121 642 170 696 est
191 635 316 696 nullum.

187 721 234 782 12.
258 719 359 778 Etiam
382 720 407 778 si
426 718 613 780 antecedens
635 719 725 779 buius
749 719 990 798 consequentiae
1012 718 1043 778 in

121 801 289 862 infantibus
312 804 351 862 611
374 803 568 863 falsissimum
593 809 624 862 et
647 802 851 862 temerarium.

187 886 234 949 13.
264 884 387 946 Certum
419 890 608 964 esttamen,
637 884 846 966 Magistrollos
874 884 1044 946 nostrollos

121 987 223 1046 neque
250 968 330 1028 bano
358 987 460 1048 neque
487 968 580 1028 ullam
608 968 700 1029 aliam
737 975 852 1028 seetam
886 968 1045 1029 confutare

122 1069 218 1130 posse
246 1050 387 1112 16616166
410 1059 441 1113 61
462 1050 634 1113 eruditione
656 1051 889 1132 Scripturarum.

186 1135 234 1196 14.
261 1133 335 1196 1166
360 1134 545 1215 compendio
571 1135 744 1210 confutant,
773 1135 892 1195 scilieet
911 1134 992 1196 ferro
1015 1141 1047 1195 61

122 1216 205 1297 igne,
230 1217 326 1277 eaede
350 1222 380 1278 et
402 1219 552 1299 sanguine
575 1219 696 1292 nivium,
720 1219 799 1277 sieut
820 1220 1044 1297 scriptumest:

83 1357 88 1375 ,
122 1298 257 1360 Velooes
280 1300 376 1380 pedes
400 1319 506 1362 eorum
529 1299 568 1361 ad
591 1299 807 1362 effundendum
831 1302 1024 1381 sanguinem.

189 1385 237 1446 15.
263 1383 349 1444 Haeo
371 1390 443 1445 sunt
465 1401 551 1445 arma
572 1384 699 1444 militiae
728 1402 834 1444 eorum
868 1383 1046 1463 spiritualia,

124 1473 156 1524 11
179 1484 241 1526 666
265 1467 304 1526 611
326 1485 455 1528 6666666
477 1468 507 1527 16
531 1467 693 1547 Soriptnris
717 1485 787 1528 6666
810 1485 969 1545 exercere,
991 1467 1046 1527 sed

123 1547 219 1608 liceat
240 1549 472 1611 indoctissimos
495 1550 650 1631 sophistes
673 1568 808 1610 manere.

188 1632 235 1694 16.
259 1632 293 1692 Ι6
317 1633 501 1694 eucharistia
524 1639 719 1693 saoramento
743 1631 912 1693 venerabili
930 1630 1046 1693 61616-

123 1711 211 1773 rabili
234 1723 281 1775 661
312 1722 343 1776 61
372 1715 534 1777 exhibetur
563 1722 594 1776 et
621 1717 749 1776 sumitur
770 1735 843 1776 vere
875 1722 905 1775 et
925 1733 958 1775 re
979 1715 1047 1795 ipsa

123 1815 235 1939 (einr-pus
258 1805 289 1858 61
311 1800 437 1882 sanguis
461 1798 588 1877 Christi,
622 1806 683 1859 tam
713 1819 732 1859 a
761 1797 862 1879 dignis
889 1817 980 1877 quam
1002 1799 1045 1858 in-

144 1899 233 1960 ugnus.

187 1965 235 2026 17.
266 1962 473 2042 Explodenda
499 1970 602 2025 tamen
625 1971 655 2025 61
677 1962 886 2025 abominanda
908 1962 1048 2024 661166-

125 2045 204 2105 trina
226 2045 447 2106 nostrollornm
469 2046 707 2108 Lovaniensium
729 2048 830 2106 16161
845 2046 933 2115 buius
947 2064 1045 2106 saara

93 2152 97 2159 ¹
123 2129 234 2205 menti,
258 2147 326 2188 eum
349 2129 388 2190 sit
409 2129 643 2209 profanationis,
665 2129 812 2207 haeresis,
835 2127 1045 2190 idolatriarum

122 2211 309 2290 plenissima.

188 2295 234 2357 18.
258 2293 308 2355 Ad
331 2293 424 2375 digne
447 2295 679 2376 percipiendum
701 2296 877 2356 6666666616
898 2293 1046 2375 6611166,

123 2395 182 2455 qua
205 2375 330 2437 firmiter
362 2376 494 2437 ereditur
525 2379 713 2457 promittenti
739 2377 860 2438 Christo
892 2379 1045 2439 remissio-

123 2478 214 2520 onem
237 2467 435 2540 peecatorum
458 2467 489 2521 et
509 2461 602 2519 vitam
623 2469 793 2543 aeternam,
817 2467 849 2520 11
871 2467 941 2520 6161
963 2461 1046 2521 alara

122 2541 216 2604 verba
236 2545 267 2602 in
290 2549 493 2604 sacramento.

186 2627 233 2689 19.
257 2624 331 2687 Sine
352 2644 463 2708 eausa,
492 2626 555 2686 imo
590 2627 656 2685 sine
685 2625 780 2685 verbo
803 2643 887 2685 mera
910 2626 1046 2687 vanitate

123 2707 381 2788 Magistrollorum
406 2708 534 2770 1666116
564 2707 864 2768 transsubstantiatio
897 2708 987 2788 panis
1015 2714 1046 2769 et

122 2809 195 2854 vrm.

186 2875 234 2939 20.
259 2875 380 2955 Rapere
402 2875 488 2935 laiois
511 2873 637 2934 alteram
662 2874 806 2954 speeiem,
830 2872 937 2953 quibus
962 2873 1045 2935 Chri-

124 2962 189 3016 stus
211 2957 278 3037 ipse
301 2963 399 3017 totum
422 2963 645 3018 sacramentum
669 2955 762 3034 dedit,
785 2955 1045 3017 esthonendissi-
1117 2997 1119 3001 ν

123 3059 205 3099 mum
228 3040 433 3122 saerilegium,
458 3048 489 3101 et
510 3041 647 3100 66166166
670 3040 816 3119 tyrannis.

186 3124 235 3186 21.
258 3123 316 3183 Hie
335 3125 416 3184 enim
434 3123 598 3184 maledieta
616 3124 701 3183 lerna
722 3122 961 3183 Lovaniensium
982 3142 1043 3183 non

123 3204 223 3266 solum
246 3207 313 3266 sine
334 3207 441 3282 verbo,
464 3206 517 3267 sed
541 3214 649 3267 eontra
671 3224 848 3284 expressum
865 3203 1043 3265 mandatum

122 3287 181 3348 Dei
202 3288 274 3349 furit
294 3295 326 3349 et
352 3292 450 3350 saevit
482 3293 512 3350 in
548 3310 612 3349 rem
643 3299 673 3350 61
706 3307 857 3367 personas
891 3288 947 3349 sibi
980 3308 1043 3350 non

123 3371 286 3433 subiectae.
1052 3440 1054 3449 Α

184 3455 234 3517 22.
262 3454 332 3515 Non
363 3455 495 3516 66616616
517 3456 572 3515 Dei
600 3456 660 3515 boe
689 3456 806 3532 sanxit,
839 3461 872 3515 ut
900 3456 1043 3515 mentitur

122 3537 207 3598 furor
224 3536 475 3615 Lovaniensium,
498 3557 566 3598 oum
589 3539 658 3598 laioi
682 3539 779 3599 maior
800 3557 871 3617 pars
892 3537 1043 3599 ecelesiae

123 3620 203 3680 bano
224 3621 286 3680 vim
309 3621 388 3682 serre
411 3627 540 3702 cogatur
563 3641 582 3681 a
604 3621 736 3682 eollnvie
758 3621 961 3701 pessimorum
989 3621 1042 3684 ho·

123 3704 255 3772 minum,
288 3711 321 3763 et
341 3705 529 3784 paucissima
550 3712 637 3784 parte
666 3705 833 3780 ecelesiae,
867 3705 930 3765 imo
958 3704 1043 3766 nulla

122 3792 210 3866 parte
231 3787 393 3867 eeclesiae,
416 3787 471 3848 sed
493 3796 582 3870 parte
603 3790 739 3849 omnium
762 3786 968 3851 diabolorum.
