2346 4208
119 220 184 291 298
456 225 531 280 Bulla
549 225 649 282 100010
667 229 700 281 X.

122 414 193 477 laici
224 432 332 477 omnes
359 422 391 476 et
423 413 535 496 singuli
567 414 755 496 supradicti,
789 414 921 478 omnino
944 416 1044 497 expal-

122 497 195 561 lant.

164 587 201 656 a)
227 581 387 641 Brachium
411 582 550 642 seculare
573 581 719 642 excitabit
741 581 793 642 hio
812 585 946 664 rugitus.

165 664 202 746 1))
228 665 461 729 Corrlaadaatur
495 684 604 730 omues
642 666 746 747 inique
779 681 914 748 agentes
947 686 1046 747 saper·

165 768 271 810 vacue.

165 840 198 901 01
226 832 314 909 Vide,
336 835 493 915 quomodo
510 835 673 896 ecclesiam
695 855 758 896 non
776 855 896 916 amore,
919 834 1046 897 athri·

165 925 239 991 stus,
262 918 369 997 societ,
393 917 448 979 sed
471 920 500 978 vi
523 939 560 978 ac
582 928 708 998 terrore,
730 930 764 980 ut
786 921 922 1001 tyranni,
945 930 1047 999 cogat

164 996 239 1074 Quis
260 999 353 1061 ferret
374 999 467 1062 talem
488 1000 670 1062 Pastorem?

164 1080 202 1155 d)
226 1081 314 1142 Nunc
344 1083 467 1144 tandem
498 1083 713 1165 expediebat,
735 1083 838 1163 plures
874 1104 948 1145 esse
978 1083 1048 1144 Gur-

164 1166 297 1242 tisanos,
320 1168 369 1245 qui
394 1175 510 1228 tantum
533 1168 689 1228 hominum
714 1176 872 1248 cogerent.

164 1255 198 1315 e)
225 1248 400 1311 Praemium
423 1250 592 1331 pollicitam
615 1252 678 1328 iis,
692 1251 743 1330 qui
768 1270 826 1311 nos
845 1250 1050 1330 prodiderint,

164 1337 196 1390 et
218 1333 316 1412 pretio
340 1334 503 1412 paciscitur
531 1336 771 1415 proscriptorum
803 1336 916 1412 capita.
970 1334 1051 1394 Vere

166 1412 320 1474 Rorrranua
354 1424 410 1477 est.
465 1417 523 1476 Dic
555 1417 626 1476 mihi
661 1434 750 1493 vera,
786 1416 938 1495 Decime,
970 1415 1051 1496 «quid

162 1496 256 1558 iacies
294 1500 325 1557 in
366 1499 416 1559 die
448 1500 633 1560 visitationis
670 1506 700 1560 et
737 1500 925 1559 calamitatis
960 1499 1001 1560 de
1020 1499 1049 1577 ¹)

163 1579 254 1661 longe
277 1582 447 1642 venientis?
491 1582 560 1642 Non
583 1583 661 1664 fugis
686 1582 827 1643 afutura
853 1583 910 1643 Dei
933 1583 1003 1643 ira?

205 1662 352 1725 Civitates
375 1685 463 1740 vero,
486 1665 638 1741 dominia,
662 1673 756 1726 terras
764 1711 779 1753 3
798 1674 920 1740 castra,
950 1666 1052 1745 villas,

126 1747 303 1819 comitatus,
347 1747 545 1826 l'ortilitia2),
579 1748 694 1828 oppida
723 1756 754 1808 et
791 1747 861 1808 loca
879 1749 1052 1828 'quaecun-

125 1848 185 1907 que
207 1829 333 1891 ubilibet
356 1832 572 1908 consistentia,
604 1851 708 1891 earum
738 1840 768 1891 et
798 1850 905 1891 eorum
931 1851 1052 1913 reapse

125 1913 197 1992 tiva,
220 1910 483 1994 Metropolitanus,
498 1913 706 1991 Cathedrales,
729 1912 919 1995 Collegiatas
933 1921 965 1974 et
979 1915 1054 1975 alias

126 1992 285 2073 ecclesias,
307 1996 503 2075 Monasteria,
525 1996 691 2075 Prioratus,
712 1998 840 2075 Domus,
862 1996 1057 2076 Conventus,

125 2088 156 2138 et
187 2077 303 2158 locat)
335 2080 496 2161 religiosa,
531 2080 580 2140 vel
602 2081 654 2161 pia
696 2081 906 2159 cuiuscunque
938 2080 1055 2141 ordinis

128 2162 179 2242 [ut
201 2162 403 2241 praefertur),
436 2162 474 2223 ad
499 2182 576 2242 quae
598 2162 767 2242 praefatum
789 2162 974 2242 Martinam,
1008 2162 1054 2224 vel

125 2245 256 2323 aliquam
280 2266 318 2303 cx
344 2246 506 2326 praedictis
530 2246 684 2306 declinare
707 2247 881 2326 contigerit,
907 2246 1054 2326 quamdiu

125 2327 164 2387 ibi
188 2331 403 2406 perrmurserit,
433 2340 463 2388 et
485 2329 584 2388 triduo
608 2336 678 2409 post
701 2347 871 2406 recessum,
905 2330 1055 2390 ecclesia-

125 2411 202 2470 stico
226 2410 448 2486 subiicimusa)
475 2412 648 2472 interdicte.

166 2499 201 2569 a)
229 2494 385 2556 interdicit
406 2497 517 2572 sacris,
553 2514 590 2554 en
615 2496 758 2573 pietatem
790 2494 855 2554 eius
880 2494 1054 2573 Pontificis,

83 2637 87 2646 ,
167 2577 217 2657 qui
239 2598 276 2638 00
303 2577 640 2658 0001110010000011011
673 2596 787 2658 nuper,
826 2580 919 2658 quasi
955 2599 1055 2640 novus

167 2661 232 2721 orlri
256 2660 402 2721 Salomon
424 2661 593 2735 illuxisset,
617 2661 723 2720 voluit.

207 2743 247 2803 Et
271 2751 302 2804 ut
323 2745 491 2825 praemissa
514 2743 655 2803 omnibus
678 2745 891 2819 innotescant,
929 2744 1053 2804 manda·

126 2846 191 2886 0100
205 2825 238 2906 ιι)
264 2828 390 2906 insuper
411 2828 559 2886 universis
573 2826 764 2900 Patriarohis,
788 2825 1054 2907 Archiepisoopis,

127 2909 288 2989 Episcopis
297 2909 556 2991 patriarchalium,
566 2909 868 2989 metropolitanarum
883 2909 1053 2970 etaliarum

127 2990 346 3052 cathedralium
369 3012 406 3053 ac
427 2992 659 3077 collegiatarum
674 2990 871 3052 ecclesiarum
892 2991 1054 3069 Praelatis,

126 3074 285 3154 Capitalis,
308 3076 436 3154 aliisque
456 3076 597 3155 personis
612 3074 838 3149 ecclesiasticis,
861 3075 1053 3136 secularibus

126 3168 156 3217 01
190 3160 365 3236 quorumvis
408 3158 548 3218 ordinum
583 3158 822 3239 supradictorum
859 3158 1053 3237 regularibus

125 3240 295 3315 Fratribus,
318 3241 502 3322 Religiosis,
524 3241 699 3313 Monacbis,
731 3241 881 3318 exemptis
925 3248 958 3301 et
993 3263 1052 3302 nou

125 3325 277 3403 exemptis
313 3323 510 3404 supradictis,
544 3323 688 3401 ubilibet,
723 3324 902 3404 praesertim
928 3325 960 3384 in
986 3325 1052 3384 Ate-

125 3408 249 3466 rucuma
272 3408 467 3482 constitutis,
502 3415 651 3486 quatenus
675 3408 750 3485 ipsi,
785 3403 833 3464 vel
856 3424 967 3465 eorum
993 3410 1053 3487 qui·

125 3488 199 3549 libet
221 3488 276 3549 sub
299 3488 448 3549 similibus
477 3491 613 3549 censuris
637 3498 668 3549 et
689 3489 816 3568 poenis,
850 3506 888 3546 eo
917 3490 989 3568 ipso
1013 3493 1053 3552 in·

198 3713 227 3778 1)
251 3714 279 3764 ln
310 3711 353 3766 ed.
374 3713 481 3764 tldnclr.
508 3711 600 3765 deest:
627 3710 669 3763 de.
715 3711 746 3775 2)
768 3708 888 3762 Ibidem:
915 3714 1046 3769 forticilia

125 3781 157 3846 3)
179 3782 208 3835 10
245 3783 547 3840 cataractarum
