2346 4208
120 258 163 326 50
318 259 478 330 Disputatio
492 224 605 331 ‘hipsise
627 261 721 315 habita
741 277 766 317 a.
783 259 841 313 XIX
880 316 887 323 ,

122 446 296 526 quicunque
315 445 476 525 apostolus
497 445 628 542 primm
625 444 685 505 vel
698 444 822 505 ultimus
846 444 894 522 sit,
915 443 989 503 nihil
1001 442 1041 503 ad

120 548 196 591 rem.
218 527 340 589 Vellem
362 547 436 610 ergo
455 529 600 609 egregius
622 528 710 590 D..·D
730 526 903 608 Scripturas
927 527 1040 587 rectius

120 612 253 692 legeret,
275 618 440 692 antequam
462 612 506 672 sic
533 611 692 692 allegaret.
734 609 802 672 Stat
828 631 845 670 e
845 630 920 691 rgo,
958 608 1041 689 quod

120 696 267 791 primatus
290 695 348 755 iste
369 713 425 754 seu
441 712 581 774 persone
602 694 677 754 nihil
698 695 851 774 pertineat
838 631 922 754 trgad
944 692 1041 754 eccle·

124 778 200 838 siam
224 777 292 838 do
284 795 350 838 1ure
371 776 476 838 divino
500 777 671 838 saltem..
720 806 723 815 ·
815 824 817 829 .
908 804 911 811 ·

202 860 340 921 Transeo
371 859 462 939 illud,
491 860 576 939 quod
604 859 825 940 Hieronymum
860 859 935 919 dicit
955 858 1042 934 Pauli
1072 845 1083 875 ¹

121 945 304 1004 sententiam
326 943 527 1004 intellexisse.
561 944 689 1004 literne
677 942 789 1022 tillud,
810 942 896 1022 quod
917 960 1042 1002 eonces-

121 1029 166 1087 ιιι
172 1027 286 1105 ,loham
307 1030 338 1091 ιι.
380 1026 457 1087 ltem
479 1034 534 1087 et
543 1026 618 1087 illud
649 1026 688 1086 de
718 1026 846 1106 plebeio
872 1024 1044 1086 ratiuncula

121 1118 273 1207 transeo,:
280 1111 355 1189 quie
375 1129 438 1170 non
462 1117 509 1171 est
530 1095 696 1172 confutata.
719 1109 811 1184 Quod
832 1109 871 1170 de
876 1109 1042 1192 episcopo

121 1200 153 1254 et
174 1193 288 1254 vicario
312 1193 344 1252 in
367 1193 551 1253 consistorio
575 1192 719 1270 adduxit,
741 1191 817 1252 nihil
837 1175 964 1266 adrem
986 1196 1043 1251 ost.

121 1277 191 1336 Mes
212 1276 290 1336 ratio
312 1275 373 1335 hoc
393 1276 509 1337 voluit:
533 1276 564 1336 Si
587 1239 720 1336 ecolesid
740 1294 803 1335 non
826 1282 873 1335 ost
893 1272 1043 1354 acephala

122 1365 244 1419 mortuo
267 1377 369 1439 papa,
403 1376 462 1419 nec
493 1358 642 1439 acephala
663 1358 749 1421 nullo
771 1377 862 1440 papa.
904 1357 1048 1419 Transeo

120 1440 197 1502 illud
219 1441 257 1501 de
274 1404 496 1519 Cardinalibus,
519 1441 592 1520 quie
614 1440 755 1501 omnibus
777 1447 895 1520 notum,
918 1438 1042 1519 quando

121 1525 290 1605 coeperint
332 1524 510 1584 lhanseoe
512 1523 620 1603 tillud
643 1524 681 1587 de
699 1524 875 1604 Cypriane,
910 1523 982 1602 quia
1004 1541 1044 1582 ex

117 1608 246 1688 proprie
281 1606 435 1670 salivaD
459 1606 496 1668 D.
518 1602 595 1667 dixit
624 1607 812 1703 nescioquas
839 1606 878 1666 de
899 1603 1043 1666 Numidia

121 1691 263 1751 ultrat
221 1689 388 1768 Atlantem,
412 1709 491 1769 quae
512 1709 575 1753 nou
600 1691 677 1752 est
669 1711 701 1751 111
722 1709 823 1753 rerum
853 1696 907 1750 nat
908 1709 971 1751 ura.
1005 1687 1046 1748 Iit

120 1773 212 1854 illud,
250 1771 344 1870 quod·
356 1772 516 1835 Cornelius
549 1773 609 1837 frat
596 1779 643 1837 ter
664 1773 839 1855 appelletur
859 1793 878 1832 e
898 1773 1045 1851 Damaso,

122 1864 265 1936 transeo,
294 1857 450 1935 quianon
473 1856 662 1918 confutatum
685 1864 746 1936 est,
767 1857 840 1918 licet
861 1855 974 1917 dictum
997 1855 1046 1934 sit,
1079 1888 1082 1893 ·

122 1940 220 2020 quod
216 1938 442 2003 honestissimis
465 1940 560 2001 titulis
582 1959 616 2000 se
628 1940 858 2018 honoraverint
881 1945 913 1999 ut
933 1938 1043 2002 bestie

122 2025 239 2102 simos,
269 2022 480 2091 sanctissimos
511 2023 722 2103 appellando,
756 2029 883 2085 namet
870 2022 965 2083 thoe
986 2039 1045 2102 ogo

62 2107 65 2111 '
123 2106 203 2189 dieo.
244 2106 316 2168 Non
341 2126 380 2167 au
382 2111 444 2165 tem
466 2105 526 2167 soli
547 2107 637 2169 Rom.
659 2069 740 2169 Podt
727 2105 811 2185 tilici,
841 2106 920 2167 sicut
940 2103 1045 2183 hodie,

123 2191 168 2273 sic
189 2188 386 2257 scribebatur
430 2187 499 2251 Hoc
519 2191 600 2249 enim
622 2189 813 2272 probandum
835 2195 910 2251 erat

79 2270 94 2293 ⁸
202 2272 394 2351 Transeoet
381 2271 499 2350 tillud,
522 2272 604 2353 quod
626 2272 738 2334 dixerit
758 2246 957 2352 impertinens
976 2289 1046 2345 esse

121 2356 161 2423 ad
182 2357 363 2452 institutum,
386 2374 425 2415 an
448 2317 504 2418 Pe’t
492 2363 555 2445 trus
576 2355 753 2436 apostolum
771 2355 910 2434 aliquem
927 2338 1047 2417 ordina·

120 2447 168 2502 ret
175 2440 287 2521 ,quia
307 2439 358 2500 hio
379 2438 487 2500 unicus
508 2435 620 2507 nervus
638 2445 706 2515 est,
736 2445 767 2498 et
786 2440 918 2500 invictus
940 2443 1049 2499 contra

120 2525 159 2585 D
179 2522 322 2601 Eeoium,
344 2522 415 2584 ideo
439 2541 503 2583 non
524 2483 706 2585 inconsulte
721 2522 845 2602 hausit,
874 2540 915 2583 ue
935 2521 1046 2593 irrecu-

120 2601 298 2688 perabiliter
313 2569 472 2686 impingat.
493 2605 569 2681 Item
593 2605 732 2684 admitto,
754 2623 854 2684 quae
850 2624 897 2666 ex
910 2604 1046 2685 Minyis

123 2689 278 2771 prriano
316 2688 444 2750 adduxit
476 2687 515 2750 de
548 2688 667 2751 honore
695 2694 726 2751 et
746 2694 902 2784 potestate
923 2687 1046 2767 aequali

122 2773 345 2854 apostolorum,
369 2778 400 2834 et
411 2772 530 2855 accipio
545 2778 697 2868 tanquam
704 2772 834 2852 gretiam
847 2771 920 2833 mihi
932 2770 1046 2845 iactum

121 2856 193 2935 ιιι).
216 2856 255 2917 D.
275 2855 371 2918 Simili
394 2874 467 2919 eura
488 2855 571 2935 quod
593 2855 713 2917 transiit
733 2875 753 2914 a
773 2854 891 2916 Niceno
904 2840 1046 2923 Concilio

122 2946 159 3001 et
180 2940 376 3022 eGypriano
408 2939 593 3018 descriptam
625 2938 789 2999 ecclesiam
819 2939 1047 3018 episcoporum,

122 3023 240 3103 placet,
268 3024 340 3102 quia
361 3041 424 3085 non
445 3028 549 3103 potest
571 3021 733 3083 confutari.
763 3021 854 3096 Quod
876 3027 979 3083 antem
1000 3039 1046 3091 ro.

122 3107 211 3186 petiit
232 3069 272 3168 de
294 3106 491 3171 distinctione
512 3111 596 3165 ortus
618 3104 830 3184 sacerdotalis,
847 3104 930 3167 unde
950 3108 1047 3184 patet,

122 3189 205 3268 quod
226 3190 368 3259 intentio
378 3189 526 3270 Cypriani
548 3189 588 3248 sit
575 3187 648 3249 tdo
670 3187 794 3248 defluxu
839 3189 979 3250 otestatis
998 3205 1047 3257 aa,
1082 3196 1086 3201 '

124 3273 299 3351 cerdot'olis,
321 3273 393 3351 quia
413 3271 489 3345 nihil
510 3270 588 3332 dixit
575 3272 666 3333 taisi
690 3290 746 3332 sue
767 3289 821 3332 ver
863 3269 976 3390 ,apud
997 3288 1048 3333 mc

101 3356 200 3419 ¹nihil
221 3355 386 3431 concludit.
466 3416 469 3425 ,

145 3438 285 3505 lllud
307 3456 430 3535 quoque
453 3438 551 3517 magis
573 3436 814 3516 attendendum,
846 3433 931 3515 quod
953 3433 1048 3497 Graa-

124 3541 177 3583 cos
198 3523 458 3583 haeretioissimos
491 3539 582 3580 ausus
612 3526 660 3580 est
688 3518 847 3601 appellare
876 3519 949 3578 satis
983 3537 1047 3579 ιιιο-

123 3606 230 3683 deste,
261 3625 329 3665 oum
356 3605 388 3663 in
411 3606 553 3664 universa
576 3603 709 3663 ecclesia
730 3603 814 3663 nulla
834 3620 906 3681 pars
929 3600 1048 3662 dederit

122 3690 224 3772 plures
247 3687 481 3764 excellentiores
503 3688 679 3768 scriptores,
701 3706 792 3767 quam
815 3685 946 3747 Graeca
967 3683 1046 3749 Nam

124 3772 207 3852 quod
229 3774 321 3835 toties
343 3771 420 3837 mihi
441 3769 835 3839 submordeosBohemiem
860 3773 1050 3851 opproperst
