2346 4208
190 275 254 344 188
435 278 593 348 Mpuusio
610 275 647 332 D.
664 274 700 333 Ι.
717 276 830 332 lutheri

191 463 473 546 pronunciaverunt
502 462 598 541 male,
638 469 672 522 ut
706 463 850 524 desinunt
884 472 1016 544 putare,
1047 475 1113 527 suas

192 546 406 609 damnationes
428 547 523 607 fuisse
543 548 574 606 iu
597 548 723 606 materia
743 547 885 625 naturali,
909 566 994 627 qnae
1015 550 1114 630 potius

191 632 222 692 iu
245 631 446 710 contingenti,
470 649 508 690 ac
528 630 716 708 frequentius
737 632 768 689 in
790 638 911 691 remota
929 632 1066 712 fuerunt,
1085 638 1116 693 ut

192 721 225 775 et
248 732 308 795 ego
330 713 444 792 aliquid
466 732 572 774 eorum
603 732 759 792 usurpem.
807 709 890 796 Quin
921 734 995 775 cum
1024 715 1116 778 semel

192 797 291 858 malus
310 816 433 877 semper
453 803 668 877 praesumatur
688 797 801 871 malus,
823 797 912 857 iuxta
932 799 1011 859 iuris
1033 818 1116 881 regu·

192 880 271 956 lam,
299 898 464 959 nusquam,
490 897 662 959 nunquam,
692 882 723 941 in
752 879 836 940 nulla
863 901 898 942 re
928 880 1117 944 credendum

192 964 251 1024 erit
271 963 424 1044 Magistris
447 964 559 1023 nostris
582 962 782 1042 quibuslibet,
816 982 949 1043 quorum
971 965 1118 1026 iudicium

193 1052 315 1108 wustat
334 1046 396 1106 iam
418 1065 437 1105 a
459 1046 561 1107 multis
583 1047 671 1108 annis
692 1047 786 1107 fuisse
809 1065 871 1107 nou
895 1047 994 1109 modo
1016 1050 1118 1110 incon

193 1136 279 1189 stans
302 1136 334 1188 et
360 1147 526 1210 praeceps,
559 1129 613 1191 sed
642 1136 674 1190 et
702 1149 879 1207 erroneum,
915 1131 1118 1211 haereticum,

192 1211 384 1273 temerarium
409 1219 440 1272 et
463 1231 599 1290 caecum,
621 1214 669 1272 cui
685 1231 777 1273 nemo
796 1211 910 1274 debeat
922 1212 1024 1276 fidere
1047 1221 1119 1295 tuto,

193 1295 251 1355 nisi
275 1313 364 1373 quem
386 1295 470 1356 Deus
491 1298 585 1356 iratus
607 1294 837 1376 operationibus
858 1299 973 1357 erroris
997 1298 1120 1359 mandet

193 1376 289 1440 illudi.
333 1378 366 1437 ln
389 1380 475 1439 cuius
497 1381 542 1439 rei
563 1378 655 1439 fidem
679 1378 822 1459 e'xempla
844 1385 915 1439 suut
932 1381 1119 1444 invocanda.

276 1460 388 1521 Nonne
410 1462 601 1523 vuilhelmus
613 1461 739 1539 Occam,
761 1461 1029 1525 scholasticorum
1052 1465 1120 1526 duc-

195 1549 294 1605 torum
318 1545 385 1604 sine
413 1544 505 1606 dubio
527 1545 670 1626 princeps
699 1552 731 1605 et
758 1545 1051 1626 ingeniosissimus,
1079 1567 1118 1609 re

194 1627 352 1707 probatus,
375 1627 553 1705 damnatus,
581 1628 867 1689 excommunicatus
896 1635 991 1690 extra
1015 1650 1120 1693 omnes

195 1729 391 1792 synagogas,
413 1712 593 1793 praesertim
615 1711 800 1772 Parrhisien.
821 1711 921 1772 factus
944 1713 1120 1796 indignissi-

196 1813 262 1854 mus
286 1802 366 1870 erat,
399 1802 462 1856 tum
490 1794 669 1875 pontificum
701 1802 765 1854 tum
786 1793 1011 1876 theologorum
1033 1798 1119 1880 pluri·

194 1896 313 1937 morum
335 1877 459 1952 iudicio,
482 1879 533 1958 qui
544 1878 721 1960 legeretur?
742 1878 785 1937 At
803 1896 883 1955 quae
896 1879 1119 1959 inconstantia,

194 1967 228 2020 ut
248 1960 424 2021 damnatum
447 1960 541 2022 hodie
562 1964 664 2022 sinant
686 1961 855 2038 Parthiam,
878 1963 963 2021 etin
989 1963 1120 2026 meliori·

193 2042 249 2104 bus
272 2044 386 2105 scholis
398 2044 548 2126 regnare?
571 2045 634 2105 Aut
655 2063 749 2123 quare
771 2044 928 2105 huncnon
942 2045 1122 2109 adiudicant

194 2128 255 2208 igni
287 2127 483 2189 damnatores
521 2127 728 2188 doctrinales?
766 2146 820 2186 cur
846 2127 958 2206 placet
994 2128 1121 2208 falsitas,

194 2229 273 2290 quae
303 2210 375 2271 olim
398 2211 577 2293 displicuit?
606 2212 653 2271 An
677 2210 813 2290 Magistri
843 2212 942 2270 nostri
965 2231 1040 2272 sese
1063 2232 1120 2275 non

194 2291 258 2353 fleri
283 2313 301 2354 a
323 2296 451 2355 veritate
484 2301 626 2371 aeterua,
659 2293 712 2354 sed
751 2293 852 2353 facere
881 2295 1046 2356 veritatem
1068 2316 1120 2377 pro

194 2383 333 2457 tempore
354 2378 433 2438 forte
459 2377 676 2458 praesumunt?
710 2377 789 2437 sicut
810 2377 881 2436 olim
904 2376 1045 2439 Romani
1067 2380 1120 2440 De·

195 2479 281 2520 orum
305 2461 505 2522 colendorum
528 2461 685 2521 arbitrium
709 2459 765 2520 sibi
790 2475 1028 2540 arrogaverunt.

258 2543 385 2616 Deinde,
400 2552 474 2624 quot
486 2543 631 2604 articulos
644 2543 751 2603 schola
762 2543 983 2604 Parrhisiensis
1000 2545 1120 2607 damus

195 2628 247 2700 vit,
270 2645 347 2706 quos
360 2627 461 2689 denuo
484 2630 641 2688 revocavit
663 2632 693 2687 et
706 2645 760 2706 pro
774 2627 941 2688 verissimis
962 2627 1122 2690 defendit?

195 2711 256 2770 Aut
270 2712 336 2789 quis
352 2713 458 2786 nescit,
481 2713 511 2771 in
524 2730 616 2791 quam
628 2709 761 2770 fabulam
777 2709 906 2769 abierint
922 2713 1048 2773 articuli
1057 2714 1121 2774 Par·

194 2792 379 2855 rhisienses?
394 2795 564 2855 dicentibus
574 2794 693 2873 Anglis,
708 2812 770 2853 non
783 2799 942 2853 transeunt
958 2815 1058 2872 mare,
1073 2799 1122 2857 lta

194 2876 241 2954 tis,
257 2877 642 2957 necmuntas,Gern1auis,
666 2895 723 2937 nec
733 2876 883 2949 Rhenum,
902 2877 983 2937 sicut
996 2879 1033 2943 Β.
1047 2879 1121 2941 Tho-

196 2979 264 3020 mae
276 2964 469 3022 autoritatem
482 2981 544 3022 non
559 2963 739 3040 exiresepta
752 2959 1123 3025 monastieaPraedicato·

195 3063 277 3122 rum,
300 3064 358 3105 nee
379 3047 409 3105 in
432 3045 493 3105 illis
515 3046 589 3126 ipsis
612 3045 685 3103 satis
708 3048 814 3103 tutam.
857 3040 932 3116 Quis
956 3063 1037 3125 ergo
1060 3047 1122 3108 arti·

196 3125 282 3187 culos
304 3127 362 3189 hos
384 3128 590 3189 damnationis
603 3127 770 3188 Lovanien.
793 3133 824 3185 et
844 3124 1013 3190 colonien.
1038 3132 1123 3192 toties

196 3217 268 3270 aute
296 3210 355 3271 hac
382 3213 546 3273 errantium
570 3229 632 3272 nou
659 3208 758 3270 rideat
796 3208 895 3269 nudos
929 3210 1123 3296 inermesque

196 3292 311 3354 audere
333 3296 424 3354 etiam
448 3295 548 3355 Albim
571 3295 709 3355 transire.

280 3377 424 3439 Iohannis
447 3379 509 3439 Pici
522 3376 725 3438 Mirandulani
743 3374 871 3436 Comitis
884 3374 1121 3456 Conclusiones,

197 3465 312 3541 quanto
338 3459 412 3541 (Dei
436 3461 544 3533 fidem)
571 3460 701 3521 tumultu
713 3459 877 3519 damnatae
900 3471 982 3539 suut,
1009 3469 1122 3525 tantum

196 3551 228 3603 ut
250 3543 386 3625 Magistri
416 3545 512 3606 nostri
535 3545 638 3604 eximii
661 3550 763 3603 rectos
796 3561 864 3602 esse
897 3560 973 3604 suos
1009 3564 1121 3608 errores

197 3632 375 3689 statuerent.
419 3626 502 3702 Quas
542 3634 645 3687 tamen
669 3626 736 3707 quis
767 3632 815 3686 est
835 3624 929 3686 hodie
952 3627 1041 3710 fere,
1079 3629 1122 3710 qui

197 3727 258 3770 nou
283 3712 427 3786 miretur,
450 3712 508 3771 nisi
531 3709 609 3771 forte
632 3728 722 3770 senes
744 3709 862 3788 aliquot
883 3708 1064 3792 sophistae,
1094 3714 1119 3772 in

197 3792 311 3879 ungulo
334 3794 457 3858 rabiosa
479 3792 602 3856 silantia
621 3791 784 3870 rodentes,
818 3810 895 3872 quos
925 3797 1035 3859 tamen
1058 3814 1120 3879 aug·
