2346 4208
287 264 338 324 pro
357 254 558 311 Laborantibus
575 261 604 312 et
623 256 759 312 Ouaratlr.
945 255 988 322 9?

47 442 216 503 memoria
236 443 392 505 consolari
413 445 444 504 iu
466 444 720 522 adversitatibus,
765 447 794 506 ui
816 455 919 507 autem
944 449 988 530 ig·

61 533 186 602 norant,
206 527 413 590 incurrentia
434 528 509 588 illud
525 527 605 592 Psal.
624 528 724 607 29,¹):
743 464 902 604 Quoniam
924 549 988 593 uou

57 608 283 669 intellexerunt
312 628 409 690 opera
430 610 504 690 Dei,
540 619 571 672 et
604 631 700 692 opera
732 631 876 672 manuum
910 614 986 690 eius,

59 690 204 753 destrues
236 711 292 752 eos
331 701 363 753 et
396 712 458 755 non
491 692 669 756 aedificabis
698 713 764 757 eos.
807 695 884 756 Sunt
905 697 987 757 enirn
1119 745 1142 773 .-

61 775 176 856 iagrati
197 777 360 836 universae
381 795 472 837 curae
494 777 550 838 Dei
578 796 671 858 super
700 797 755 839 eos
784 779 815 840 in
839 777 906 839 tota
925 781 990 840 vita
1022 815 1023 819 =

60 857 207 980 lralritae3
235 860 287 937 qui
309 859 339 919 in
364 859 487 921 modico
522 869 637 940 puncto
671 880 773 922 curam
804 862 851 922 sui
874 881 937 922 uon
958 864 987 923 oi

61 940 180 1001 cedunt
210 945 238 1019 l.

100 1138 232 1222 Caput
253 1141 303 1201 lV.
327 1139 376 1202 de
398 1148 564 1222 spectro
586 1149 743 1222 quarto,
765 1142 869 1225 quod
893 1152 958 1205 est

182 1224 323 1285 malum
344 1224 555 1304 infernum,
576 1245 642 1286 seu
665 1225 768 1288 infra
790 1244 873 1288 uos.

149 1358 261 1419 Adhuc
282 1379 344 1421 non
369 1360 450 1420 aliud
480 1360 611 1421 vidimus
649 1363 680 1422 in
713 1361 855 1435 omuibus
888 1362 987 1440 malis,

62 1460 148 1520 quae
172 1443 314 1522 patimur,
336 1462 427 1522 quarn
450 1444 532 1522 quud
555 1443 658 1504 divina
671 1444 792 1505 bonitas
815 1451 900 1505 tanta
923 1454 988 1506 tau·

58 1543 153 1604 quam
177 1544 325 1606 praesens
347 1527 396 1603 sit,
420 1534 453 1586 ut
472 1528 553 1587 inter
573 1529 735 1587 innumera
757 1528 850 1606 mala,
873 1528 986 1606 quibus

57 1626 166 1668 sumus
188 1609 225 1668 in·
242 1609 301 1669 hac
314 1609 385 1669 uita
407 1609 599 1687 circumdati,
620 1619 651 1670 et
665 1611 787 1690 penitus
811 1611 842 1670 in
865 1610 986 1671 eisdem

57 1692 259 1766 iucauoerati,
281 1692 332 1752 vix
354 1693 502 1772 paucula,
540 1712 598 1753 nec
619 1712 657 1753 ea
678 1695 762 1753 omui
784 1700 925 1773 tempore
947 1695 985 1753 si-

60 1782 175 1834 nantur
196 1793 254 1834 uos
276 1775 440 1854 impetere:
475 1777 518 1836 ita
548 1783 580 1836 ut
602 1776 732 1856 quodvis
755 1776 868 1837 malum
893 1795 984 1856 prae·

59 1874 144 1937 scus,
167 1875 229 1937 quo
251 1860 435 1938 premimur,
456 1878 518 1920 non
542 1861 600 1920 nisi
624 1860 819 1922 rnonitorium
844 1861 885 1919 sit
907 1859 983 1920 lucri

58 1938 222 2000 cuiusdam
240 1943 357 2021 magui,
380 1960 442 2020 quo
464 1961 522 2003 nos
544 1942 677 2003 honorat
698 1942 800 2021 Deus,
824 1941 895 2001 dum
920 1961 982 2003 nou

59 2023 135 2083 sinit
155 2041 213 2084 nos
235 2027 367 2105 opprimi
390 2024 584 2088 multitudine
613 2025 783 2104 malorum,
814 2027 847 2086 in
874 2026 984 2104 quibus

58 2125 175 2167 sumus.
208 2105 304 2182 Quod.
323 2109 403 2167 enim
423 2110 611 2185 miraculum,
634 2111 658 2169 si
681 2111 748 2188 quis
772 2107 898 2169 infinitis
919 2110 983 2169 icti-

59 2190 119 2250 bus
140 2197 293 2269 tentetur,
327 2192 376 2251 vel
410 2211 471 2252 unc
500 2193 609 2253 saltem
632 2192 798 2272 aliquando
821 2191 983 2272 tangatur?

58 2272 126 2333 lmo
148 2274 248 2353 gratia
280 2282 327 2333 est
353 2294 415 2335 non
439 2276 580 2336 carnibus
603 2276 700 2352 feriri,
735 2276 913 2335 miraculum
936 2283 984 2335 est

58 2373 123 2415 uon
146 2356 248 2417 multis
270 2356 361 2418 feriri.

143 2439 275 2500 Primum
298 2442 401 2520 itaque
429 2439 552 2518 eorum,
586 2459 665 2519 quae
700 2441 778 2502 iufra
815 2460 872 2501 nos
900 2445 980 2515 sunt,

59 2520 211 2583 malorum
234 2532 281 2583 est
303 2542 395 2601 mors,
418 2524 546 2584 alterum
564 2524 710 2584 infernus.
754 2525 883 2584 Mortem
906 2525 980 2585 alio·

58 2624 125 2664 rum
148 2614 209 2666 tam
233 2607 358 2684 vanam,
382 2614 443 2667 tarn
462 2605 621 2687 indiguam
645 2609 669 2666 si
683 2607 714 2680 ³]
741 2607 980 2682 consideremus,
1014 2670 1019 2677 ,

58 2706 122 2766 qua
143 2689 318 2768 plectuntur
339 2697 530 2770 peccatores,
552 2691 642 2750 facile
665 2688 846 2762 videbimus,
865 2698 980 2768 quanto

55 2789 116 2831 nos
138 2771 223 2833 lucro
261 2774 381 2833 minora
413 2775 527 2834 meritis
557 2775 670 2834 nostris
694 2775 855 2853 patiamur.
899 2772 982 2847 Quot

56 2856 139 2915 enim
163 2855 285 2934 laqueo,
309 2855 414 2934 furca,
438 2876 519 2936 aqua
540 2856 778 2938 strangulantur,
800 2864 853 2917 aut
874 2855 979 2936 gladic
1045 2858 1048 2864 '

57 2955 182 3016 quoque
204 2938 368 3015 feriuntur,
403 2941 454 3018 qui
483 2940 576 3020 longe
613 2941 731 3000 minora
752 2945 881 3019 peccate
901 2938 980 2999 forte
1041 2993 1042 3000 ,

56 3021 205 3098 feceruut,
228 3040 319 3100 qua-m
343 3023 423 3082 uos‘l
445 3023 498 3102 ita,
519 3029 553 3084 ut
573 3023 695 3084 illorum
708 3042 791 3082 mors
813 3029 845 3083 et
859 3023 979 3082 miseria

55 3103 147 3164 nobis
171 3124 190 3164 a
211 3103 333 3166 Christo
357 3124 481 3185 quoque
501 3125 557 3187 pro
580 3114 702 3186 spectro
736 3106 912 3183 obiiciatur,
948 3107 979 3166 in

56 3204 120 3266 quo
143 3187 313 3268 videamus,
335 3188 408 3267 quid
430 3208 488 3251 nos
511 3192 720 3250 meruerimus.

140 3269 191 3331 Sic
217 3272 300 3331 enim
322 3271 394 3332 Luc.
424 3275 473 3351 13,
509 3292 578 3333 cum
601 3273 630 3336 ei
648 3273 829 3333 nunciarent
855 3270 979 3350 quidam
1061 3287 1063 3291 ’

53 3352 96 3413 de
118 3352 276 3432 Galilaeis,
299 3374 428 3434 quorum
450 3354 565 3416 Pilatus
601 3356 782 3436 sauguinem
814 3356 979 3415 miscuerat

53 3456 124 3500 cum
148 3436 304 3498 sacrificiis
327 3458 443 3515 eorum,
465 3438 639 3519 respondit:
684 3438 816 3517 Putatis,
841 3438 923 3517 quod
948 3438 980 3496 hi

53 3519 187 3580 Galilaei
211 3540 284 3601 prae
307 3520 448 3582 omnibus
471 3521 618 3584 Galilaeis
648 3528 827 3602 peccatores
856 3520 977 3594 fuerint,

130 3706 208 3767 illu
231 3704 274 3758 ed.
299 3706 378 3761 Jen:
407 3707 450 3762 28.
506 3706 640 3770 atteia:
675 3691 798 3754 credunt.
857 3701 886 3767 3)
906 3701 976 3753 ibid.

53 3777 152 3831 deest:
171 3780 204 3830 si.

382 3833 385 3839 ¹
720 3809 731 3830 e
753 3815 759 3831 .
782 3815 786 3829 .

79 3871 174 3911 Luthsrl
191 3882 243 3920 opp.
259 3872 284 3912 V.
299 3871 326 3910 Δ.
340 3870 370 3910 ad
382 3870 423 3910 rel.
436 3870 489 3912 hist.
502 3872 517 3911 l.
531 3848 553 3920 p:
568 3871 618 3913 Vol.
632 3872 670 3912 [v.
772 3845 791 3906 7
