2346 4208
179 208 190 237 Ι

405 248 441 305 de
458 247 592 306 eeclesias
611 254 759 320 potestate.
979 243 1042 314 377

165 439 215 503 35.
246 438 397 501 Consedit
426 440 554 521 insuper
587 439 797 520 (necessario)
829 459 887 502 nee
915 436 1045 524 corpore

123 522 334 602 puniendum,
365 541 424 583 neo
444 523 695 584 incarcerandum
719 542 802 602 esse,
824 525 879 585 sed
900 526 1045 607 adempto

121 605 223 666 solum
247 605 350 667 officio
374 607 436 667 suis
458 607 548 667 rebus
571 607 665 667 libere
687 627 780 688 posse
800 610 851 668 uti.

164 691 216 752 36.
245 688 347 763 Quare
375 709 434 750 neo
461 689 638 750 scandalum
662 699 714 751 aut
736 691 952 771 turpitudinem
977 713 1046 753 esse

122 779 240 848 oenset,
264 773 288 832 si
312 773 458 833 sacerdos
481 772 602 833 duxerit
623 793 760 835 uxorem.

166 857 217 918 37.
240 854 299 929 Qui
321 857 412 936 igitur
434 856 514 916 ultra
535 859 772 936 suspensionem
795 857 833 918 ab
857 857 958 919 officio
995 857 1047 919 sd·

123 936 200 997 dunt
222 956 355 1018 poenam
377 940 530 1018 haeresis,
553 941 677 1018 mortis,
700 943 822 1002 animae
846 947 877 1002 et
898 942 1047 1021 eorporis,

123 1020 238 1081 dehino
260 1023 391 1102 spolium
413 1041 513 1082 rerum
538 1028 569 1082 et
588 1023 699 1098 famae,
722 1024 752 1083 hi
777 1024 848 1085 sunt
868 1024 982 1104 publici
1005 1026 1047 1085 la-

123 1112 241 1183 trones,
263 1105 355 1179 fures,
377 1104 562 1180 homicidae,
584 1106 767 1185 proditores,
778 1108 903 1184 falsarii,
917 1109 1048 1188 tyranni,

126 1189 222 1247 etiam
245 1188 413 1248 seeundum
437 1189 502 1248 iura
525 1188 637 1268 Papae,
662 1197 692 1249 et
713 1191 742 1249 in
767 1209 822 1250 sus
845 1191 984 1252 ecelesia.

170 1273 220 1334 38.
243 1271 292 1330 Ex
312 1271 359 1330 his
383 1277 486 1351 potest
503 1270 642 1352 intelligi,
666 1274 737 1350 quid
751 1274 935 1334 exeeolesia
947 1275 1049 1354 Papae

126 1352 252 1412 tandem
275 1354 388 1414 fastum
411 1356 467 1430 sit,
499 1355 530 1414 in
559 1373 621 1432 qua
641 1354 718 1415 tales
741 1357 796 1416 viri
819 1356 971 1418 habentur
992 1376 1048 1438 pro

104 1437 330 1520 ¹sanctissimis
353 1444 384 1497 et
407 1438 652 1516 sapientissimis.

312 1632 510 1757 Quinque
540 1633 869 1753 Disputationes

426 1823 462 1883 u.
485 1821 606 1883 aaron
627 1785 752 1883 uulneri

515 1975 544 2019 a.
569 1959 658 2022 1535.

211 2145 245 2204 ln
275 2144 473 2222 sequentibus
496 2148 630 2226 quinque
649 2145 905 2232 disputationibus
927 2145 1054 2228 diligen-

127 2229 250 2289 tissime
273 2228 424 2306 expendit
437 2228 473 2288 D.
489 2227 527 2289 M.
542 2229 689 2289 Lutherus
706 2230 841 2312 singulas
853 2249 946 2290 vooes
965 2230 1054 2289 huius

127 2311 247 2371 Paulini
262 2309 344 2387 disti,
366 2311 455 2373 Rom.
470 2312 708 2374 31Arbitramur
720 2312 877 2373 hominem
899 2313 1055 2374 iustificari

130 2501 511 2516 mffl--mn———n

167 2613 200 2667 35
232 2611 367 2666 Consedit
384 2613 499 2678 insuper
520 2614 528 2674 t
535 2609 707 2670 necessario)
729 2625 778 2663 nee
801 2625 917 2678 corpore
941 2612 1053 2677 punien-

128 2682 198 2736 dum
219 2701 269 2736 neo
291 2682 518 2736 incarcerandum
540 2697 615 2745 esso,
635 2681 682 2732 ssd
703 2680 833 2750 adempto
854 2680 942 2735 solum
962 2683 1054 2734 officio

129 2757 250 2809 liberum
269 2757 309 2807 ire
329 2760 356 2807 et
374 2771 465 2824 agere.
866 2752 869 2761 ’

168 2845 209 2900 36.
230 2844 322 2910 Quare
351 2852 455 2896 certum
489 2848 548 2910 est,
575 2857 627 2894 nec
650 2842 753 2893 crimen
783 2844 888 2894 censeri
915 2843 944 2894 in
962 2844 1054 2910 Papae

129 2917 257 2979 ecelesia,
278 2919 300 2968 si
321 2916 451 2968 sacerdos
473 2914 585 2966 duxerit
603 2927 730 2964 uxorem.

166 3005 209 3060 37.
236 3004 369 3057 Concedit
394 3003 480 3067 ultra,
506 3004 663 3055 necessario
689 3018 740 3054 nec
767 3002 848 3053 rebus
868 3008 916 3053 aut
934 3003 1053 3069 propriis

129 3079 211 3135 bonis
232 3092 293 3129 esse
313 3075 506 3145 spoliandum,
537 3074 584 3142 sad
612 3073 740 3140 adempto
768 3072 858 3126 solum
878 3074 969 3126 officio
997 3075 1053 3124 suis

131 3149 215 3201 rebus
235 3148 322 3201 libere
340 3164 424 3215 posse
444 3149 492 3199 uti.

167 3235 209 3291 38.
230 3235 322 3302 Quare
341 3254 393 3290 nec
411 3215 573 3290 scandalum
591 3240 637 3287 aut
655 3232 852 3302 turpitudinem
872 3247 933 3285 5555
952 3236 1054 3298 censet,

130 3310 154 3360 si
175 3307 305 3363 sacerdos
322 3308 433 3362 duxerit
453 3324 580 3360 uxorem,

167 3397 209 3450 39.
232 3396 285 3462 Qui
304 3399 388 3466 igitur
407 3397 477 3449 ultra
496 3398 705 3463 suspensionem
723 3399 773 3447 etc.
785 3425 815 3434 -
840 3393 929 3446 Verba
948 3392 1055 3460 reliqua

131 3476 196 3520 sunt
215 3469 319 3534 eadem,
339 3484 409 3536 quae
429 3483 512 3535 supra
532 3471 559 3519 in
579 3483 691 3535 propos.
711 3467 755 3521 37.

170 3556 212 3612 40.
233 3557 276 3608 Ex
295 3557 338 3611 his
359 3564 449 3625 potest
467 3558 593 3626 intelligi,
614 3556 679 3624 quid
699 3562 748 3609 etc.
769 3584 801 3592 —
840 3554 929 3608 Verba
948 3552 1055 3620 reliqua

131 3636 197 3682 sunt
215 3629 321 3695 eadem,
347 3646 418 3698 quae
447 3646 531 3697 supra
554 3631 584 3681 in
603 3645 714 3696 propos.
736 3628 792 3683 38:
820 3629 849 3678 in
870 3627 923 3678 fine
944 3640 1055 3692 quoque

132 3701 428 3826 mppria-originalis
447 3701 597 3755 vocabula:
616 3700 698 3753 Anno
717 3699 751 3754 M.
767 3701 797 3753 D.
811 3697 897 3763 XXX,
916 3712 973 3749 non
991 3701 1056 3751 sunt
