2346 4208
180 250 223 319 76
274 287 283 301 2
395 253 486 324 ‘Epist
504 261 610 325 septem
628 260 731 324 praest
750 257 873 309 virorum

257 440 386 503 interim
407 439 474 501 e'sto
499 442 545 501 vir
565 441 661 517 fortis,
685 447 716 501 et
736 442 899 520 accingere
921 441 1029 522 gladio
1050 448 1103 505 tuo
1147 440 1148 443 ’

180 543 273 602 super
306 523 414 584 femur.
431 533 515 584 tuum
549 525 772 604 potentissime.
823 524 992 604 Postquam
1023 527 1103 587 euim

179 626 235 687 pro
257 626 335 685 pace
358 617 409 667 tua
430 607 582 671 mediator
594 608 731 688 ingratus
744 608 797 684 fui,
818 607 950 688 placebo
972 609 1105 671 fortasse

180 697 389 753 concertator:
428 709 491 751 non
523 690 605 768 quod
638 692 762 751 vincere
784 693 1020 770 proposuerim,
1052 691 1104 754 sed

181 773 263 853 quod
285 781 357 855 post
379 775 522 834 victorico
536 780 603 834 tuas
616 773 823 849 Pannonicas,
842 773 1105 855 Longobardioas,

183 857 360 919 Baioaricas
387 856 499 926 (modo
522 857 576 917 tibi
599 856 777 931 credamus]
809 859 934 919 occasio
956 857 1013 921 tibi
1035 857 1105 920 liam

182 939 341 1002 obtinendi
362 941 513 1012 nominis,
552 959 613 1018 quo
647 947 679 1002 et
700 940 872 1002 saxonicus
905 947 937 1001 et
958 941 1104 1003 llisnicua

181 1023 398 1103 triumphator,
429 1024 512 1083 acsi
534 1022 642 1099 voles,
676 1043 798 1103 semper
816 1025 972 1103 Augustus
996 1025 1105 1087 salute·

182 1109 222 1167 ris
246 1108 277 1166 in
300 1113 469 1184 aeteruum,
491 1125 529 1166 ac
549 1107 595 1166 sic
618 1106 747 1186 gloriam
763 1105 795 1180 ¹)
824 1106 954 1186 adeptus
966 1110 1107 1187 quiescas

179 1191 266 1251 iuxta
275 1189 413 1270 Magistri
435 1190 478 1249 tui
500 1191 698 1251 sententiam:
720 1189 881 1252 Habitibus
903 1190 1106 1252 existentibus

180 1275 212 1343 iu
241 1273 370 1333 materia
399 1278 501 1333 cessat
521 1279 633 1336 motus.
684 1273 866 1352 Quanquam
898 1273 1040 1354 mallem,
1074 1281 1106 1335 ut

181 1362 369 1433 monstrum,
385 1391 387 1396 .
405 1355 488 1436 quod
517 1356 577 1415 iam
602 1355 652 1416 diu
680 1357 711 1416 in
734 1377 784 1416 me
806 1356 878 1435 alis,
915 1368 946 1417 et
968 1358 1106 1440 quodie

180 1439 262 1501 male
283 1437 392 1517 habet,
414 1437 580 1519 aliquando
604 1459 743 1518 pareres,
765 1446 796 1499 et
816 1459 974 1518 nauseas,
995 1441 1105 1520 quibus

181 1521 360 1591 stomachus
383 1528 452 1585 tuus
481 1521 686 1602 periclitatur,
721 1522 844 1583 tandem
879 1542 1041 1585 evomeres
1075 1525 1104 1585 in

180 1603 334 1686 publicum
358 1607 509 1684 minisque
530 1604 590 1665 illis
608 1606 667 1665 tuis
682 1604 822 1699 basilicis
835 1613 866 1667 et
884 1605 1030 1686 gloriosis
1051 1627 1106 1688 per

182 1689 286 1750 omnia
307 1688 400 1749 linem
422 1690 605 1768 imponeres.
807 1694 813 1705 '

264 1771 324 1833 Sed
345 1770 384 1832 ad
407 1778 437 1833 te
459 1778 606 1850 revertor,
629 1773 744 1851 optime
765 1771 905 1848 Andura,
928 1779 960 1832 et
982 1791 1050 1851 oro,
1072 1779 1104 1834 nt

180 1875 242 1917 una
263 1874 381 1917 mecum
410 1854 448 1915 ad
471 1853 624 1915 illustriss.
645 1855 833 1936 Principem,
866 1855 982 1916 Ducem
1007 1853 1104 1919 Geor·

179 1938 281 2018 girum
312 1937 581 2018 prudentissimum
612 1957 735 2017 quoque
765 1938 912 1999 Senatum
934 1936 1058 2019 Lipsiae
1069 1937 1100 2018 ²)

180 2020 314 2101 scribas,
347 2022 372 2081 si
395 2040 456 2101 qua
482 2019 646 2102 dignentur
672 2019 762 2082 nobis
785 2020 910 2083 domum
932 2020 981 2082 vel
1003 2022 1104 2102 profa-

179 2124 251 2178 nam
279 2105 315 2167 in.
348 2103 409 2165 hoc
438 2105 599 2184 negotium
629 2102 794 2167 collocare.
843 2104 921 2165 Nam
960 2106 1102 2186 egregios

179 2187 331 2248 Dominus
362 2187 514 2256 Doctores
546 2187 585 2247 de
618 2187 825 2249 Universitate
863 2189 984 2268 penitus
1029 2187 1103 2257 nolo

179 2270 267 2330 huius
281 2269 416 2350 periculo
438 2269 542 2332 iudicii
564 2271 695 2349 onerari,
718 2272 800 2350 quod
824 2270 1104 2350 etprudentissime

178 2360 366 2415 recusarunt.
419 2352 499 2429 Quin
536 2352 567 2413 id
598 2354 761 2429 faciemus,
801 2352 940 2414 adductis
974 2355 1103 2417 notariis

179 2434 309 2512 duobus,
332 2442 459 2516 uterque
482 2436 594 2498 Eccius
616 2445 647 2498 et
667 2436 834 2513 Lutherus,
871 2444 902 2499 et
930 2437 955 2496 si
978 2439 1030 2516 qui
1052 2438 1103 2498 alii

177 2518 259 2580 idern
281 2520 387 2599 velint,
409 2519 448 2580 ad
471 2539 593 2580 manum
608 2521 797 2581 notariorum
820 2519 915 2581 dictet
936 2540 992 2581 sua
1071 2541 1104 2581 u-

178 2609 283 2665 mente
324 2611 355 2664 et
380 2603 608 2683 responsiones.
659 2599 753 2684 Quod
782 2622 820 2664 eo
852 2603 932 2664 facio
962 2540 1103 2680 coniiiio,

178 2705 225 2747 nc
243 2693 275 2746 et
295 2686 384 2749 nobis
406 2685 499 2746 sceda
521 2685 732 2748 illaiactantia
755 2694 786 2747 et
807 2686 994 2747 frustraneus
1015 2686 1105 2749 labor

180 2770 347 2850 contingat,
370 2788 449 2847 quae
465 2771 495 2829 in
508 2769 679 2830 Viennensi
702 2768 910 2849 disputatione
923 2768 1008 2829 Ecoii
1022 2769 1104 2831 vide·

182 2860 247 2927 tur,
281 2860 343 2914 tum
379 2856 412 2912 ut
442 2853 560 2913 clamor
586 2859 617 2913 et
643 2859 749 2934 gestus
776 2853 957 2931 importuni,
993 2854 1104 2934 quibus

180 2933 283 2996 solent
314 2942 456 2996 aestuare
485 2944 516 2996 et
549 2935 677 3017 perdere
704 2936 865 2997 veritatem
888 2937 985 2997 nostri
1008 2937 1107 2998 seculi

181 3015 404 3098 disputatores,
437 3017 652 3097 cohibeantur,
683 3020 787 3080 omnia
808 3025 912 3080 autem
934 3019 984 3081 vel
1007 3021 1105 3101 possi·

180 3098 232 3162 bili
255 3101 408 3163 modestia
428 3102 460 3161 in
481 3101 586 3163 literas
606 3104 861 3182 pronunciantur,
883 3111 976 3181 atque
999 3123 1037 3164 ea
1061 3104 1105 3164 sic

179 3183 210 3245 in
239 3183 342 3246 literas
375 3183 473 3245 relata
508 3183 608 3244 offerri
647 3186 768 3265 possint
789 3184 861 3247 Sedi
890 3186 1102 3266 Apostolicae,

179 3264 343 3347 Episcopis
366 3273 396 3327 et
418 3268 511 3327 totius
534 3267 695 3328 Christiani
720 3268 802 3328 orbis
826 3267 940 3329 iudicio
955 3269 999 3343 ³).

515 3349 662 3410 Martinus
685 3350 844 3429 Lutherus,
868 3351 997 3432 August.
1012 3349 1062 3426 ⁴).

246 3460 603 3468 ...ww

108 3542 112 3546 .
253 3497 282 3558 1)
303 3496 333 3548 In
369 3496 412 3550 ed.
438 3497 582 3548 Basiliensi
612 3497 657 3549 hic
688 3503 751 3564 post
775 3497 894 3565 gloriam
924 3499 1103 3551 intersertum

179 3567 293 3635 legitur:
324 3566 389 3620 αἰὲν
413 3564 564 3633 ἀναιδείην
583 3565 738 3638 ἐπιειμένε.
776 3569 854 3636 2)1n
879 3568 1015 3624 adden:
1045 3573 1104 3638 Lip-

179 3655 298 3693 sensem.
336 3638 494 3707 3)1uidem
515 3639 639 3692 additum
662 3646 717 3694 est:
745 3639 828 3692 Anno
847 3641 983 3693 ll.ll.lllll.
1022 3642 1052 3695 lt
1076 3643 1103 3695 ln

178 3710 245 3765 adit.
254 3711 429 3765 dsWettiana
438 3711 549 3765 Lutheri
564 3727 665 3764 nomeu
678 3714 718 3764 sie
728 3713 912 3781 subscriptum
924 3718 979 3766 est:
992 3713 1020 3768 F.
1034 3714 1102 3769 tlar-

179 3784 253 3836 tinns
271 3781 419 3850 Lutherus,
438 3782 555 3853 August.
