2346 4208
380 280 383 285 ψ
423 245 580 333 cliotspiis
598 252 723 315 excepta
841 248 844 253 ’
984 234 1048 314 21³5

205 430 268 491 sed
291 448 433 490 maneam
455 430 486 489 in
509 431 680 511 principali,
704 432 775 510 quia
798 436 961 511 peccatum
982 443 1046 495 ucri

120 520 225 575 manet
247 515 449 593 impunitum,
483 513 651 575 secundum
674 513 896 595 Augustinum,
928 515 1046 598 Grego-

123 599 206 658 rinn.
254 597 357 672 Quare
393 596 562 676 satisfactio
596 599 707 658 merito
738 599 829 657 tertia
844 612 920 678 pars
939 602 1048 678 poeni·

125 672 235 741 tentioe
258 682 414 740 asseritur.
460 679 499 738 Et
521 681 613 760 plene
637 681 779 760 probavit
801 679 991 761 Augustinus
1015 684 1046 744 it

128 764 236 841 Euan,
269 765 517 842 perorationem
552 764 738 824 dominicam
771 778 830 824 nos
868 764 1049 826 satisfacere

92 844 101 855 ‘
129 868 176 927 pro
202 847 355 906 scelerate
386 848 490 926 gestis.
533 845 574 906 Et
603 855 635 907 ut
663 866 735 906 vere
763 846 842 906 dixit
869 847 935 906 heri
964 868 1047 909 reve-

130 930 235 990 nudus
259 931 367 1007 Pater,
397 930 480 989 Deus
501 930 575 990 fecit
594 936 719 1009 pactum
744 948 812 989 curn
835 928 988 1008 ecclesia,
1019 933 1048 991 si

130 1010 259 1076 ccclesia
281 1032 343 1072 uon
367 1013 455 1088 facit,
479 1014 562 1072 Deris
583 1014 665 1072 facit.
707 1012 791 1092 *Ergo
815 1012 914 1072 liabeo
936 1018 1048 1092 propo

130 1097 213 1156 situm
230 1095 494 1156 Scholasticorum
515 1104 550 1156 et
572 1096 827 1171 Praedicantium,
852 1095 934 1174 quod
959 1112 1046 1176 opor·

131 1184 168 1241 tet
187 1180 237 1239 val
259 1198 319 1239 nos
343 1180 535 1257 satisfacere,
568 1187 623 1238 aut
647 1180 730 1238 Deus
750 1180 863 1258 exiget.
910 1178 998 1253 Quod
1022 1182 1048 1241 si

131 1274 177 1342 pe
199 1263 358 1322 orationes
380 1269 502 1321 nostras
535 1260 582 1321 vel
608 1262 691 1321 bona
716 1280 811 1340 opera
833 1262 1047 1341 satisfacimus,

132 1365 177 1405 cnr
196 1345 273 1405 illud
296 1364 359 1404 non
375 1354 482 1423 posset
503 1346 567 1404 fieri
589 1343 759 1404 accedente
773 1346 882 1404 virtute
906 1343 1048 1424 clavium,

133 1448 199 1506 quas
222 1429 308 1487 Deus
329 1446 393 1487 non
416 1428 527 1488 frustra
549 1447 624 1487 suae
646 1444 781 1507 sponsae
803 1427 954 1487 ecclesiae
976 1440 1047 1488 con-

134 1512 198 1573 tulit.
239 1511 269 1586 E
306 1529 374 1569 cum
406 1512 490 1570 iuxta
520 1511 661 1588 Gregorii
694 1512 878 1571 sententiam
905 1522 975 1573 can.
1000 1504 1047 1572 De

135 1602 226 1654 cetero
251 1599 289 1667 2,
313 1612 342 1672 q.
369 1597 400 1655 7.
424 1594 474 1652 alii
498 1595 635 1673 episcopi
659 1599 730 1653 sunt
752 1594 853 1653 vocati
876 1594 906 1652 in
929 1603 1046 1672 partem

135 1676 359 1751 sollicitudinis,
395 1696 477 1755 papa
497 1677 601 1737 -habet
629 1676 851 1756 plenitudinem
875 1679 1047 1755 potestatis,

136 1780 180 1839 per
201 1757 411 1838 indulgentias
444 1760 482 1819 ab
520 1754 677 1820 co'datas
706 1759 815 1819 satisfit
842 1778 963 1838 poenae
992 1780 1047 1840 pro

136 1845 262 1921 peccatis
292 1841 433 1917 debitae,
467 1843 621 1901 solutione
653 1863 691 1902 ex
720 1842 864 1902 thesauro
896 1840 1048 1902 ecclesiae

137 1926 221 2001 lacta,
257 1931 290 1984 ut
322 1931 393 2004 post
415 1924 533 1984 sixtum
568 1924 736 1984 declaravit
757 1925 842 2004 Papa
872 1920 1048 2000 modernis,

138 2007 343 2088 praecipiendo
367 2007 422 2068 sub
445 2028 548 2086 poena
573 2008 903 2068 excommunicationis
925 2009 969 2068 ita.
995 2006 1047 2068 dc·

141 2093 199 2167 ceri,
221 2093 320 2150 teneri
343 2097 373 2149 et
395 2091 575 2169 praedicari.
612 2091 712 2164 Quare
736 2092 761 2148 si
783 2091 971 2150 reverendus
995 2080 1048 2150 Ρι-

143 2182 179 2232 ter
200 2181 308 2234 contra
330 2174 456 2249 (luceat,
490 2173 647 2252 praedicet
668 2174 717 2233 vel
741 2174 891 2252 disputet,
918 2176 978 2232 iam
997 2181 1049 2234 est

145 2258 326 2316 anathemate
355 2275 529 2336 percussus.
573 2257 690 2315 Placuit
722 2264 822 2315 tamen
854 2257 943 2333 mihi,
967 2257 1048 2335 qrrcd

147 2339 212 2399 ultra
235 2341 353 2399 clavem
379 2342 540 2418 potestatis
567 2340 632 2398 heri
659 2341 763 2417 posuit
791 2340 909 2398 clavem
939 2339 1050 2399 discre-

148 2423 232 2498 tionis,
255 2443 323 2482 curn
348 2429 450 2481 tamen
475 2421 576 2501 plures
600 2423 703 2481 claves
725 2429 833 2481 contra
847 2422 1050 2484 scholasticos

148 2503 281 2565 Doctores
305 2512 399 2584 neget
421 2505 564 2566 Conclus.
587 2511 617 2568 7.
640 2505 838 2565 Resolutorii.

92 2584 94 2597 '
214 2589 298 2648 Haec
320 2589 403 2648 volui
432 2589 559 2647 omnino
582 2588 732 2661 adiicere,
761 2596 795 2647 ut
823 2588 913 2646 futuri
935 2588 1051 2648 iudices

150 2674 263 2747 apertius
287 2671 510 2749 intelligerent,
541 2690 619 2749 quae
642 2678 748 2730 nostra
771 2677 854 2730 esset
875 2679 1049 2730 controver-

151 2754 183 2812 sia
207 2756 235 2813 in
258 2754 319 2813 hoc
347 2762 478 2832 puncto,
515 2756 670 2832 quoniam,
702 2753 727 2811 si
750 2753 936 2813 reverendus
957 2752 1052 2814 Pater

151 2845 196 2894 slat
215 2839 386 2897 sententiae
408 2838 575 2896 Doctorum
599 2857 654 2914 per
677 2857 725 2895 me
747 2837 966 2915 allegatorum,
989 2846 1051 2896 non

151 2918 343 2980 adversabitur
365 2939 422 2978 neo
445 2920 661 2996 Scholasticis,
696 2939 755 2978 nec
779 2918 1052 2996 praeducta-ibus,

151 3020 193 3060 nec
214 3005 294 3062 milri
318 3003 419 3076 Quare
441 3006 464 3062 si
488 3004 627 3079 voluerit,
651 3003 743 3061 etiarn
763 3003 945 3060 sententiam
967 3015 1052 3062 suam

152 3103 192 3159 pro
224 3087 437 3146 informatione
468 3086 661 3146 dominorum
691 3085 822 3144 iudicum
858 3085 972 3165 poterit
993 3085 1053 3145 c'la·

152 3185 197 3226 nus
218 3171 396 3248 cxprrimere.

400 3334 439 3392 M.
484 3332 789 3392 Lutherus

222 3499 265 3557 Ad
295 3501 369 3557 istas
399 3499 524 3556 naenias
561 3505 591 3557 et
616 3499 749 3576 ineptias
772 3499 807 3560 D.
830 3498 867 3560 D.
891 3499 955 3557 heri
979 3502 1053 3558 satis

159 3582 294 3656 respondi,
331 3583 440 3660 repetit
470 3582 550 3640 enirn
577 3582 703 3657 eadem,
738 3588 769 3640 et
801 3582 884 3641 velut
911 3582 1055 3641 ridiculus

162 3659 330 3724 citharoedus
354 3663 469 3722 chorda
493 3684 614 3742 semper
638 3664 761 3724 oberrat
783 3653 904 3726 eadem.

224 3746 360 3808 Secundo
381 3766 508 3828 scopum
522 3750 751 3808 controversiae
775 3767 837 3808 non
853 3749 961 3828 attigit.
983 3748 1054 3808 Non
