2346 4208
394 253 492 305 eonbe
509 264 619 304 errores
636 249 672 306 1.
690 249 770 305 [nuth.
978 245 1042 316 279

199 435 269 517 Age
291 444 410 516 cutem,
444 435 517 516 quid
549 435 741 499 embirs·tibi
773 437 806 498 ie
828 437 935 499 esculo
957 435 1041 518 licet,

157 538 251 600 quem
272 519 386 582 Paulus
407 519 652 602 dispensatorem
669 520 727 581 Dei
748 539 818 582 esse
827 519 922 600 iubet,
943 528 976 582 et
996 540 1043 584 sc·

156 609 318 683 questrere
340 602 379 666 cb
401 623 435 664 se
447 605 553 665 omnin
572 603 724 666 seculcric
744 603 917 666 desiderio?
939 604 1043 666 Debes

158 695 192 749 tu
221 702 296 748 vero
323 687 501 768 inprimis¹t
525 687 702 768 exemplum
739 706 809 748 csse
844 687 979 748 fidelium
1011 688 1042 749 in

159 769 267 848 verbo,
290 770 321 830 in
340 770 587 850 conversatione,
609 772 639 830 in
663 769 842 848 munseo,
864 772 896 830 in
917 769 989 850 fide,
1011 771 1043 831 in

157 853 318 932 castitate,
346 859 419 914 ente
447 854 551 915 omniu
573 855 653 914 viem
675 854 813 915 veritstis
834 854 957 935 eligere.
1003 854 1043 914 At

145 935 242 997 -viem
276 936 413 998 veritatis
435 936 531 1018 elegi,
563 957 631 997 cum
662 936 824 998 Psclmists
844 936 1044 1012 (Ambrosius

158 1019 221 1097 cit)
246 1018 349 1081 dicere
370 1028 461 1081 nemo
485 1026 605 1100 potest,
635 1020 686 1099 qui
714 1020 866 1081 scculcriu
899 1021 1044 1100 concupi-

122 1168 127 1174 ,
158 1102 235 1181 scit,
256 1103 309 1182 qui
330 1121 369 1164 ns
393 1103 513 1165 otietur.
557 1103 628 1165 Ncn
652 1109 700 1163 cst
725 1104 806 1163 enim
835 1104 886 1165 vin
907 1105 1044 1164 veritetis

156 1184 294 1247 -bebeudi
317 1122 502 1267 studium²)‚
525 1185 676 1267 cupidine
698 1186 894 1266 possidendi,
917 1193 970 1248 nut
990 1186 1044 1246 hc-

159 1287 219 1330 nor
236 1267 326 1331 huius
348 1268 461 1346 seculi,
481 1268 658 1332 sollicitudo
681 1269 796 1332 mundi.
825 1268 866 1330 Et
888 1271 918 1330 in
941 1270 1043 1347 Petro,

160 1357 196 1413 ut
208 1351 318 1433 dignus
329 1350 426 1429 fieret,
444 1353 495 1431 qui
504 1352 616 1414 Christi
630 1372 705 1414 oves
716 1359 868 1433 pasceret
881 1351 1045 1414 nihileliud

159 1435 314 1514 quaesivit
329 1434 477 1512 Christus,
500 1453 590 1514 quem
614 1436 821 1498 suinmorem.
864 1435 924 1511 Qui
947 1436 1045 1516 quetis

160 1519 217 1596 sit,
238 1516 395 1580 Iohannes
416 1517 524 1596 dccet,
557 1519 659 1581 Filioli
682 1520 756 1598 mei,
784 1520 942 1598 inquiens,
982 1537 1045 1580 nou

160 1599 324 1682 diligemus
346 1601 460 1680 verbo,
483 1621 584 1681 neque
605 1603 725 1683 lingua,
748 1601 803 1663 sed
825 1618 920 1682 opere
941 1609 974 1663 et
994 1621 1046 1663 ve·

159 1685 260 1746 nnn.
303 1684 337 1746 In
360 1684 422 1746 boc
443 1686 661 1765 agnoscimus,
691 1686 765 1765 quio
784 1704 825 1746 ex
847 1686 977 1746 veritstc
997 1702 1045 1744 su-

160 1784 238 1829 mus.
280 1766 322 1828 Et
350 1767 437 1828 Bede
458 1788 520 1829 non
543 1769 640 1830 melus
663 1775 767 1846 sutor,
790 1767 867 1830 Sunt
895 1769 948 1848 qui
967 1787 1045 1829 oves
1082 1826 1092 1837 ,,

159 1850 289 1929 christ,
321 1851 428 1932 inquit,
450 1870 512 1912 ncn
534 1870 641 1915 emcrc
661 1851 790 1930 Christi,
825 1850 878 1912 sed
900 1869 975 1912 suec
997 1850 1046 1911 vel

160 1931 334 2016 gloriam),
356 1934 405 1996 vsi
434 1933 669 2012 dominationis,
705 1935 756 1996 vel
780 1941 924 2014 quaestus
946 1935 1047 2016 mutin

159 2023 301 2160 possiunt.
345 2017 391 2077 De
414 2017 523 2097 quibus
546 2018 585 2079 ed
607 2018 821 2099 Philippenses
842 2014 1047 2099 conqueritur

185 2119 226 2161 eu
240 2118 283 2160 us.
471 2130 473 2136 .
826 2114 829 2121 ’

201 2182 270 2244 Hoc
290 2181 405 2243 idcirco
434 2183 571 2264 pluribus
593 2183 757 2254 admonui,
787 2203 828 2244 ne
849 2202 984 2263 unquam
1007 2203 1046 2245 ee

160 2265 216 2328 tibi
240 2264 352 2325 fiducie
372 2265 497 2343 incidet,
521 2272 554 2326 ut
574 2267 730 2329 arbitreris
751 2267 962 2329 huiuscemodi
976 2260 1045 2327 Bul-

161 2349 199 2410 lis
221 2367 315 2429 posse
333 2357 363 2410 tc
384 2369 405 2409 e
425 2350 565 2410 veritatis
588 2351 689 2411 studio
713 2349 885 2412 adsterrers
906 2364 982 2428 uns,
1016 2356 1047 2411 et

161 2452 181 2493 c
203 2431 370 2493 dilectione
382 2431 438 2492 Dei
460 2450 624 2512 seperare:
647 2434 760 2513 quippe
781 2434 958 2495 inDomino
973 2452 1046 2494 con-

160 2514 294 2593 fidimus,
316 2514 398 2595 upud
421 2533 512 2594 quem
535 2521 614 2576 teste
635 2515 690 2577 lob
711 2516 858 2578 fortitudo
877 2523 925 2578 est
947 2523 978 2577 et
1000 2536 1048 2578 sc-

152 2598 289 2680 .picntic,
311 2599 363 2678 qui
385 2598 472 2658 novit
494 2603 525 2659 et
538 2597 742 2679 decipientem
765 2601 866 2678 etqui
888 2599 1049 2679 decipitur,

162 2681 215 2761 qui
237 2679 366 2742 effundit
387 2681 621 2760 despectionem
643 2700 736 2761 super
749 2682 918 2762 Principes,
940 2690 971 2742 et
994 2700 1050 2743 ecs

160 2765 215 2844 qui
238 2765 378 2845 oppressi
392 2764 513 2825 fucrant
528 2764 656 2829 relevet.
678 2765 846 2844 Responde
870 2766 942 2825 mihi
964 2784 1047 2840 vero,

162 2849 231 2927 quis
252 2849 421 2928 permensit
442 2849 472 2908 in
497 2847 648 2908 mandetis
670 2848 806 2926 Domini,
830 2855 861 2910 et
882 2848 1049 2909 derelictus

162 2930 233 2993 cst?
255 2930 389 2993 Proinde
410 2949 475 2992 non
496 2937 528 2992 te
549 2932 701 3010 timemus,
722 2931 802 3010 Leo,
827 2939 1050 3010 quantumcun-

163 3032 225 3093 que
247 3015 447 3075 ferocientem
470 3014 574 3076 eticm.
617 3014 686 3075 Non
716 3015 797 3075 enim
826 3016 943 3095 poteris
967 3033 1052 3075 ever-

163 3103 230 3158 tere
251 3096 383 3159 tribunnl
405 3096 534 3174 Christi,
568 3116 630 3177 quo
652 3097 813 3158 nobiscum
836 3097 892 3158 tibi
915 3097 1049 3158 cundum

163 3187 228 3258 est,
261 3180 353 3242 etad
384 3178 466 3259 quod
489 3186 695 3260 provocantes
718 3199 776 3242 uos
797 3199 866 3241 cnm
891 3180 1051 3260 Propheta

163 3262 310 3325 dicimus:
339 3263 457 3324 Iustitia
484 3264 555 3325 iusti
590 3283 682 3344 super
704 3284 783 3327 eum.
827 3263 913 3324 Hcec
934 3263 1051 3323 fiducie

164 3353 222 3408 cst.
265 3345 311 3407 Tu
333 3347 359 3406 si
381 3366 430 3407 me
452 3346 551 3424 cudis,
573 3366 636 3408 uon
653 3354 725 3408 ente
739 3347 950 3428 cognitionem
967 3346 1050 3406 dem·

196 3569 228 3639 1)
250 3570 355 3624 ibidem
379 3570 469 3625 deest:
493 3573 629 3640 inprimis,
668 3572 701 3636 2)
722 3570 829 3625 Ibidem
849 3570 939 3624 deest:
962 3571 990 3621 in
1010 3585 1054 3622 cc·

121 3645 213 3707 ritate.
252 3644 281 3706 3)
301 3641 407 3697 Ibidem
426 3644 539 3712 legitur:
567 3642 688 3706 studium
713 3642 844 3715 habendi,
883 3643 915 3708 4]
935 3641 967 3695 Iu
986 3640 1052 3694 edit.

122 3710 238 3768 redensi
256 3710 356 3769 desunt
368 3715 464 3769 ve'rbc:
484 3719 572 3780 autor,
594 3715 663 3768 Sunt
675 3716 721 3784 qui
741 3730 807 3775 oves
822 3711 934 3781 Christi,
952 3715 1052 3782 inquit,

126 3802 184 3842 nou
204 3802 300 3842 cincre
319 3785 431 3854 Christi,
451 3786 500 3842 scd
519 3804 586 3842 sune
605 3787 648 3841 vel
667 3780 783 3857 gloriis.
