2346 4208
192 256 254 324 366
444 262 539 320 Resol.
559 263 588 317 b.
607 278 693 332 snper
711 264 905 333 Propositisuc

194 445 325 526 Spiritus
353 454 478 508 sanctus
506 449 610 527 posuit
638 449 814 530 episcopos,
838 447 909 526 etl]
932 450 1048 529 regatis
1068 466 1118 510 ec·

197 530 323 590 clesiam
346 531 414 610 Dei,
437 550 527 610 qnam
550 532 712 610 acquisivit
732 535 882 614 sanguine
905 551 971 594 suo.
1007 532 1055 594 Ac
1077 551 1119 592 ne

197 632 275 693 quos
298 615 492 675 contentiose
513 615 544 674 in
567 634 629 674 una
651 615 783 676 ecclesia
808 617 910 696 pluras
932 616 1026 676 fuisse
1054 616 1117 695 epi-

193 715 307 777 scopos
330 696 515 776 contendat,
548 698 650 758 audiat
674 697 755 758 aliud
778 701 987 760 testimonium
1001 700 1055 778 ³²),
1084 699 1116 758 in

194 799 255 859 quo
278 781 526 841 manifestissime
545 781 779 861 comprobatur,
802 782 933 843 eundem
962 801 1032 842 esse
1054 784 1117 862 epi-

193 881 321 944 scopum
345 863 689 943 atquepresbyterum:
720 865 849 946 Propter
871 866 932 927 hoc
953 866 1061 945 reliqui
1085 872 1117 926 te

194 946 327 1026 Cretae,
350 954 384 1007 ut
405 965 484 1025 quae
505 946 634 1008 deerant
661 949 843 1028 corrigeres,
860 956 892 1009 et
912 951 1116 1010 constitueres

194 1031 359 1111 episcopos
382 1049 437 1110 per
459 1032 609 1107 civitates,
632 1032 711 1091 siout
732 1033 787 1093 tibi
808 1032 969 1109 mandavi,
999 1033 1024 1092 si
1047 1033 1116 1112 quis

193 1117 242 1174 est
272 1115 341 1174 sine
363 1115 507 1191 crimine,
542 1116 630 1174 unius
658 1116 764 1175 uxoris
793 1117 855 1193 vir,
888 1114 967 1175 lilios
997 1114 1116 1177 habens

192 1194 315 1276 fideles,
345 1215 407 1257 non
430 1197 461 1256 in
484 1198 682 1259 accusatione
702 1198 860 1277 luxuriae,
892 1205 1021 1259 autnon
1046 1197 1115 1260 sub·

194 1277 286 1341 ditos.
331 1278 461 1360 Oportet
487 1282 569 1340 enim
597 1282 774 1361 episcopum
798 1284 865 1342 sine
887 1282 1014 1343 crimine
1034 1299 1118 1357 esse,

191 1363 270 1425 sicut
293 1363 351 1424 Dei
375 1363 629 1443 dispensatorem.
672 1364 712 1425 Et
739 1365 777 1426 ad
800 1364 1018 1441 Timoth.**):
1042 1364 1115 1426 Noli

190 1446 349 1528 negligere
370 1448 518 1527 gratiam,
554 1466 633 1525 qnae
662 1446 734 1509 data
758 1449 881 1510 esttibi
905 1469 961 1528 per
981 1448 1116 1528 prophe-

191 1531 274 1609 tiam,
298 1537 328 1592 et
349 1551 404 1611 per
422 1532 652 1610 impositionem
675 1551 819 1594 manuum
839 1531 1031 1612 presbyterii.
1054 1529 1115 1592 Sed

191 1617 223 1674 et
242 1613 350 1676 Petrus
381 1615 412 1675 in
444 1614 793 1694 epistolap1·ima***t:
816 1615 1034 1695 Presbyteros,
1063 1616 1114 1694 qui

163 1698 221 1756 ⁴in
246 1698 334 1758 vobis
356 1704 444 1776 sunt,
477 1716 588 1777 precor
621 1717 680 1778 ego
711 1698 933 1779 conpresbyter
965 1704 997 1758 et
1026 1699 1114 1762 testis

190 1782 368 1861 passionum
391 1781 520 1859 Christi,
551 1787 582 1841 et
602 1781 738 1860 futurae,
768 1801 847 1861 quae
868 1780 1034 1842 revelanda
1057 1790 1114 1861 cst,

189 1862 307 1944 gloriae
339 1866 510 1944 particeps,
544 1865 643 1944 regite
664 1884 791 1945 gregem
816 1864 945 1943 Christi,
969 1871 1000 1926 ct
1020 1865 1114 1944 inspi-

172 1947 249 2007 'cite
276 1968 339 2009 non
370 1967 409 2008 ex
441 1948 649 2026 necessitate,
682 1947 737 2008 sed
760 1946 994 2027 voluntarie2),
1027 1948 1115 2009 iuxta

190 2031 299 2092 Deum.
350 2030 439 2106 Quod
477 2030 569 2110 quide
601 2049 715 2112 graece
749 2031 974 2112 significantius
1005 2029 1117 2092 dicitur

186 2109 482 2189 Ἐπισκοποῦντες,
517 2113 598 2175 unde
628 2118 660 2176 et
681 2133 796 2176 nomen
819 2115 958 2195 episcopi
984 2120 1114 2175 tractum

191 2204 248 2259 est.

273 2281 371 2340 Parva
396 2280 449 2340 tibi
480 2281 623 2341 videntur
651 2287 804 2342 tantorum
835 2282 1010 2342 testimonia
1032 2281 1113 2342 viro·

190 2363 277 2424 rum?
300 2364 431 2445 Olengat
452 2363 525 2427 tuba
547 2364 737 2444 evangelica,
759 2363 840 2425 filins
863 2365 997 2444 tonitrui,
1020 2382 1112 2444 quem

190 2447 275 2508 Iesus
298 2447 458 2528 plurimum
483 2449 612 2527 amavit,
645 2450 696 2527 qui
718 2448 757 2508 de
779 2455 905 2528 pectore
915 2448 946 2526 ³)
973 2447 1115 2509 Salvato-

188 2533 230 2592 ris
252 2531 458 2594 doctrinarum
487 2530 604 2592 fluenta
633 2533 768 2610 potavit:
799 2531 962 2612 Presbyter
992 2531 1114 2592 electae

191 2614 336 2676 dominae
358 2622 388 2676 et
409 2614 479 2675 liliis
501 2617 585 2695 eius,
617 2634 694 2694 quos
716 2634 775 2696 ego
799 2614 894 2696 diligo
917 2615 949 2675 in
972 2615 1114 2676 veritate.

190 2697 231 2758 ut
262 2699 323 2759 aha
351 2699 495 2778 epistola:
520 2698 683 2778 Presbyter
710 2697 789 2761 Gaio
813 2699 988 2775 carissimo,
1018 2716 1112 2777 quem

191 2801 250 2862 ego
273 2783 304 2842 in
327 2782 456 2842 veritate
479 2782 585 2863 diligo.

275 2864 366 2940 Quod
388 2871 490 2924 autem
513 2872 622 2944 postea
644 2885 722 2926 unus
745 2865 862 2925 electus
880 2871 935 2943 est,
959 2864 1009 2943 qui
1032 2869 1113 2925 cete·

190 2949 231 3008 ris
253 2954 510 3029 praeponeretur,
546 2950 576 3008 in
606 2948 776 3010 remedium
803 2948 976 3009 schismatis
998 2947 1113 3008 factum

191 3039 247 3113 est,
277 3052 317 3094 ne
339 3033 548 3111 unusquisque
570 3032 609 3092 ad
631 3052 666 3093 se
687 3033 810 3093 trahens
842 3031 1007 3092 ecclesiam
1029 3029 1115 3092 chri-

192 3117 230 3177 sti
251 3123 416 3197 rumperet.
458 3115 536 3175 Nam
568 3124 599 3177 et
619 3115 827 3177 Alexandriae
854 3135 874 3175 a
894 3115 998 3176 Marco
1020 3133 1116 3175 evan·

191 3200 303 3280 gelista
325 3217 421 3277 usque
443 3199 482 3259 ad
503 3198 672 3278 Esdram4)
699 3206 730 3260 et
745 3199 927 3279 Dionysium
949 3199 1115 3278 episcopos

191 3282 363 3364 presbyteri
387 3301 509 3363 semper
531 3302 571 3343 ex
592 3302 626 3343 se
647 3303 740 3343 unum
763 3282 933 3363 eligebant,
956 3282 1040 3341 etin
1063 3300 1116 3342 ex·

191 3367 321 3428 celsiore
344 3365 442 3448 gradu
465 3366 678 3445 collocabant,
703 3385 793 3445 quem
816 3365 995 3446 episcopum
1018 3364 1116 3426 nomi·

263 3590 295 3660 1)
316 3593 347 3645 ln
377 3592 420 3648 ad.
449 3592 509 3645 len.
536 3596 563 3644 et
587 3591 678 3644 Witt.:
717 3594 755 3641 nt.
801 3588 834 3657 2)
867 3586 935 3642 lbid.
963 3585 1115 3642 voluntate.

192 3662 224 3734 3)
244 3663 275 3718 ln
300 3664 343 3718 ad.
364 3666 448 3734 orig:
474 3665 589 3733 pictore.
626 3660 658 3729 4)
679 3662 711 3713 ln
730 3660 774 3716 ed.
794 3660 855 3714 Jen.
874 3664 902 3713 et
920 3659 1010 3712 Witt.:
1030 3656 1117 3745 Hera-

192 3736 293 3880 οιιιῐῃ3)
317 3809 367 3863 m.
392 3811 415 3862 l.
453 3806 501 3878 ⁸⁸)
523 3807 548 3863 1.
568 3806 639 3863 rim,
659 3806 685 3859 1.
724 3802 792 3872 m)
815 3803 839 3858 1.
859 3801 961 3857 sesa

62 3924 142 3966 ι
245 3917 254 3927 ’
