2346 4208
334 236 400 303 hab.
419 249 448 300 in
466 249 589 316 promot.
607 244 749 300 Doctoruli
766 240 864 299 Theoi.
984 239 1047 306 317

119 441 226 496 autem
249 441 280 495 et
302 453 362 516 ego
384 452 460 514 prae
489 433 598 494 ceteris
619 431 761 512 indignus
784 432 814 490 in
838 429 919 489 hanc
941 429 1045 491 cathe-

123 518 211 579 dram
239 517 344 579 divina
377 519 561 597 disponente
583 514 722 578 bonitate
749 531 845 574 vocer
880 521 911 572 et
933 514 1044 592 rapiar,

122 609 263 684 penest,
295 609 328 661 ut
350 601 469 680 etipse
491 601 701 680 obtemperem
727 598 799 657 huic
830 595 1045 656 consuetudini

124 692 157 746 et
187 686 278 745 iussis
311 689 546 766 praeceptorum
582 701 728 743 meorum.
773 681 885 740 Verum
921 679 1044 758 quando

123 787 181 850 pro
206 767 415 849 magnitudine
437 767 523 825 istius
554 765 645 826 officii
673 772 704 824 et
727 783 782 844 pro
807 782 876 823 mea
898 763 1045 822 tenuitate

123 851 201 912 nihil
222 853 338 932 possim
361 849 469 909 afferre
498 848 623 928 dignum
656 848 717 910 hoc
745 866 834 909 sacro
858 864 1045 906 summorum

125 936 259 995 virorum
282 952 448 1011 consessu,
476 939 507 992 et
527 934 558 991 in
581 932 639 991 hac
659 939 746 1012 parte
769 931 868 990 minus
890 928 1047 1009 obtempe-

125 1037 194 1079 rare
216 1018 389 1097 praeceptis
411 1034 548 1095 possum,
572 1014 653 1075 dabo
675 1021 778 1074 tamen
803 1031 939 1094 operam,
962 1013 1046 1072 utin

125 1101 223 1162 altera
244 1108 331 1181 parte
353 1100 569 1178 obtemperans
591 1099 745 1174 inveniar,
773 1098 834 1157 hoc
855 1104 916 1173 est,
947 1114 1047 1177 pauca

125 1184 236 1244 saltem
268 1193 298 1242 et
325 1182 462 1244 breviter
483 1180 600 1259 dicem,
638 1181 761 1260 quando
795 1184 919 1262 egregia
940 1191 972 1243 et
991 1203 1047 1263 pro

125 1288 159 1328 re
182 1266 275 1346 digna
296 1265 398 1325 dicere
422 1284 484 1325 non
507 1284 643 1345 possum.

211 1353 312 1427 Atque
334 1349 564 1428 praesumtione
582 1347 758 1427 posthabita
779 1347 859 1406 hanc
881 1350 960 1408 viam
984 1369 1046 1410 non

124 1431 281 1514 ingrediar
293 1433 424 1511 propriis
438 1430 568 1511 viribus3
591 1429 790 1510 apprehendo
808 1430 948 1498 baculum
963 1433 1047 1493 iilum
1087 1429 1090 1435 ’

126 1525 159 1576 et
180 1518 296 1595 virgam
330 1514 469 1591 fidelem,
507 1532 587 1592 quae
608 1531 694 1573 meos
716 1531 839 1592 gressus
872 1513 982 1596 dirigat
1018 1524 1049 1576 et

126 1598 238 1659 firmet.
281 1598 400 1678 Nempe
421 1596 495 1656 illud
517 1595 642 1657 verbum
666 1595 791 1655 Christi:
830 1596 917 1679 Ego
950 1597 1047 1659 dabo

128 1682 243 1742 vobis
265 1700 307 1740 os
330 1689 367 1740 et
389 1681 640 1759 sapientiam,
674 1680 736 1738 cui
758 1698 837 1739 non
860 1688 1048 1759 poterunt

127 1765 320 1825 resistere
341 1771 406 1823 aut
428 1762 718 1832 contradicere
743 1762 947 1842 mihiplacuit.
970 1764 1047 1824 Nam

128 1848 235 1908 omnia
263 1846 313 1906 vel
341 1847 506 1926 praecipua
533 1863 639 1905 sacrae
677 1845 853 1925 theologiae
883 1851 1051 1925 praeconia

127 1929 211 1991 velle
234 1930 411 2008 complecti,
435 1931 495 1989 hoc
516 1937 599 1988 esset
621 1929 713 2008 plane
729 1927 917 2008 significare,
946 1940 975 1989 te
997 1952 1050 1990 ne-

127 2017 217 2089 scire,
240 2011 278 2072 de
300 2031 432 2091 quanam
454 2032 487 2072 re
509 2014 550 2071 sis
573 2012 717 2073 dicturus.

214 2096 365 2175 Principio
395 2097 544 2174 promittit
565 2094 718 2173 christus,
750 2113 784 2154 se
806 2094 944 2155 daturum
968 2115 1003 2156 os
1020 2106 1050 2157 et

129 2181 328 2258 sapientiam:
353 2198 390 2238 eo
412 2180 480 2258 ipso
498 2178 694 2239 commendat
715 2176 805 2238 nobis
828 2197 945 2238 sacram
966 2180 1049 2242 theo·

129 2263 262 2342 logiam,
284 2270 318 2320 ut
339 2263 470 2320 sciamus
494 2281 562 2337 esse
586 2260 701 2321 donum
724 2261 875 2340 divinum,
899 2282 959 2322 non
986 2262 1068 2342 phi·'

129 2346 340 2424 losophicnm,
376 2353 428 2403 aut
448 2345 576 2403 rationis
605 2345 758 2405 humanae
779 2346 953 2423 inventum,
995 2347 1049 2406 sed

130 2429 214 2507 quod
239 2428 380 2487 deorsum
404 2446 421 2485 e
444 2426 533 2487 coelo
555 2428 766 2506 perspiritum
790 2438 928 2488 sanctum
957 2430 1049 2491 done·

129 2521 179 2571 tur
201 2518 232 2571 et
248 2511 336 2570 nobis
359 2509 543 2570 infundatur.
588 2509 638 2569 Sic
661 2518 691 2569 et
712 2511 800 2570 alibi:
826 2512 921 2572 Vobis
944 2512 1048 2573 datum

132 2603 181 2654 est
210 2612 303 2654 nosse
337 2594 513 2672 mysterium
547 2594 633 2672 regni
668 2594 833 2654 coelorum.
877 2595 917 2654 Et
939 2597 1048 2656 Paulus

128 2677 243 2754 ubique
276 2677 389 2736 clamat
420 2694 489 2735 esse
523 2677 698 2754 mysterium
735 2678 900 2737 taciturna
929 2679 1050 2757 seculis,

129 2761 213 2840 quod
228 2760 329 2819 nulius
342 2761 511 2839 principum
524 2757 628 2817 mundi
647 2761 837 2839 cognoverit,
860 2760 913 2820 sed
923 2760 953 2842 ι)
967 2763 1050 2841 quod

129 2863 180 2903 res
202 2845 271 2924 ipsa
293 2842 437 2905 declarat.
482 2841 600 2917 Quotus
629 2843 758 2921 quisque
791 2845 870 2902 enim
897 2852 960 2923 est,
998 2839 1048 2925 qrii

128 2927 211 2986 hanc
232 2927 410 3006 sapientiem
435 2927 551 3005 capiet,
585 2926 704 3002 etiamsi
734 2924 856 2986 assidue
884 2934 915 2987 et
946 2928 1051 2990 audiat

130 3016 164 3070 et
186 3009 305 3088 videat,
328 3011 406 3070 sicut
428 3010 573 3089 scriptum
597 3017 657 3069 est:
689 3008 837 3070 Videntes
861 3029 922 3070 non
944 3012 1050 3073 vident

128 3100 162 3153 et
183 3092 341 3152 audientes
364 3111 426 3152 non
448 3092 628 3172 intelligunt.

213 3177 311 3234 Maior
332 3194 404 3235 vero
427 3194 496 3254 pars
520 3176 676 3235 hominum
700 3175 897 3253 contradicit,
920 3186 951 3237 et
974 3177 1048 3238 dicit

128 3259 267 3320 horribili
291 3258 362 3319 odio
393 3267 424 3317 et
445 3258 538 3336 furia,
572 3266 605 3318 ut
636 3261 744 3319 iterum
766 3258 874 3318 Esaias
904 3268 1048 3321 testatur:

129 3342 211 3402 Tota
228 3341 278 3401 die
300 3342 424 3401 extendi
445 3361 566 3401 manum
582 3362 680 3402 meam
704 3342 743 3402 ad
753 3342 898 3421 populum
913 3344 1051 3404 incredu-

130 3426 193 3484 lum
216 3434 246 3484 et
267 3424 526 3485 contradicentem
550 3423 639 3503 mihi3
660 3428 690 3485 in
714 3444 827 3504 quare
849 3426 1048 3505 spectandum

133 3506 223 3568 nobis
246 3510 428 3588 proponitur
455 3508 535 3568 istud
566 3508 748 3588 stupendum
771 3516 802 3568 et
823 3509 939 3589 grande
963 3511 1048 3569 mira-

129 3591 245 3669 culum,
276 3591 373 3670 qnod,
404 3610 471 3651 cum
496 3591 569 3652 nihil
592 3594 631 3651 sit
651 3586 804 3671 uulgatius
827 3600 857 3651 et
879 3595 975 3673 magis
998 3612 1049 3652 ex·

129 3715 178 3726 nnn—-

206 3771 232 3834 i)
252 3769 402 3822 Schneider
415 3770 562 3838 legendum
577 3784 638 3821 osse
650 3772 816 3838 suspicatur:
838 3772 887 3823 scil
910 3772 1047 3837 (seilicet).
