2346 4208
123 240 166 308 72
308 243 465 311 Disputatio
485 243 593 327 Lipsiae
611 242 706 325 hpbita
724 259 748 294 s.
769 241 832 294 XIX

125 431 194 495 tatis
222 430 373 492 eoolesise
401 437 526 491 sanotos
549 391 618 491 esse
640 431 671 490 in
693 435 852 490 aeternum
874 425 1047 487 damnatos.

124 513 203 575 illud
225 521 397 595 praetereo,
420 513 501 592 quod
518 514 759 594 praevalentium
782 519 938 593 portarum
960 507 1048 570 inferi

125 599 342 677 interpretatur
362 597 560 657 insolentiam
577 597 761 673 haeresium,
782 594 864 675 quod
878 612 940 653 non
964 610 1048 668 ouro,
1073 622 1077 633 ·

125 681 323 742 nihilomiuus
345 698 408 740 non
432 679 569 740 ostendit
588 679 726 741 Graecos
748 679 843 751 inisse
864 676 1049 749 haereticos,

126 758 195 825 onim
217 763 374 844 vulgatum
396 764 435 823 sit
457 763 549 823 etiam
571 783 628 844 per
648 765 729 840 iura,
751 761 888 823 Graecos
911 778 974 821 non
996 757 1047 818 lra

126 846 190 907 beri
213 865 270 934 pro
287 845 459 906 haeretioia.
481 845 620 906 Transeo
644 853 675 907 et
690 845 765 907 illud
776 845 890 906 Leonis
903 843 1048 903 etAmar·

89 961 90 965 =
126 931 211 1004 osni,
241 928 292 990 ubi
321 927 395 1005 dioit
423 947 458 989 se
480 930 565 1008 sequi
586 928 821 1010 intelligentiam
843 927 1051 1006 antiquorum,

125 1011 306 1092 aooipiendo
329 1031 488 1073 numerum
508 1031 565 1092 pro
578 1031 717 1092 numero,
738 1012 856 1073 soilioet
876 1007 1049 1070 uniusiioo-

127 1097 172 1156 nis
195 1094 366 1176 singularis.
389 1094 463 1155 item
489 1094 528 1154 de
550 1093 785 1156 confirmatione
807 1094 932 1154 danum
954 1091 1067 1181 Petro·

125 1179 293 1240 oommissa
313 1177 389 1238 nihil
410 1176 528 1255 dinam,
558 1179 632 1238 satis
655 1178 768 1240 diotum
792 1183 854 1251 est,
879 1192 949 1236 oum
972 1173 1041 1235 nihi

127 1261 247 1342 probet,
269 1280 329 1320 neo
350 1260 449 1320 adhue
471 1260 661 1322 oonlintatum
684 1263 731 1322 sit.

207 1343 258 1405 Ad
290 1361 355 1404 rem
377 1343 578 1422 principalem
603 1342 692 1421 dioit,
726 1364 759 1404 se
787 1343 922 1405 tenuisse
944 1339 975 1424 ¹)
999 1342 1039 1401 irs

59 1458 65 1467 ·
98 1451 102 1457 ·
126 1428 272 1505 divinum,
295 1427 369 1508 quia
387 1425 462 1486 illud
474 1426 621 1487 Matthaei
647 1430 699 1492 16:
721 1426 767 1489 Tu
791 1426 955 1500 esl’etrus,
977 1440 1039 1495 oun

126 1510 285 1571 sententiis
308 1509 428 1569 Patrum
457 1511 497 1569 sit
517 1517 661 1587 seoutus,
690 1511 870 1590 praesertim
891 1504 1038 1568 Ambrosii

126 1602 157 1653 et
177 1593 352 1673 Augustini,
374 1594 425 1671 qui
447 1590 589 1673 dixerint,
611 1594 733 1675 Petrum
756 1613 826 1654 esse
847 1598 976 1672 petram,
997 1602 1038 1651 ar·

126 1695 178 1736 sas
201 1676 292 1736 etiam
303 1675 364 1734 hoo
376 1674 500 1751 addere,
523 1675 604 1755 quod
614 1677 803 1756 Augustinus
825 1694 888 1736 non
903 1680 1040 1734 rennos

126 1760 213 1835 verit,
235 1777 294 1838 ego
318 1765 429 1838 postes
450 1756 616 1820 'consulens
639 1759 747 1821 librum
769 1759 936 1820 Retraotat
964 1757 1040 1817 inte·

126 1842 178 1902 nio
200 1841 396 1903 eontrarium.
439 1842 521 1902 Vere
542 1843 622 1902 enim
644 1849 805 1920 retraotst,
829 1839 971 1916 et‘dioit,
986 1834 1039 1897 Pe·

125 1932 204 1985 trum
226 1943 290 1986 non
312 1942 381 1984 esse
402 1931 530 2004 petram,
553 1924 607 1985 sed
631 1925 804 1986 confessum
827 1942 897 1986 esse
918 1929 1039 2003 petram.

125 2007 209 2078 idem
231 2007 293 2068 hoo
314 2007 388 2067 dioit
408 2009 439 2066 in
461 2007 602 2082 homilia,
626 2027 717 2087 quam
740 2027 848 2070 omnes
870 2005 1040 2066 saoerdttes

127 2099 217 2151 orant
238 2090 269 2149 in
286 2088 340 2149 die
365 2089 447 2149 Petri
469 2096 501 2150 et
515 2090 610 2165 Pauli,
624 2090 674 2151 ubi
698 2089 781 2169 dioit,
804 2089 903 2171 Super
915 2089 1040 2162 Petam,

128 2192 189 2234 non
209 2191 301 2251 super
330 2178 381 2248 te,
409 2172 464 2232 sed
494 2191 587 2251 super
607 2173 745 2251 Petram,
774 2192 864 2253 quam
888 2171 1040 2233 sonemus

125 2275 168 2318 es.
211 2254 296 2315 idem
316 2255 446 2316 invenio·
464 2256 495 2315 in
516 2255 698 2334 Ambrosio,
727 2274 900 2337 quanquam
929 2252 1041 2331 etipse

124 2339 230 2399 variet.
275 2336 323 2397 Ad
345 2337 406 2399 hoo
427 2345 474 2398 est
496 2338 588 2398 simul
599 2359 694 2400 aurea
714 2340 769 2400 illa
789 2340 906 2420 glossa,
928 2338 952 2399 d
974 2334 1041 2414 glo·

125 2422 248 2495 riantur,
270 2439 363 2500 snper
384 2421 570 2500 capitulum:
599 2422 646 2482 lta
668 2422 827 2497 Dominus,
850 2421 969 2485 dinem:
999 2416 1042 2478 Et

124 2523 216 2584 super
243 2502 325 2563 hano
346 2504 465 2564 Petram
502 2510 559 2564 ete.
594 2524 650 2584 per
680 2504 761 2566 hano
789 2503 945 2566 diutionen
975 2519 1040 2562 non

125 2586 217 2647 oredo
247 2586 425 2647 Dominum*
447 2587 528 2646 aliud
564 2585 811 2664 demonstrasse,
855 2600 936 2666 quan
961 2582 1041 2644 liaeo

124 2668 238 2746 verba,
266 2687 347 2748 quae
374 2669 481 2729 Petrus
503 2669 663 2750 respondit
685 2671 836 2748 Domino,
863 2678 923 2731 oud
945 2665 1038 2731 dixit:

123 2752 169 2812 Tu
193 2772 226 2812 es
249 2751 396 2827 Christus,
418 2751 511 2813 Filius
535 2752 593 2812 Dei
616 2755 692 2832 vivi,
717 2755 788 2832 quia
811 2748 970 2832 superillo
992 2767 1038 2809 ar·

122 2835 216 2925 tioulp
238 2832 310 2893 ildei
331 2832 457 2894 fundata
478 2842 526 2895 est
547 2834 692 2914 eoolesia,
723 2854 797 2916 ergo
820 2844 904 2916 supet
923 2832 1039 2911 seipso

122 2917 262 2976 fundavit
283 2913 422 2978 Christus
444 2918 616 2980 ecelesiam.
884 2924 895 2997 J

205 2998 290 3061 Nihil
313 3007 360 3059 est
381 3019 473 3079 ergo,
502 3001 585 3079 quod
614 3002 764 3081 gloriatur
784 3002 918 3082 egreglis
940 2996 977 3056 D.
1001 2997 1038 3058 D.

125 3081 206 3143 diota
230 3083 350 3142 Patrum
374 3102 393 3142 a
414 3101 448 3142 se
470 3087 567 3157 stare,
591 3102 661 3143 oum
684 3084 779 3144 multo
802 3084 900 3147 sortus
921 3080 1038 3140 inveni·

122 3171 211 3226 untur
233 3184 314 3225 ame
337 3172 427 3226 stare.
442 3165 567 3226 Poterat
587 3185 620 3225 er
643 3185 806 3246 oporoere
827 3167 848 3227 li
884 3182 942 3223 uae
964 3181 1040 3223 suae

123 3256 154 3307 et
174 3247 299 3308 auribus
321 3249 443 3323 nostris,
467 3246 590 3326 quando
611 3187 766 3309 rdetorioo
788 3172 1039 3323 boaffsxolama·

122 3331 185 3390 vit:
208 3331 256 3390 Me
279 3329 360 3390 velle
382 3350 474 3390 unum
499 3349 567 3390 esse
591 3331 761 3392 dootiorem
786 3327 938 3404 omnibus,
969 3331 1038 3407 plus

122 3412 202 3473 velle
222 3412 393 3493 intelligere
415 3414 605 3492 soripturam,
628 3433 719 3493 quam
734 3415 885 3490 Doctores,
910 3409 1038 3472 Univer-

121 3497 237 3572 sitates,
250 3495 391 3556 Gonoilio
412 3502 445 3556 et
458 3495 546 3556 Rom.
558 3495 749 3576 Pontificem,
771 3506 802 3560 et
824 3495 922 3565 sirum
945 3502 1039 3575 esset,

370 3651 545 3660 -οο--ω--υ-

178 3754 208 3820 1)
229 3751 322 3807 laed.
342 3752 431 3823 arip:
452 3769 481 3806 se
501 3769 557 3806 uon
576 3754 705 3807 tenuisse.
