2346 4208
120 280 183 355 160
320 285 480 355 orspuuua
500 286 611 355 Lipsius
630 288 724 341 seusu
742 302 768 341 s.
788 286 852 341 mx
891 272 895 287 '

120 477 228 533 sancta
256 471 390 533 concilis
417 472 467 534 vel
490 470 659 552 quamlibet
684 474 783 535 sancti
817 491 871 535 eas
903 470 1038 531 dederint

123 555 173 617 vel
195 553 443 635 approbaverint.
465 555 539 617 Ideo
562 557 600 620 D.
614 557 652 618 D.
664 576 726 617 non
740 556 841 618 solum
864 560 974 615 contra
993 572 1038 617 ms
1073 560 1082 567 '

120 645 193 720 agat
214 637 290 701 solis
310 639 487 701 nominibus
508 641 722 719 autoritatum,
745 640 801 701 sed
828 645 859 699 et
879 639 977 719 ipsius
998 636 1039 699 rei

122 722 261 787 veritate.

205 804 361 884 Septimo,
382 805 556 884 suspicatur
576 825 630 865 ees
652 825 722 866 esse
742 805 814 867 ideo
844 804 921 866 boni
943 808 1040 884 operis

122 889 240 966 vitium,
263 887 334 966 quia
348 892 420 947 sunt
440 889 675 951 satistaotoriae.
695 890 774 951 Dico
790 887 876 967 quod
888 905 954 948 non
976 890 1041 947 sunt

121 971 354 1048 satisfactorias,
376 969 433 1031 sed
453 972 651 1033 remissiones
662 972 891 1049 satisfactionis,
912 988 973 1039 neo
993 968 1039 1031 hn-
1081 1028 1085 1033 .

121 1053 242 1116 bendae
264 1060 297 1113 ut
318 1072 396 1133 opus
408 1054 655 1118 satisfactorium.
684 1055 758 1116 ldeo
783 1053 864 1115 male
885 1054 1040 1133 hocsrgu·

121 1142 226 1198 mento
240 1144 456 1216 comparantur
467 1139 611 1218 operibus
622 1138 842 1215 satisfactoriis,
865 1136 956 1217 quasi
974 1135 1041 1198 ideo

123 1222 232 1281 merita
242 1226 349 1281 nostra
362 1221 545 1299 minuantur,
568 1223 593 1283 si
604 1221 1040 1302 induigentiaeretinquantur,

121 1305 184 1365 imo
206 1304 392 1365 contrarium
407 1304 508 1365 verius
530 1310 587 1383 est,
610 1306 720 1366 merita
731 1310 893 1386 augentur,
916 1302 989 1364 dum
1004 1303 1041 1363 in·

123 1386 302 1467 dulgentiae
321 1386 541 1466 relinquuntur.
800 1438 803 1443 .

206 1469 346 1547 Octavo,
379 1469 455 1533 dicit
478 1489 632 1532 consensu
655 1469 793 1531 fidelium
815 1475 976 1549 receptum
996 1486 1042 1529 an·

123 1572 196 1613 num
217 1551 384 1615 iubilaeum
395 1553 633 1630 BonisaciiVffl,
656 1553 824 1614 Clementis
837 1553 890 1626 Vl,
900 1551 980 1615 sixti
991 1556 1042 1613 ctu

123 1635 326 1716 Respondeo:
359 1634 435 1710 Quis
464 1638 538 1716 scit,
568 1637 593 1696 si
625 1655 795 1698 consensus
816 1635 957 1696 fidelium
977 1652 1041 1697 eum

124 1720 283 1799 receperit
314 1718 380 1779 Nec
401 1726 449 1780 est
476 1720 654 1780 Bonifaoius
676 1726 782 1781 tantae
805 1719 984 1800 opinionis,
1004 1722 1042 1793 ut

124 1800 271 1883 quidquid
295 1803 434 1882 gesserit,
458 1804 560 1863 statim
583 1822 640 1882 pro
668 1822 702 1863 re
723 1802 804 1863 bane
825 1808 916 1883 gesta
935 1800 1042 1863 haben

124 1886 195 1946 dum
217 1886 267 1962 sit,
288 1885 468 1964 praesertim
491 1887 522 1945 in
546 1905 580 1947 re
602 1905 665 1946 uon
687 1885 771 1947 bona
793 1904 858 1947 nec.
872 1882 1042 1946 necessaris

124 1967 163 2029 ad
186 1967 334 2046 salutem,
362 1969 413 2047 qui
441 1967 554 2029 atalia
575 1976 712 2034 monstra
733 1960 940 2049 perpetravit,
970 1984 1042 2047 quas

124 2052 157 2121 in
180 2049 271 2113 rebus
286 2051 467 2113 necessariis
492 2051 612 2112 malum
636 2052 813 2132 exemptum
830 2050 1041 2131 praebuerunt

205 2133 316 2213 Nono,
350 2133 433 2211 quod
462 2133 613 2195 dederunt
633 2136 767 2197 Romani
787 2132 955 2196 Pontifices
976 2152 1041 2194 oon

125 2237 218 2278 sensu
232 2216 553 2278 christianissimorum
575 2238 681 2299 regum
704 2225 735 2278 et
755 2218 931 2299 principum
950 2214 1041 2277 indui

124 2301 245 2382 gentius
267 2317 323 2378 pro
346 2301 502 2380 passagio.
524 2301 602 2362 Dico
625 2303 703 2361 siout
723 2301 817 2381 prius,
839 2319 904 2362 non
927 2306 975 2361 est
996 2298 1041 2359 mi·

125 2382 278 2459 taculum,
307 2381 390 2460 quod
409 2383 495 2444 Deus
517 2383 595 2444 haec
623 2389 802 2445 contemnat
830 2390 861 2444 et
888 2384 971 2445 sinat
996 2379 1040 2461 api

124 2473 156 2528 et
176 2478 284 2546 agere,
308 2484 387 2544 quae
405 2467 636 2546 impertinentia
659 2474 731 2528 suni
751 2467 791 2527 od
811 2467 966 2545 salutem,
994 2462 1040 2543 qrri

123 2551 154 2610 in
168 2549 229 2609 hoc
240 2567 332 2627 super
344 2567 402 2609 nos
414 2550 530 2629 vigilat,
546 2558 579 2610 ut
591 2549 704 2611 doceat
722 2551 821 2628 utilis,
836 2548 1040 2630 utApostotns

124 2631 164 2693 ad
178 2631 279 2693 Titum
289 2633 317 2695 3.
341 2631 424 2709 dicit,
446 2632 508 2693 hoc
529 2639 585 2711 est,
607 2639 775 2714 praecepta
795 2630 1042 2694 suaetconsilis.

207 2714 352 2791 Decimo,
381 2716 483 2796 arguit
503 2713 596 2776 fidem
625 2716 777 2777 ecelesiae
799 2735 869 2777 esse
888 2712 1063 2777 indoieed·

123 2798 216 2859 bilem
239 2805 270 2858 et
291 2797 444 2858 Christum
478 2799 654 2877 uobiscum,
688 2798 760 2859 ideo
788 2799 956 2861 ecetesiam
984 2814 1039 2859 non

125 2883 262 2962 potuisse
284 2900 386 2941 errare
408 2887 494 2943 tanto
514 2891 653 2963 tempore
684 2901 754 2942 cum
786 2884 959 2943 animarum
980 2899 1039 2961 par·

127 2965 218 3026 uicis.
239 2964 338 3041 Dico,
372 2983 434 3025 non
464 2971 529 3026 tota
558 2966 692 3026 ecelesia
712 2966 833 3028 erravit.
878 2960 1040 3027 Deindesi

126 3048 216 3108 etiam
247 3053 363 3108 erraret
390 3048 421 3106 in
451 3049 488 3109 iis
510 3049 599 3110 rebus
627 3049 714 3109 nihili
742 3052 882 3128 (semper
902 3048 945 3109 de
961 3045 1039 3109 cua

125 3132 232 3191 stianis
256 3130 407 3209 loquor),
430 3151 493 3191 non
516 3139 564 3193 est
584 3131 751 3212 periculum
774 3132 861 3192 salva
881 3129 969 3209 nop-
987 3128 1039 3189 Va

123 3214 194 3275 risri
217 3214 380 3294 opiniones
403 3219 434 3274 st
455 3234 557 3276 errare
577 3216 608 3275 in
631 3214 861 3295 temporalibus,
883 3233 947 3276 non
968 3210 1041 3275 toltit

126 3297 290 3359 ecclesiam
313 3296 434 3358 Christi.

207 3379 389 3456 Undecimo,
411 3381 543 3442 Decreta
559 3380 768 3442 Romanomm
790 3379 975 3442 Pontificum
996 3394 1040 3439 tc·

125 3464 279 3546 captanda
307 3482 376 3523 esse
407 3463 576 3525 contendit.
608 3463 814 3544 Respondeo:
857 3463 932 3525 Sine
953 3458 1040 3523 dnbio

125 3554 196 3608 sunt
217 3543 427 3627 acceptanda,
455 3546 509 3607 sed
529 3553 634 3606 tamen
656 3566 725 3608 curn
744 3546 881 3629 iudicio,
900 3554 936 3609 ut
955 3542 1039 3607 habe

124 3635 173 3691 tur
191 3629 263 3691 dist.
286 3632 334 3694 22.
358 3649 425 3710 cap.
448 3629 636 3707 Anastasio,
668 3631 741 3710 quia
765 3630 899 3691 Romani
922 3622 1038 3691 Pontid-

124 3731 177 3773 oes
198 3713 341 3774 homines
362 3713 499 3789 fuerunt,
522 3719 554 3774 et
575 3711 717 3774 homiues
741 3714 853 3773 circum
876 3732 913 3774 se
934 3708 1038 3773 habuc

125 3803 211 3876 runt,
238 3816 341 3861 errare
360 3804 534 3878 potuerunt.
577 3796 700 3859 Deinde
721 3796 839 3858 nullum
866 3804 915 3859 est
936 3796 1037 3857 uua
