2346 4208
138 254 206 333 284
382 268 475 325 Rasot
495 269 520 320 l.
540 271 845 340 superfropositiom·

140 459 222 520 bium
235 464 292 536 est,
315 454 442 538 poenas,
465 476 541 538 quas
563 458 696 519 ecclesia
705 458 833 538 requirit
853 452 1037 539 epotatura

141 543 231 602 simul
256 543 367 620 requiri
389 541 658 617 aiustitiadivinu,
680 548 872 622 perpaotum
895 538 1039 621 quodltcll

142 645 210 687 cum
233 625 374 697 ecclesia,
398 625 518 685 dicens:
562 623 786 704 Quodcunque
801 625 822 685 li
868 626 949 686 veris
969 634 1041 703 super

142 719 263 787 terram,
286 708 412 788 ligatum
436 707 530 779 eritl)
555 716 587 769 et
607 710 638 768 in
661 709 764 787 coelis.
800 708 829 770 U
850 709 861 768 i
882 707 967 785 clarc¹
984 706 1042 769 didi

141 794 229 874 ligari
251 791 332 871 apud
355 811 399 870 se,
421 791 504 871 qnod
527 793 557 851 in
581 792 713 852 ecclesia
733 793 863 874 ligatum
886 798 945 870 est,
965 796 994 853 a
1010 791 1044 851 itt

142 882 295 938 consonat
314 875 430 936 iustitia
450 874 602 936 ecclesiae
632 880 664 935 et
683 875 741 936 Dei
769 892 863 955 super
906 878 1043 945 comtum
1083 940 1087 951 ‚

142 961 256 1019 Verum
276 959 338 1019 boc
353 957 448 1019 modo
469 958 640 1019 nonhabet
661 976 734 1018 usus
755 958 869 1036 loquen
894 958 915 1035 ⁹,
937 958 985 1039 qui
1002 964 1046 1037 pu

142 1044 286 1103 iustitiam
319 1040 452 1101 divinam
484 1041 630 1122 intelligit
658 1042 748 1102 aliam
771 1038 945 1117 seorsim²)
976 1042 1047 1101 cxli·

142 1132 265 1207 pactum
288 1125 434 1184 iustitiam
458 1124 526 1201 Dei,
549 1124 714 1185 secuudum
739 1142 830 1203 quam
844 1122 980 1185 ecclesia
996 1134 1047 1183 non

142 1208 289 1288 imposuit
310 1214 363 1267 ant
383 1208 522 1287 imponit.
566 1208 613 1267 De
636 1204 736 1281 hac²)
762 1206 852 1283 dico,
881 1208 907 1267 si
929 1204 1047 1269 declam·

144 1293 224 1353 toria
244 1291 402 1370 loquatur,
424 1309 486 1351 non
515 1292 543 1351 ei
564 1288 697 1351 credam.
741 1289 847 1352 Sinam
869 1294 974 1353 mmcn
993 1300 1048 1351 ent

144 1370 1066 1537 tli¹?¹¹t¹¹ut¹,⁰¹ittt⁸ttltutir0i*„3t‘ttttli“‚.-,

145 1558 329 1621 quocunque
350 1525 545 1614 statuantur?
560 1540 618 1599 nisi
638 1541 714 1600 assit
734 1537 868 1620 probata
887 1532 1047 1679 mhwll

145 1644 203 1684 nec
225 1623 457 1683 declaratoriam
480 1623 597 1683 articuli
622 1624 839 1701 cuiuscunque,
863 1622 924 1682 nisi
1039 1650 1047 1661 ·

145 1709 232 1767 viuas
254 1705 425 1785 Scripturas
448 1705 667 1782 declaraverit,
697 1723 822 1785 quarum
851 1723 891 1764 ue
914 1724 952 1803 sy
974 1700 1047 1765 clm

145 1790 268 1870 quidem
288 1788 383 1849 habet
402 1788 677 1851 istadeclaratoria
695 1788 833 1848 iuristica
853 1805 954 1869 magis
974 1800 1047 1867 qm

144 1873 249 1935 theolo
275 1874 331 1934 'ca

224 1892 281 2015 All
295 1955 347 2015 hic
368 1953 441 2013 mihi
463 1954 661 2034 obstrepunt,
694 1969 838 2033 magnam
868 1956 900 2011 et
920 1946 1045 2011 inlellibl
1087 2008 1090 2019 ,

144 2039 205 2099 lem
226 2046 298 2099 ¹esse
323 2038 519 2098 autoritatem
541 2037 703 2114 ecclesiae,
726 2054 805 2116 quae
817 2034 934 2115 Spiritu
953 2034 1045 2093 mdc

145 2127 277 2200 regatur.
309 2121 450 2198 Denique
472 2122 556 2180 iuxta
568 2119 788 2200 Augustinum:
810 2116 984 2198 Evangelio
996 2130 1047 2175 non

146 2203 312 2280 crederem,
337 2204 395 2262 nisi
417 2203 567 2263 ecclesiae
584 2201 750 2263 crederem.
783 2201 840 2261 Hic
862 2212 1050 2261 sanenom

144 2288 273 2368 pelagus
295 2285 514 2366 disputationis
536 2284 744 2366 navigandum
767 2290 824 2345 est.
868 2283 966 2363 Dico,
987 2280 1052 2341 stat

146 2370 240 2451 paulo
263 2376 335 2429 ante
360 2369 433 2444 dixi,
456 2388 597 2449 magnam
622 2375 653 2429 et
672 2367 865 2428 infallibilem
879 2384 950 2427 esse
971 2360 1051 2426 cocle·

147 2454 212 2513 siae
234 2453 439 2529 autoritatem,
463 2451 545 2530 quod
564 2453 669 2530 spiritu
684 2451 795 2511 Christi
817 2456 958 2531 regath
974 2446 1052 2528 pluo
1075 2494 1078 2499 .

148 2535 241 2596 corde
275 2534 434 2595 confiteor.
489 2533 549 2595 sed
584 2532 784 2614 iurisperditis
818 2530 1000 2612 quibusdam
1029 2532 1054 2587 cl

148 2618 389 2680 assentatoribus
402 2617 556 2698 theologis
569 2617 716 2679 debemus
731 2617 812 2676 hanc
823 2614 1054 2697 intelligentius,

143 2701 231 2782 =quod
254 2701 386 2761 ecclesia
407 2699 447 2759 ibi
469 2718 525 2779 pro
539 2701 667 2761 notariis
688 2706 720 2760 et
742 2698 996 2779 poenitentiariis,
1013 2696 1055 2755 sal

149 2786 302 2865 magistris
325 2783 429 2863 palatii
453 2782 556 2863 Papae
578 2783 727 2862 accipitur
757 2786 844 2857 (nam
867 2781 929 2861 ipsi
950 2772 1054 2863 pontii

148 2888 200 2928 ces
222 2886 291 2929 raro
314 2867 370 2926 has
392 2884 441 2926 res
465 2872 610 2941 curant),
633 2884 702 2926 cum
725 2864 764 2926 de
785 2862 953 2925 universali
974 2858 1054 2949 eatlc

149 2952 196 3010 sia
218 2958 284 3012 tota
304 2950 462 3028 loquatur,
489 2968 552 3009 non
575 2949 613 3010 de
635 2950 796 3010 Romanae
824 2946 978 3008 ecclesias
997 2958 1054 3025 qur

149 3033 219 3093 dam
248 3052 357 3114 parva,
390 3039 421 3092 et
452 3016 672 3112 adnuunquam
706 3031 854 3091 vilissima
882 3036 980 3111 parte.
1023 3020 1055 3083 fl

148 3115 220 3177 inde
242 3114 389 3176 habemus
412 3116 503 3174 etiam
525 3116 624 3176 bullas
643 3120 674 3175 et
695 3113 892 3174 definitiones
914 3129 955 3174 cx
975 3106 1053 3181 um,

155 3198 263 3281 dignas
285 3198 337 3259 tali
361 3197 502 3257 ecclesia.

253 3280 302 3341 Ad
324 3282 518 3341 autoritatem
541 3278 703 3360 Augustini
725 3277 794 3339 dico
817 3278 967 3358 primum:

210 3365 289 3425 Esse
310 3366 376 3424 eius
392 3364 548 3443 vulgatam
562 3361 754 3440 quorundam
765 3362 960 3427 sententiam,
971 3356 1051 3419 hanc:

150 3448 321 3528 Evangelio
344 3446 586 3521 concrederem,
608 3446 665 3504 nisi
678 3445 829 3505 ecclesias
851 3428 1050 3515 crederemll

152 3539 209 3611 est,
232 3531 301 3611 plus
323 3529 416 3591 oredo
439 3529 609 3605 ecclesiae,
623 3546 714 3608 quam
732 3527 913 3609 Evangelio.
935 3512 1050 3603 thaol

497 3650 575 3658 ι...-

156 3655 161 3661 -
208 3705 237 3769 t)
257 3703 289 3758 In
308 3707 370 3762 edd,
391 3702 474 3768 orige
512 3700 600 3783 ligato
618 3703 707 3753 erunt
763 3697 795 3752 2u
816 3696 898 3753 ibid:
933 3702 1048 3751 sacrm·

152 3775 190 3839 3)-
204 3775 287 3831 lbld.:
306 3777 341 3833 de
358 3781 419 3835 hoo.
443 3770 491 3839 -4)
512 3771 592 3827 lbtd.:
611 3770 754 3825 revelatio.
