2346 4208
396 233 453 285 =sd
471 234 587 288 Leonem
606 234 642 304 ζ.
924 231 991 298 2115

60 424 147 480 cerat
172 418 204 478 in
232 418 395 499 triumpho.
438 418 530 493 Quod
556 419 607 480 ubi
635 419 793 500 sophistae
826 420 989 484 infeliciter

59 503 173 578 cessit,
207 501 394 563 incredibilis
421 502 500 563 furia
528 502 684 564 hominem
708 505 857 583 exagitat:
895 506 990 566 sentit

59 585 142 651 enim
167 604 223 645 sua
245 585 335 664 culpa
357 585 452 647 solius
473 587 587 647 factum
607 605 686 663 esse,
708 585 853 666 quidquid
875 588 987 649 Roma

60 688 121 729 nae
142 668 289 729 infamiae
310 688 365 748 per
386 689 436 729 me
458 676 563 730 natum
586 676 642 731 est.

146 750 250 831 Atque
272 753 338 812 sine
353 771 411 829 me,
434 771 561 831 quaeso,
583 754 700 833 optime
716 752 788 831 Leo,
810 753 861 812 hic
879 760 909 812 et
926 772 989 814 mc-

60 855 112 895 am
136 835 303 916 aliquando
327 854 451 896 causam
473 856 582 916 agere,
615 855 768 915 verosque
791 842 859 896 tuos
882 836 988 896 hostes

61 937 220 979 accusare.
262 918 377 979 Notum
416 938 485 979 esse
516 919 646 981 arbitror
668 919 738 994 tibi,
774 919 846 997 quid
868 938 987 979 mecum

61 1002 161 1082 egerit
183 1001 352 1062 Cardinalis
374 1002 406 1064 S.
430 1001 526 1081 sixti,
559 1000 692 1082 Legatus
721 1010 789 1062 tuus
811 1002 989 1082 imprudens

61 1093 94 1145 et
115 1084 234 1162 infelix,
255 1085 318 1145 imo
341 1084 483 1146 infidelis.
526 1086 559 1144 ln
583 1086 668 1146 ouius
691 1105 784 1145 manu
807 1085 846 1147 cb
871 1088 913 1146 tui
935 1106 989 1147 no·

61 1169 154 1227 minis
180 1169 382 1229 reverentiam
413 1187 482 1229 cum
513 1188 562 1228 rue
584 1175 615 1229 et
638 1169 741 1228 omnia
770 1188 840 1228 mea
871 1171 1012 1249 posuis--

63 1270 148 1328 sem,
171 1270 235 1312 non
258 1252 319 1313 hoc
341 1253 419 1333 egit,
442 1257 475 1311 ut
498 1270 605 1331 pacem
628 1257 790 1330 statueret,
812 1271 903 1331 quam
926 1272 989 1313 uno

61 1333 192 1396 verbulo
214 1334 367 1414 potuisset
388 1335 478 1395 facile
501 1341 645 1413 statuere,
669 1354 737 1394 cum
751 1353 810 1415 ego
833 1342 896 1414 tum
919 1356 987 1415 prc-

62 1419 216 1479 mitterem
239 1418 392 1478 silentium
416 1424 447 1478 et
468 1417 560 1478 finem
584 1437 698 1480 causae
721 1437 809 1478 meae
831 1419 990 1498 facturum,
1013 1481 1016 1485 ,

62 1502 90 1562 si
103 1499 289 1561 adversariis
300 1500 383 1561 idem
394 1500 599 1564 mandaretur.
624 1501 666 1561 At
678 1501 772 1561 homo
785 1500 913 1581 gloriae,
925 1522 991 1564 non

62 1590 228 1661 contentus
245 1603 282 1645 ec
297 1591 399 1664 pactu,
421 1586 525 1665 coepit
546 1584 740 1645 adversarios
760 1583 934 1662 iustificare,
957 1586 990 1645 li·

62 1667 196 1728 centiam
213 1669 333 1746 aperire
350 1674 380 1728 et
393 1668 466 1727 mihi
478 1667 668 1748 palinodiam
684 1667 840 1744 mandare,
863 1668 893 1728 id
906 1667 989 1749 quod

61 1753 95 1812 in
108 1750 263 1810 mandatis
274 1770 399 1831 prorsus
414 1771 477 1812 non
490 1751 605 1812 habuit.
627 1750 686 1811 Hic
695 1769 781 1827 sane,
792 1750 842 1810 ubi
857 1753 988 1812 causaic

62 1834 183 1915 optimo
204 1833 276 1894 loco
300 1840 374 1910 erat,
397 1834 478 1894 illius
489 1835 664 1915 importuna
680 1833 843 1913 tyrannide
854 1835 939 1894 venit
958 1835 990 1894 in

62 1916 161 1978 multo
176 1916 322 1996 peiorem,
340 1916 431 1994 unde,
445 1916 592 1998 quidquid
606 1916 769 1998 posthaec
782 1924 917 1977 secutum
934 1924 990 1995 est,

61 1998 267 2078 nonLutheri,
291 2000 344 2061 sed
365 2001 503 2062 Caietani
513 2007 579 2062 tota
591 2000 683 2082 culpa
694 2006 751 2075 est,
763 2000 813 2079 qui
826 2007 858 2060 ut
869 2000 990 2061 silerem

61 2091 95 2145 et
109 2083 297 2162 quiescerem
319 2103 380 2145 non
398 2091 445 2144 cst
458 2103 578 2163 passus,
601 2083 684 2164 qnod
698 2092 761 2143 tum
776 2083 902 2143 summis
924 2085 991 2145 viri-

63 2167 123 2227 bus
143 2164 329 2246 pcscebam3
351 2166 424 2246 quid
446 2169 527 2228 enim
549 2167 651 2228 facere
674 2167 804 2246 amplius
827 2166 938 2227 debui?

150 2248 279 2310 Secutus
314 2257 361 2310 est
390 2250 518 2311 Carolus
550 2250 701 2327 Miltitius,
740 2256 772 2309 et
809 2251 877 2330 ipss
899 2251 933 2312 B.
954 2250 990 2311 Τ.

63 2333 213 2410 nuncius,
245 2334 296 2412 qui
319 2334 414 2393 multo
438 2341 469 2394 et
492 2334 577 2394 varic
595 2335 723 2413 negotio
746 2352 871 2393 cursans
894 2339 926 2394 et
946 2353 991 2393 rc-

63 2434 210 2494 cursans‚
250 2415 386 2495 nihilque
424 2418 585 2494 omittens,
619 2416 701 2496 quod
724 2416 763 2475 ad
780 2416 989 2496 reparandum

65 2517 183 2560 causae
205 2505 339 2576 statum,
369 2519 458 2578 quem
483 2500 648 2570 Caietanus
671 2507 788 2560 temere
810 2506 840 2559 et
860 2499 992 2579 superbe

67 2581 261 2658 turbaverat,
288 2583 472 2662 pertineref,
508 2584 558 2645 vix
589 2582 712 2642 tandem
750 2583 840 2642 etiam
875 2582 991 2643 auxilio

64 2665 260 2726 illustrissimi
289 2665 438 2745 Principis
461 2665 606 2726 Friderici
633 2664 785 2726 Electoris
814 2663 930 2742 effecit,
960 2672 994 2726 ut

65 2748 166 2811 semel
187 2749 347 2809 etiterum
369 2749 556 2810 familiariter
580 2767 698 2809 mecum
721 2747 913 2827 loqueretur,
940 2748 991 2810 ubi

65 2831 169 2893 denuo
193 2839 246 2893 tuo
267 2833 384 2891 nomini
407 2833 502 2912 cessi,
535 2838 659 2912 paratus
682 2831 790 2907 silere,
826 2839 991 2910 acceptans

65 2915 160 2976 etiam
191 2914 323 2974 iudicem
359 2916 408 2975 vel
432 2915 696 2996 archiepiscopum
718 2914 930 2976 Trevirensem
946 2915 989 2992 ¹),

66 2998 120 3059 vel
142 2998 322 3078 episcopum
345 2998 622 3079 Numburgeusem,
645 3006 736 3078 atque
757 2999 800 3056 ita
821 2997 935 3058 factum
957 3004 988 3058 et

64 3083 271 3160 impetratum.
316 3082 395 3141 Dum
423 3081 502 3143 hacc
539 3102 595 3163 spe
623 3082 706 3142 bona
738 3088 884 3161 aguntur,
919 3099 992 3140 ecce

66 3164 147 3225 alter
168 3165 320 3231 etmaicr
342 3164 440 3225 hostis
463 3172 532 3225 tuus
559 3167 645 3226 irruit
665 3165 775 3226 Eccius
799 3182 867 3224 cum
891 3163 992 3244 dispu-

67 3248 186 3310 tatione
207 3247 342 3327 Lipsica‚
366 3267 456 3327 quam
479 3250 652 3310 instituerat
673 3254 780 3310 contra
800 3247 837 3310 D.
861 3245 992 3308 Garlsta

67 3331 169 3407 dium,
201 3336 234 3391 et
254 3351 337 3391 nova
369 3338 497 3411 accepta
520 3332 560 3393 de
587 3333 717 3412 primatu
738 3349 839 3411 papae
861 3331 993 3409 quaesti-

68 3422 146 3491 one,
169 3414 199 3473 in
224 3433 273 3474 me
297 3416 387 3475 vertit
407 3416 594 3494 insperatum
617 3435 717 3494 arma,
738 3420 769 3473 et
789 3414 911 3493 penitus
932 3411 994 3474 hoc

67 3496 232 3559 consilium
256 3499 340 3576 pacis
364 3498 501 3578 dissipat.
544 3498 715 3578 Exspectat
729 3499 849 3557 interim
863 3497 991 3557 Carolus

67 3581 221 3658 rolucus,
244 3579 429 3661 disputatur,
452 3581 568 3642 iudices
590 3583 761 3663 eliguntur,
788 3599 846 3641 nec
867 3581 917 3641 hic
940 3580 992 3641 ali·

72 3709 73 3712 *
144 3750 175 3822 1)
195 3751 279 3807 [ned.
294 3753 360 3808 1521
381 3758 408 3807 et
421 3754 496 3809 tem:
514 3752 724 3831 Trevere'nsem.
