<?xml version="1.0" encoding="UTF-8"?>
<!DOCTYPE html PUBLIC "-//W3C//DTD XHTML 1.0 Transitional//EN"
    "http://www.w3.org/TR/xhtml1/DTD/xhtml1-transitional.dtd">
<html xmlns="http://www.w3.org/1999/xhtml" xml:lang="en" lang="en">
 <head>
  <title>
</title>
<meta http-equiv="Content-Type" content="text/html;charset=utf-8" />
  <meta name='ocr-system' content='tesseract 3.04.00' />
  <meta name='ocr-capabilities' content='ocr_page ocr_carea ocr_par ocr_line ocrx_word'/>
</head>
<body>
  <div class='ocr_page' id='page_1' title='image "./dmartinilutheri04luthgoog_0776.png"; bbox 0 0 2346 4208; ppageno 0'>
   <div class='ocr_carea' id='block_1_1' title="bbox 410 251 1052 322">
    <p class='ocr_par' dir='ltr' id='par_1_1' title="bbox 410 251 1052 322">
     <span class='ocr_line' id='line_1_1' title="bbox 410 251 1052 322; baseline 0.008 -14"><span class='ocrx_word' id='word_1_1' title='bbox 410 255 444 311; x_wconf 88' lang='lat' dir='ltr'>ds</span> <span class='ocrx_word' id='word_1_2' title='bbox 461 257 590 311; x_wconf 63' lang='lat' dir='ltr'>libertate</span> <span class='ocrx_word' id='word_1_3' title='bbox 607 255 774 312; x_wconf 77' lang='lat' dir='ltr'>Christiana.</span> <span class='ocrx_word' id='word_1_4' title='bbox 988 251 1052 322; x_wconf 56' lang='grc' dir='ltr'>Μ</span> 
     </span>
    </p>
   </div>
   <div class='ocr_carea' id='block_1_2' title="bbox 122 441 1105 3013">
    <p class='ocr_par' dir='ltr' id='par_1_2' title="bbox 125 441 1053 2086">
     <span class='ocr_line' id='line_1_2' title="bbox 128 441 1053 524; baseline 0 -20"><span class='ocrx_word' id='word_1_5' title='bbox 128 442 295 524; x_wconf 84' lang='lat' dir='ltr'>operibus,</span> <span class='ocrx_word' id='word_1_6' title='bbox 329 441 384 506; x_wconf 90' lang='lat' dir='ltr'>sed</span> <span class='ocrx_word' id='word_1_7' title='bbox 408 442 448 504; x_wconf 89' lang='lat' dir='ltr'>ab</span> <span class='ocrx_word' id='word_1_8' title='bbox 478 444 674 524; x_wconf 76' lang='lat' dir='ltr'>opinionibus</span> <span class='ocrx_word' id='word_1_9' title='bbox 704 463 848 524; x_wconf 81' lang='lat' dir='ltr'>operum,</span> <span class='ocrx_word' id='word_1_10' title='bbox 883 442 998 523; x_wconf 82' lang='lat' dir='ltr'>idest,</span> <span class='ocrx_word' id='word_1_11' title='bbox 1033 462 1053 504; x_wconf 87' lang='lat' dir='ltr'>a</span> 
     </span>
     <span class='ocr_line' id='line_1_3' title="bbox 127 526 1050 608; baseline 0 -20"><span class='ocrx_word' id='word_1_12' title='bbox 127 526 224 588; x_wconf 79' lang='lat' dir='ltr'>stulta</span> <span class='ocrx_word' id='word_1_13' title='bbox 246 527 498 607; x_wconf 76' lang='lat' dir='ltr'>praesumptione</span> <span class='ocrx_word' id='word_1_14' title='bbox 519 527 744 589; x_wconf 83' lang='lat' dir='ltr'>iustificationis</span> <span class='ocrx_word' id='word_1_15' title='bbox 765 546 821 608; x_wconf 90' lang='lat' dir='ltr'>per</span> <span class='ocrx_word' id='word_1_16' title='bbox 843 545 939 606; x_wconf 88' lang='lat' dir='ltr'>opera</span> <span class='ocrx_word' id='word_1_17' title='bbox 960 545 1050 605; x_wconf 82' lang='lat' dir='ltr'>quas—</span> 
     </span>
     <span class='ocr_line' id='line_1_4' title="bbox 128 608 1052 689; baseline 0.001 -19"><span class='ocrx_word' id='word_1_18' title='bbox 128 610 218 670; x_wconf 82' lang='lat' dir='ltr'>sitae</span> <span class='ocrx_word' id='word_1_19' title='bbox 261 609 351 670; x_wconf 80' lang='lat' dir='ltr'>Fides</span> <span class='ocrx_word' id='word_1_20' title='bbox 374 611 454 670; x_wconf 89' lang='lat' dir='ltr'>enim</span> <span class='ocrx_word' id='word_1_21' title='bbox 478 612 683 672; x_wconf 81' lang='lat' dir='ltr'>conscientias</span> <span class='ocrx_word' id='word_1_22' title='bbox 694 617 815 672; x_wconf 88' lang='lat' dir='ltr'>nostras</span> <span class='ocrx_word' id='word_1_23' title='bbox 836 608 968 689; x_wconf 81' lang='lat' dir='ltr'>redimit,</span> <span class='ocrx_word' id='word_1_24' title='bbox 987 629 1052 671; x_wconf 81' lang='lat' dir='ltr'>ree</span> 
     </span>
     <span class='ocr_line' id='line_1_5' title="bbox 127 691 1052 774; baseline 0.001 -21"><span class='ocrx_word' id='word_1_25' title='bbox 127 691 227 753; x_wconf 76' lang='lat' dir='ltr'>libeat</span> <span class='ocrx_word' id='word_1_26' title='bbox 254 699 285 752; x_wconf 91' lang='lat' dir='ltr'>et</span> <span class='ocrx_word' id='word_1_27' title='bbox 313 697 432 770; x_wconf 82' lang='lat' dir='ltr'>servet,</span> <span class='ocrx_word' id='word_1_28' title='bbox 467 712 528 772; x_wconf 88' lang='lat' dir='ltr'>qua</span> <span class='ocrx_word' id='word_1_29' title='bbox 557 695 774 774; x_wconf 75' lang='lat' dir='ltr'>cognoscimus</span> <span class='ocrx_word' id='word_1_30' title='bbox 806 693 953 754; x_wconf 84' lang='lat' dir='ltr'>iustitiam</span> <span class='ocrx_word' id='word_1_31' title='bbox 982 712 1052 754; x_wconf 86' lang='lat' dir='ltr'>cese</span> 
     </span>
     <span class='ocr_line' id='line_1_6' title="bbox 127 776 1053 857; baseline 0 -21"><span class='ocrx_word' id='word_1_32' title='bbox 127 794 192 837; x_wconf 89' lang='lat' dir='ltr'>non</span> <span class='ocrx_word' id='word_1_33' title='bbox 216 776 256 835; x_wconf 57' lang='lat' dir='ltr'>in&gt;</span> <span class='ocrx_word' id='word_1_34' title='bbox 270 776 430 857; x_wconf 83' lang='lat' dir='ltr'>operibus,</span> <span class='ocrx_word' id='word_1_35' title='bbox 463 776 535 837; x_wconf 88' lang='lat' dir='ltr'>licet</span> <span class='ocrx_word' id='word_1_36' title='bbox 557 797 652 857; x_wconf 85' lang='lat' dir='ltr'>opere</span> <span class='ocrx_word' id='word_1_37' title='bbox 673 777 783 853; x_wconf 86' lang='lat' dir='ltr'>abesse</span> <span class='ocrx_word' id='word_1_38' title='bbox 810 795 911 855; x_wconf 92' lang='lat' dir='ltr'>neque</span> <span class='ocrx_word' id='word_1_39' title='bbox 932 777 1053 854; x_wconf 74' lang='lat' dir='ltr'>possint</span> 
     </span>
     <span class='ocr_line' id='line_1_7' title="bbox 125 857 1052 940; baseline 0.002 -22"><span class='ocrx_word' id='word_1_40' title='bbox 125 857 384 938; x_wconf 77' lang='lat' dir='ltr'>nequedebcant,</span> <span class='ocrx_word' id='word_1_41' title='bbox 406 861 485 921; x_wconf 87' lang='lat' dir='ltr'>sicut</span> <span class='ocrx_word' id='word_1_42' title='bbox 497 862 564 921; x_wconf 86' lang='lat' dir='ltr'>sinc</span> <span class='ocrx_word' id='word_1_43' title='bbox 574 861 642 921; x_wconf 93' lang='lat' dir='ltr'>cibo</span> <span class='ocrx_word' id='word_1_44' title='bbox 657 868 688 920; x_wconf 88' lang='lat' dir='ltr'>et</span> <span class='ocrx_word' id='word_1_45' title='bbox 698 868 774 940; x_wconf 86' lang='lat' dir='ltr'>potu</span> <span class='ocrx_word' id='word_1_46' title='bbox 788 867 819 920; x_wconf 89' lang='lat' dir='ltr'>ct</span> <span class='ocrx_word' id='word_1_47' title='bbox 830 860 974 921; x_wconf 86' lang='lat' dir='ltr'>universa</span> <span class='ocrx_word' id='word_1_48' title='bbox 986 877 1052 920; x_wconf 72' lang='lat' dir='ltr'>coc</span> 
     </span>
     <span class='ocr_line' id='line_1_8' title="bbox 127 942 1052 1024; baseline 0 -22"><span class='ocrx_word' id='word_1_49' title='bbox 127 943 214 1023; x_wconf 76' lang='lat' dir='ltr'>posis</span> <span class='ocrx_word' id='word_1_50' title='bbox 236 943 325 1003; x_wconf 86' lang='lat' dir='ltr'>istius</span> <span class='ocrx_word' id='word_1_51' title='bbox 347 942 484 1004; x_wconf 87' lang='lat' dir='ltr'>mortalis</span> <span class='ocrx_word' id='word_1_52' title='bbox 508 962 687 1024; x_wconf 84' lang='lat' dir='ltr'>opercesee</span> <span class='ocrx_word' id='word_1_53' title='bbox 708 964 771 1004; x_wconf 89' lang='lat' dir='ltr'>non</span> <span class='ocrx_word' id='word_1_54' title='bbox 793 962 967 1023; x_wconf 86' lang='lat' dir='ltr'>possumus,</span> <span class='ocrx_word' id='word_1_55' title='bbox 989 961 1052 1004; x_wconf 91' lang='lat' dir='ltr'>non</span> 
     </span>
     <span class='ocr_line' id='line_1_9' title="bbox 127 1025 1052 1104; baseline 0 -18"><span class='ocrx_word' id='word_1_56' title='bbox 127 1030 232 1086; x_wconf 60' lang='lat' dir='ltr'>umen</span> <span class='ocrx_word' id='word_1_57' title='bbox 254 1026 284 1085; x_wconf 93' lang='lat' dir='ltr'>in</span> <span class='ocrx_word' id='word_1_58' title='bbox 308 1027 478 1086; x_wconf 85' lang='lat' dir='ltr'>eisiustitia</span> <span class='ocrx_word' id='word_1_59' title='bbox 492 1033 598 1088; x_wconf 88' lang='lat' dir='ltr'>nostra</span> <span class='ocrx_word' id='word_1_60' title='bbox 619 1028 681 1086; x_wconf 80' lang='lat' dir='ltr'>site</span> <span class='ocrx_word' id='word_1_61' title='bbox 700 1034 756 1104; x_wconf 82' lang='lat' dir='ltr'>eet,</span> <span class='ocrx_word' id='word_1_62' title='bbox 778 1027 877 1088; x_wconf 88' lang='lat' dir='ltr'>sedin</span> <span class='ocrx_word' id='word_1_63' title='bbox 900 1025 971 1103; x_wconf 83' lang='lat' dir='ltr'>tide,</span> <span class='ocrx_word' id='word_1_64' title='bbox 992 1043 1052 1086; x_wconf 88' lang='lat' dir='ltr'>nec</span> 
     </span>
     <span class='ocr_line' id='line_1_10' title="bbox 129 1108 1051 1172; baseline 0.005 -5"><span class='ocrx_word' id='word_1_65' title='bbox 129 1113 237 1168; x_wconf 82' lang='lat' dir='ltr'>temen</span> <span class='ocrx_word' id='word_1_66' title='bbox 258 1108 312 1168; x_wconf 93' lang='lat' dir='ltr'>illa</span> <span class='ocrx_word' id='word_1_67' title='bbox 341 1108 381 1170; x_wconf 92' lang='lat' dir='ltr'>ob</span> <span class='ocrx_word' id='word_1_68' title='bbox 403 1108 433 1168; x_wconf 90' lang='lat' dir='ltr'>id</span> <span class='ocrx_word' id='word_1_69' title='bbox 456 1109 685 1170; x_wconf 83' lang='lat' dir='ltr'>contemnende</span> <span class='ocrx_word' id='word_1_70' title='bbox 706 1116 777 1170; x_wconf 86' lang='lat' dir='ltr'>sunt</span> <span class='ocrx_word' id='word_1_71' title='bbox 798 1116 851 1169; x_wconf 88' lang='lat' dir='ltr'>sut</span> <span class='ocrx_word' id='word_1_72' title='bbox 872 1108 1051 1172; x_wconf 76' lang='lat' dir='ltr'>omittenda</span> 
     </span>
     <span class='ocr_line' id='line_1_11' title="bbox 126 1190 1052 1273; baseline 0.001 -21"><span class='ocrx_word' id='word_1_73' title='bbox 126 1190 181 1252; x_wconf 80' lang='lat' dir='ltr'>sic</span> <span class='ocrx_word' id='word_1_74' title='bbox 200 1191 232 1251; x_wconf 90' lang='lat' dir='ltr'>in</span> <span class='ocrx_word' id='word_1_75' title='bbox 260 1191 375 1252; x_wconf 88' lang='lat' dir='ltr'>mundo</span> <span class='ocrx_word' id='word_1_76' title='bbox 398 1212 502 1252; x_wconf 86' lang='lat' dir='ltr'>sumus</span> <span class='ocrx_word' id='word_1_77' title='bbox 523 1194 710 1254; x_wconf 89' lang='lat' dir='ltr'>necessitate</span> <span class='ocrx_word' id='word_1_78' title='bbox 730 1195 812 1254; x_wconf 87' lang='lat' dir='ltr'>vitae</span> <span class='ocrx_word' id='word_1_79' title='bbox 833 1193 922 1253; x_wconf 87' lang='lat' dir='ltr'>huius</span> <span class='ocrx_word' id='word_1_80' title='bbox 945 1210 1052 1273; x_wconf 91' lang='lat' dir='ltr'>corpo·</span> 
     </span>
     <span class='ocr_line' id='line_1_12' title="bbox 127 1275 1052 1355; baseline 0 -20"><span class='ocrx_word' id='word_1_81' title='bbox 127 1275 173 1335; x_wconf 88' lang='lat' dir='ltr'>ris</span> <span class='ocrx_word' id='word_1_82' title='bbox 193 1275 309 1352; x_wconf 85' lang='lat' dir='ltr'>coacti,</span> <span class='ocrx_word' id='word_1_83' title='bbox 346 1275 400 1335; x_wconf 90' lang='lat' dir='ltr'>sed</span> <span class='ocrx_word' id='word_1_84' title='bbox 431 1294 495 1336; x_wconf 90' lang='lat' dir='ltr'>non</span> <span class='ocrx_word' id='word_1_85' title='bbox 517 1295 557 1337; x_wconf 84' lang='lat' dir='ltr'>ex</span> <span class='ocrx_word' id='word_1_86' title='bbox 579 1277 640 1337; x_wconf 93' lang='lat' dir='ltr'>boe</span> <span class='ocrx_word' id='word_1_87' title='bbox 660 1277 731 1336; x_wconf 90' lang='lat' dir='ltr'>iusti</span> <span class='ocrx_word' id='word_1_88' title='bbox 755 1295 869 1337; x_wconf 86' lang='lat' dir='ltr'>sumus.</span> <span class='ocrx_word' id='word_1_89' title='bbox 910 1276 1052 1355; x_wconf 81' lang='lat' dir='ltr'>Regnum</span> 
     </span>
     <span class='ocr_line' id='line_1_13' title="bbox 128 1358 1052 1438; baseline 0 -21"><span class='ocrx_word' id='word_1_90' title='bbox 128 1374 232 1418; x_wconf 88' lang='lat' dir='ltr'>meum</span> <span class='ocrx_word' id='word_1_91' title='bbox 254 1375 316 1418; x_wconf 93' lang='lat' dir='ltr'>non</span> <span class='ocrx_word' id='word_1_92' title='bbox 329 1358 471 1438; x_wconf 84' lang='lat' dir='ltr'>esthinc,</span> <span class='ocrx_word' id='word_1_93' title='bbox 493 1379 548 1420; x_wconf 88' lang='lat' dir='ltr'>seu</span> <span class='ocrx_word' id='word_1_94' title='bbox 571 1359 609 1421; x_wconf 89' lang='lat' dir='ltr'>de</span> <span class='ocrx_word' id='word_1_95' title='bbox 630 1359 828 1436; x_wconf 86' lang='lat' dir='ltr'>hosmundo,</span> <span class='ocrx_word' id='word_1_96' title='bbox 851 1358 1052 1437; x_wconf 63' lang='lat' dir='ltr'>cudbrictus,</span> 
     </span>
     <span class='ocr_line' id='line_1_14' title="bbox 125 1437 1052 1523; baseline -0.001 -22"><span class='ocrx_word' id='word_1_97' title='bbox 125 1437 183 1502; x_wconf 87' lang='lat' dir='ltr'>sed</span> <span class='ocrx_word' id='word_1_98' title='bbox 204 1458 267 1501; x_wconf 87' lang='lat' dir='ltr'>non</span> <span class='ocrx_word' id='word_1_99' title='bbox 290 1440 380 1502; x_wconf 85' lang='lat' dir='ltr'>dixit:</span> <span class='ocrx_word' id='word_1_100' title='bbox 403 1442 543 1523; x_wconf 82' lang='lat' dir='ltr'>Regnum</span> <span class='ocrx_word' id='word_1_101' title='bbox 566 1462 667 1503; x_wconf 88' lang='lat' dir='ltr'>meum</span> <span class='ocrx_word' id='word_1_102' title='bbox 690 1462 754 1503; x_wconf 89' lang='lat' dir='ltr'>non</span> <span class='ocrx_word' id='word_1_103' title='bbox 776 1440 907 1519; x_wconf 78' lang='lat' dir='ltr'>sethin,</span> <span class='ocrx_word' id='word_1_104' title='bbox 939 1461 995 1501; x_wconf 88' lang='lat' dir='ltr'>seu</span> <span class='ocrx_word' id='word_1_105' title='bbox 1020 1441 1052 1500; x_wconf 91' lang='lat' dir='ltr'>in</span> 
     </span>
     <span class='ocr_line' id='line_1_15' title="bbox 126 1522 1052 1606; baseline -0.002 -21"><span class='ocrx_word' id='word_1_106' title='bbox 126 1524 189 1585; x_wconf 92' lang='lat' dir='ltr'>boc</span> <span class='ocrx_word' id='word_1_107' title='bbox 210 1522 389 1606; x_wconf 80' lang='lat' dir='ltr'>mund01);</span> <span class='ocrx_word' id='word_1_108' title='bbox 419 1531 450 1585; x_wconf 88' lang='lat' dir='ltr'>et</span> <span class='ocrx_word' id='word_1_109' title='bbox 471 1526 598 1586; x_wconf 85' lang='lat' dir='ltr'>Paulus:</span> <span class='ocrx_word' id='word_1_110' title='bbox 631 1526 717 1586; x_wconf 84' lang='lat' dir='ltr'>Licet</span> <span class='ocrx_word' id='word_1_111' title='bbox 736 1527 768 1585; x_wconf 92' lang='lat' dir='ltr'>in</span> <span class='ocrx_word' id='word_1_112' title='bbox 803 1543 895 1585; x_wconf 88' lang='lat' dir='ltr'>carne</span> <span class='ocrx_word' id='word_1_113' title='bbox 917 1523 1052 1584; x_wconf 86' lang='lat' dir='ltr'>ambule-</span> 
     </span>
     <span class='ocr_line' id='line_1_16' title="bbox 125 1607 1053 1686; baseline 0 -19"><span class='ocrx_word' id='word_1_114' title='bbox 125 1626 212 1684; x_wconf 83' lang='lat' dir='ltr'>mus,</span> <span class='ocrx_word' id='word_1_115' title='bbox 251 1615 446 1669; x_wconf 74' lang='lat' dir='ltr'>nontamen</span> <span class='ocrx_word' id='word_1_116' title='bbox 469 1608 637 1669; x_wconf 87' lang='lat' dir='ltr'>secundum</span> <span class='ocrx_word' id='word_1_117' title='bbox 661 1627 783 1669; x_wconf 79' lang='lat' dir='ltr'>carnem</span> <span class='ocrx_word' id='word_1_118' title='bbox 807 1607 990 1686; x_wconf 74' lang='lat' dir='ltr'>militamu03</span> <span class='ocrx_word' id='word_1_119' title='bbox 1021 1612 1053 1667; x_wconf 89' lang='lat' dir='ltr'>et</span> 
     </span>
     <span class='ocr_line' id='line_1_17' title="bbox 126 1687 1052 1770; baseline -0.002 -18"><span class='ocrx_word' id='word_1_120' title='bbox 126 1689 230 1755; x_wconf 76' lang='lat' dir='ltr'>Galat</span> <span class='ocrx_word' id='word_1_121' title='bbox 254 1694 287 1752; x_wconf 87' lang='lat'>1:</span> <span class='ocrx_word' id='word_1_122' title='bbox 326 1689 418 1765; x_wconf 71' lang='lat' dir='ltr'>Quod</span> <span class='ocrx_word' id='word_1_123' title='bbox 439 1693 512 1752; x_wconf 86' lang='lat' dir='ltr'>vivo</span> <span class='ocrx_word' id='word_1_124' title='bbox 533 1693 565 1752; x_wconf 91' lang='lat' dir='ltr'>in</span> <span class='ocrx_word' id='word_1_125' title='bbox 593 1711 701 1770; x_wconf 86' lang='lat' dir='ltr'>earne,</span> <span class='ocrx_word' id='word_1_126' title='bbox 736 1692 768 1751; x_wconf 92' lang='lat' dir='ltr'>in</span> <span class='ocrx_word' id='word_1_127' title='bbox 791 1691 851 1751; x_wconf 86' lang='lat' dir='ltr'>fide</span> <span class='ocrx_word' id='word_1_128' title='bbox 885 1690 957 1750; x_wconf 84' lang='lat' dir='ltr'>vivo</span> <span class='ocrx_word' id='word_1_129' title='bbox 997 1687 1052 1750; x_wconf 85' lang='lat' dir='ltr'>filii</span> 
     </span>
     <span class='ocr_line' id='line_1_18' title="bbox 126 1772 1051 1853; baseline -0.003 -19"><span class='ocrx_word' id='word_1_130' title='bbox 126 1774 198 1834; x_wconf 85' lang='lat' dir='ltr'>Dei.</span> <span class='ocrx_word' id='word_1_131' title='bbox 241 1772 293 1834; x_wconf 82' lang='lat' dir='ltr'>sic</span> <span class='ocrx_word' id='word_1_132' title='bbox 306 1772 542 1852; x_wconf 72' lang='lat' dir='ltr'>candissimo,</span> <span class='ocrx_word' id='word_1_133' title='bbox 564 1776 704 1852; x_wconf 84' lang='lat' dir='ltr'>vivimus,</span> <span class='ocrx_word' id='word_1_134' title='bbox 727 1793 831 1834; x_wconf 88' lang='lat' dir='ltr'>eumue</span> <span class='ocrx_word' id='word_1_135' title='bbox 854 1773 884 1831; x_wconf 88' lang='lat' dir='ltr'>in</span> <span class='ocrx_word' id='word_1_136' title='bbox 907 1772 1051 1853; x_wconf 87' lang='lat' dir='ltr'>operibus</span> 
     </span>
     <span class='ocr_line' id='line_1_19' title="bbox 127 1856 1051 1935; baseline -0.001 -19"><span class='ocrx_word' id='word_1_137' title='bbox 127 1863 161 1917; x_wconf 89' lang='lat' dir='ltr'>et</span> <span class='ocrx_word' id='word_1_138' title='bbox 182 1857 381 1935; x_wconf 82' lang='lat' dir='ltr'>ceremoniis,</span> <span class='ocrx_word' id='word_1_139' title='bbox 414 1859 584 1919; x_wconf 74' lang='lat' dir='ltr'>necessitas</span> <span class='ocrx_word' id='word_1_140' title='bbox 606 1859 695 1918; x_wconf 85' lang='lat' dir='ltr'>huius</span> <span class='ocrx_word' id='word_1_141' title='bbox 717 1861 799 1918; x_wconf 87' lang='lat' dir='ltr'>vitae</span> <span class='ocrx_word' id='word_1_142' title='bbox 820 1856 911 1930; x_wconf 81' lang='lat' dir='ltr'>fecit,</span> <span class='ocrx_word' id='word_1_143' title='bbox 933 1862 964 1916; x_wconf 88' lang='lat' dir='ltr'>et</span> <span class='ocrx_word' id='word_1_144' title='bbox 986 1873 1051 1916; x_wconf 90' lang='lat' dir='ltr'>cor·</span> 
     </span>
     <span class='ocr_line' id='line_1_20' title="bbox 127 1938 1048 2020; baseline -0.001 -20"><span class='ocrx_word' id='word_1_145' title='bbox 127 1940 213 2020; x_wconf 85' lang='lat' dir='ltr'>po&#39;ris</span> <span class='ocrx_word' id='word_1_146' title='bbox 235 1938 362 2019; x_wconf 89' lang='lat' dir='ltr'>regendi</span> <span class='ocrx_word' id='word_1_147' title='bbox 390 1958 477 2017; x_wconf 81' lang='lat' dir='ltr'>eura,</span> <span class='ocrx_word' id='word_1_148' title='bbox 506 1960 568 2001; x_wconf 91' lang='lat' dir='ltr'>non</span> <span class='ocrx_word' id='word_1_149' title='bbox 592 1949 694 2003; x_wconf 84' lang='lat' dir='ltr'>temen</span> <span class='ocrx_word' id='word_1_150' title='bbox 716 1943 747 2002; x_wconf 92' lang='lat' dir='ltr'>in</span> <span class='ocrx_word' id='word_1_151' title='bbox 770 1941 817 2001; x_wconf 88' lang='lat' dir='ltr'>his</span> <span class='ocrx_word' id='word_1_152' title='bbox 839 1939 910 1999; x_wconf 90' lang='lat' dir='ltr'>iusti</span> <span class='ocrx_word' id='word_1_153' title='bbox 932 1956 1048 2017; x_wconf 84' lang='lat' dir='ltr'>sumus,</span> 
     </span>
     <span class='ocr_line' id='line_1_21' title="bbox 125 2020 483 2086; baseline 0.008 -4"><span class='ocrx_word' id='word_1_154' title='bbox 125 2021 182 2083; x_wconf 85' lang='lat' dir='ltr'>sed</span> <span class='ocrx_word' id='word_1_155' title='bbox 205 2022 236 2082; x_wconf 89' lang='lat' dir='ltr'>in</span> <span class='ocrx_word' id='word_1_156' title='bbox 258 2021 319 2082; x_wconf 86' lang='lat' dir='ltr'>fide</span> <span class='ocrx_word' id='word_1_157' title='bbox 340 2020 395 2082; x_wconf 88' lang='lat' dir='ltr'>filii</span> <span class='ocrx_word' id='word_1_158' title='bbox 416 2023 483 2086; x_wconf 85' lang='lat' dir='ltr'>Dei.</span> 
     </span>
    </p>

    <p class='ocr_par' dir='ltr' id='par_1_3' title="bbox 122 2103 1105 3013">
     <span class='ocr_line' id='line_1_22' title="bbox 210 2103 1105 2187; baseline -0.003 -23"><span class='ocrx_word' id='word_1_159' title='bbox 210 2104 313 2180; x_wconf 76' lang='lat' dir='ltr'>Quare</span> <span class='ocrx_word' id='word_1_160' title='bbox 336 2104 508 2167; x_wconf 79' lang='lat' dir='ltr'>Christiano</span> <span class='ocrx_word' id='word_1_161' title='bbox 539 2127 593 2187; x_wconf 88' lang='lat' dir='ltr'>per</span> <span class='ocrx_word' id='word_1_162' title='bbox 614 2107 747 2168; x_wconf 91' lang='lat' dir='ltr'>medium</span> <span class='ocrx_word' id='word_1_163' title='bbox 770 2103 902 2166; x_wconf 90' lang='lat' dir='ltr'>eundum</span> <span class='ocrx_word' id='word_1_164' title='bbox 925 2111 986 2182; x_wconf 83' lang='lat' dir='ltr'>eet,</span> <span class='ocrx_word' id='word_1_165' title='bbox 1020 2110 1052 2165; x_wconf 90' lang='lat' dir='ltr'>et</span> <span class='ocrx_word' id='word_1_166' title='bbox 1101 2150 1105 2161; x_wconf 82' lang='grc'>.</span> 
     </span>
     <span class='ocr_line' id='line_1_23' title="bbox 124 2186 1051 2270; baseline -0.002 -22"><span class='ocrx_word' id='word_1_167' title='bbox 124 2189 188 2248; x_wconf 88' lang='lat' dir='ltr'>duo</span> <span class='ocrx_word' id='word_1_168' title='bbox 211 2187 264 2247; x_wconf 88' lang='lat' dir='ltr'>ille</span> <span class='ocrx_word' id='word_1_169' title='bbox 285 2207 400 2268; x_wconf 90' lang='lat' dir='ltr'>genera</span> <span class='ocrx_word' id='word_1_170' title='bbox 421 2190 579 2251; x_wconf 88' lang='lat' dir='ltr'>hominurn</span> <span class='ocrx_word' id='word_1_171' title='bbox 603 2191 659 2251; x_wconf 90' lang='lat' dir='ltr'>eibi</span> <span class='ocrx_word' id='word_1_172' title='bbox 683 2186 958 2270; x_wconf 73' lang='lat' dir='ltr'>praeponendc2).</span> <span class='ocrx_word' id='word_1_173' title='bbox 988 2188 1051 2247; x_wconf 88' lang='lat' dir='ltr'>Aut</span> 
     </span>
     <span class='ocr_line' id='line_1_24' title="bbox 124 2271 1050 2353; baseline -0.002 -20"><span class='ocrx_word' id='word_1_174' title='bbox 124 2272 207 2333; x_wconf 90' lang='lat' dir='ltr'>enirn</span> <span class='ocrx_word' id='word_1_175' title='bbox 222 2277 385 2332; x_wconf 81' lang='lat' dir='ltr'>occmrunt</span> <span class='ocrx_word' id='word_1_176' title='bbox 401 2274 429 2332; x_wconf 87' lang='lat' dir='ltr'>ei</span> <span class='ocrx_word' id='word_1_177' title='bbox 442 2275 625 2353; x_wconf 74' lang='lat' dir='ltr'>pertinaces,</span> <span class='ocrx_word' id='word_1_178' title='bbox 650 2274 790 2334; x_wconf 91' lang='lat' dir='ltr'>obdurati</span> <span class='ocrx_word' id='word_1_179' title='bbox 805 2271 1050 2350; x_wconf 80' lang='lat' dir='ltr'>ceremoniistae,</span> 
     </span>
     <span class='ocr_line' id='line_1_25' title="bbox 125 2355 1050 2434; baseline -0.001 -20"><span class='ocrx_word' id='word_1_180' title='bbox 125 2355 177 2434; x_wconf 91' lang='lat' dir='ltr'>qui</span> <span class='ocrx_word' id='word_1_181' title='bbox 209 2355 288 2413; x_wconf 88' lang='lat' dir='ltr'>sicut</span> <span class='ocrx_word' id='word_1_182' title='bbox 324 2355 447 2433; x_wconf 88' lang='lat' dir='ltr'>aspides</span> <span class='ocrx_word' id='word_1_183' title='bbox 476 2355 587 2416; x_wconf 85' lang='lat' dir='ltr'>surdae</span> <span class='ocrx_word' id='word_1_184' title='bbox 616 2356 724 2417; x_wconf 88' lang='lat' dir='ltr'>nolunt</span> <span class='ocrx_word' id='word_1_185' title='bbox 751 2355 856 2416; x_wconf 84' lang='lat' dir='ltr'>audire</span> <span class='ocrx_word' id='word_1_186' title='bbox 889 2355 1050 2415; x_wconf 83' lang='lat' dir='ltr'>veritatem</span> 
     </span>
     <span class='ocr_line' id='line_1_26' title="bbox 124 2436 1050 2518; baseline -0.001 -21"><span class='ocrx_word' id='word_1_187' title='bbox 124 2436 291 2512; x_wconf 80' lang='lat' dir='ltr'>libertatis,</span> <span class='ocrx_word' id='word_1_188' title='bbox 318 2437 372 2498; x_wconf 89' lang='lat' dir='ltr'>sed</span> <span class='ocrx_word' id='word_1_189' title='bbox 395 2457 466 2498; x_wconf 85' lang='lat' dir='ltr'>sues</span> <span class='ocrx_word' id='word_1_190' title='bbox 495 2441 685 2499; x_wconf 83' lang='lat' dir='ltr'>ceremoniae</span> <span class='ocrx_word' id='word_1_191' title='bbox 707 2447 852 2518; x_wconf 87' lang='lat' dir='ltr'>tanquam</span> <span class='ocrx_word' id='word_1_192' title='bbox 884 2437 1050 2498; x_wconf 86' lang='lat' dir='ltr'>iustificati·</span> 
     </span>
     <span class='ocr_line' id='line_1_27' title="bbox 125 2519 1049 2601; baseline -0.004 -19"><span class='ocrx_word' id='word_1_193' title='bbox 125 2538 204 2582; x_wconf 90' lang='lat' dir='ltr'>ones</span> <span class='ocrx_word' id='word_1_194' title='bbox 225 2521 354 2597; x_wconf 81' lang='lat' dir='ltr'>iactent,</span> <span class='ocrx_word' id='word_1_195' title='bbox 391 2522 544 2601; x_wconf 86' lang='lat' dir='ltr'>imperant</span> <span class='ocrx_word' id='word_1_196' title='bbox 571 2528 729 2601; x_wconf 88' lang='lat' dir='ltr'>et-urgent</span> <span class='ocrx_word' id='word_1_197' title='bbox 747 2523 813 2581; x_wconf 90' lang='lat' dir='ltr'>sine</span> <span class='ocrx_word' id='word_1_198' title='bbox 835 2520 912 2599; x_wconf 86' lang='lat' dir='ltr'>tide,</span> <span class='ocrx_word' id='word_1_199' title='bbox 934 2519 1049 2599; x_wconf 58' lang='lat' dir='ltr'>&gt;quales</span> 
     </span>
     <span class='ocr_line' id='line_1_28' title="bbox 125 2602 1049 2684; baseline -0.002 -20"><span class='ocrx_word' id='word_1_200' title='bbox 125 2609 215 2664; x_wconf 88' lang='lat' dir='ltr'>erant</span> <span class='ocrx_word' id='word_1_201' title='bbox 246 2603 319 2663; x_wconf 90' lang='lat' dir='ltr'>olim</span> <span class='ocrx_word' id='word_1_202' title='bbox 343 2603 468 2683; x_wconf 73' lang='lat' dir='ltr'>ludaei,</span> <span class='ocrx_word' id='word_1_203' title='bbox 504 2604 646 2665; x_wconf 85' lang='lat' dir='ltr'>nolentes</span> <span class='ocrx_word' id='word_1_204' title='bbox 679 2604 864 2684; x_wconf 78' lang='lat' dir='ltr'>intelligere,</span> <span class='ocrx_word' id='word_1_205' title='bbox 902 2611 936 2663; x_wconf 87' lang='lat' dir='ltr'>ut</span> <span class='ocrx_word' id='word_1_206' title='bbox 970 2602 1049 2663; x_wconf 91' lang='lat' dir='ltr'>bene</span> 
     </span>
     <span class='ocr_line' id='line_1_29' title="bbox 124 2686 1048 2767; baseline -0.003 -20"><span class='ocrx_word' id='word_1_207' title='bbox 124 2692 262 2767; x_wconf 86' lang='lat' dir='ltr'>agerent.</span> <span class='ocrx_word' id='word_1_208' title='bbox 307 2686 360 2746; x_wconf 89' lang='lat' dir='ltr'>His</span> <span class='ocrx_word' id='word_1_209' title='bbox 392 2694 517 2767; x_wconf 90' lang='lat' dir='ltr'>oportet</span> <span class='ocrx_word' id='word_1_210' title='bbox 549 2689 708 2764; x_wconf 82' lang='lat' dir='ltr'>resistere,</span> <span class='ocrx_word' id='word_1_211' title='bbox 745 2687 898 2748; x_wconf 88' lang='lat' dir='ltr'>contraria</span> <span class='ocrx_word' id='word_1_212' title='bbox 936 2686 1048 2762; x_wconf 84' lang='lat' dir='ltr'>facere,</span> 
     </span>
     <span class='ocr_line' id='line_1_30' title="bbox 122 2769 1047 2851; baseline -0.004 -20"><span class='ocrx_word' id='word_1_213' title='bbox 122 2777 155 2831; x_wconf 91' lang='lat' dir='ltr'>et</span> <span class='ocrx_word' id='word_1_214' title='bbox 175 2769 294 2829; x_wconf 84' lang='lat' dir='ltr'>fortiter</span> <span class='ocrx_word' id='word_1_215' title='bbox 315 2769 588 2851; x_wconf 74' lang='lat' dir='ltr'>scandalisare³)‚</span> <span class='ocrx_word' id='word_1_216' title='bbox 611 2790 650 2831; x_wconf 89' lang='lat' dir='ltr'>ne</span> <span class='ocrx_word' id='word_1_217' title='bbox 681 2772 826 2850; x_wconf 90' lang='lat' dir='ltr'>opinione</span> <span class='ocrx_word' id='word_1_218' title='bbox 863 2771 922 2829; x_wconf 91' lang='lat' dir='ltr'>ieta</span> <span class='ocrx_word' id='word_1_219' title='bbox 953 2769 1047 2847; x_wconf 90' lang='lat' dir='ltr'>impia</span> 
     </span>
     <span class='ocr_line' id='line_1_31' title="bbox 122 2849 1049 2934; baseline -0.001 -23"><span class='ocrx_word' id='word_1_220' title='bbox 122 2852 273 2934; x_wconf 87' lang='lat' dir='ltr'>plurimos</span> <span class='ocrx_word' id='word_1_221' title='bbox 303 2871 406 2912; x_wconf 90' lang='lat' dir='ltr'>secum</span> <span class='ocrx_word' id='word_1_222' title='bbox 431 2853 548 2915; x_wconf 87' lang='lat' dir='ltr'>fallant.</span> <span class='ocrx_word' id='word_1_223' title='bbox 591 2854 624 2914; x_wconf 93' lang='lat' dir='ltr'>ln</span> <span class='ocrx_word' id='word_1_224' title='bbox 646 2854 754 2913; x_wconf 88' lang='lat' dir='ltr'>horum</span> <span class='ocrx_word' id='word_1_225' title='bbox 791 2852 888 2913; x_wconf 90' lang='lat' dir='ltr'>oculis</span> <span class='ocrx_word' id='word_1_226' title='bbox 923 2849 1049 2931; x_wconf 84' lang='lat' dir='ltr'>expedit</span> 
     </span>
     <span class='ocr_line' id='line_1_32' title="bbox 124 2933 1048 3013; baseline -0.001 -17"><span class='ocrx_word' id='word_1_227' title='bbox 124 2934 291 2996; x_wconf 88' lang='lat' dir='ltr'>comedere</span> <span class='ocrx_word' id='word_1_228' title='bbox 313 2955 437 3012; x_wconf 82' lang='lat' dir='ltr'>earnes,</span> <span class='ocrx_word' id='word_1_229' title='bbox 461 2938 583 2998; x_wconf 85' lang='lat' dir='ltr'>solvere</span> <span class='ocrx_word' id='word_1_230' title='bbox 605 2938 719 2997; x_wconf 88' lang='lat' dir='ltr'>ieiunia</span> <span class='ocrx_word' id='word_1_231' title='bbox 747 2941 778 2997; x_wconf 79' lang='lat' dir='ltr'>et</span> <span class='ocrx_word' id='word_1_232' title='bbox 798 2936 859 2995; x_wconf 86' lang='lat' dir='ltr'>alia</span> <span class='ocrx_word' id='word_1_233' title='bbox 881 2954 936 3013; x_wconf 88' lang='lat' dir='ltr'>pro</span> <span class='ocrx_word' id='word_1_234' title='bbox 960 2933 1048 2995; x_wconf 88' lang='lat' dir='ltr'>liber-</span> 
     </span>
    </p>
   </div>
   <div class='ocr_carea' id='block_1_3' title="bbox 122 3015 1049 3498">
    <p class='ocr_par' dir='ltr' id='par_1_4' title="bbox 122 3015 1049 3498">
     <span class='ocr_line' id='line_1_33' title="bbox 122 3015 1047 3100; baseline -0.003 -21"><span class='ocrx_word' id='word_1_235' title='bbox 122 3024 189 3080; x_wconf 86' lang='lat' dir='ltr'>tate</span> <span class='ocrx_word' id='word_1_236' title='bbox 210 3016 282 3078; x_wconf 82' lang='lat' dir='ltr'>fidei</span> <span class='ocrx_word' id='word_1_237' title='bbox 304 3018 414 3093; x_wconf 82' lang='lat' dir='ltr'>lacere,</span> <span class='ocrx_word' id='word_1_238' title='bbox 438 3038 517 3098; x_wconf 80' lang='lat' dir='ltr'>quse</span> <span class='ocrx_word' id='word_1_239' title='bbox 539 3040 596 3100; x_wconf 88' lang='lat' dir='ltr'>pro</span> <span class='ocrx_word' id='word_1_240' title='bbox 619 3020 744 3080; x_wconf 85' lang='lat' dir='ltr'>summis</span> <span class='ocrx_word' id='word_1_241' title='bbox 766 3019 902 3099; x_wconf 88' lang='lat' dir='ltr'>peccatis</span> <span class='ocrx_word' id='word_1_242' title='bbox 923 3015 1047 3092; x_wconf 85' lang='lat' dir='ltr'>habent,</span> 
     </span>
     <span class='ocr_line' id='line_1_34' title="bbox 124 3100 1047 3181; baseline -0.004 -18"><span class='ocrx_word' id='word_1_243' title='bbox 124 3100 351 3181; x_wconf 89' lang='lat' dir='ltr'>dicendumque</span> <span class='ocrx_word' id='word_1_244' title='bbox 372 3101 411 3162; x_wconf 90' lang='lat' dir='ltr'>de</span> <span class='ocrx_word' id='word_1_245' title='bbox 434 3104 494 3163; x_wconf 84' lang='lat' dir='ltr'>eis:</span> <span class='ocrx_word' id='word_1_246' title='bbox 518 3102 615 3164; x_wconf 84' lang='lat' dir='ltr'>Sinite</span> <span class='ocrx_word' id='word_1_247' title='bbox 637 3123 701 3178; x_wconf 82' lang='lat' dir='ltr'>eos,</span> <span class='ocrx_word' id='word_1_248' title='bbox 725 3104 809 3162; x_wconf 88' lang='lat' dir='ltr'>caeci</span> <span class='ocrx_word' id='word_1_249' title='bbox 826 3108 905 3178; x_wconf 87' lang='lat' dir='ltr'>eunt,</span> <span class='ocrx_word' id='word_1_250' title='bbox 928 3107 960 3160; x_wconf 85' lang='lat' dir='ltr'>et</span> <span class='ocrx_word' id='word_1_251' title='bbox 981 3119 1047 3160; x_wconf 88' lang='lat' dir='ltr'>eae-</span> 
     </span>
     <span class='ocr_line' id='line_1_35' title="bbox 123 3183 1048 3247; baseline -0.004 -1"><span class='ocrx_word' id='word_1_252' title='bbox 123 3199 231 3246; x_wconf 89' lang='lat' dir='ltr'>corum</span> <span class='ocrx_word' id='word_1_253' title='bbox 265 3184 368 3245; x_wconf 89' lang='lat' dir='ltr'>duces.</span> <span class='ocrx_word' id='word_1_254' title='bbox 411 3184 479 3246; x_wconf 90' lang='lat' dir='ltr'>Hoc</span> <span class='ocrx_word' id='word_1_255' title='bbox 508 3189 589 3246; x_wconf 88' lang='lat' dir='ltr'>enim</span> <span class='ocrx_word' id='word_1_256' title='bbox 624 3187 717 3247; x_wconf 91' lang='lat' dir='ltr'>modo</span> <span class='ocrx_word' id='word_1_257' title='bbox 751 3192 782 3245; x_wconf 90' lang='lat' dir='ltr'>et</span> <span class='ocrx_word' id='word_1_258' title='bbox 808 3183 919 3243; x_wconf 86' lang='lat' dir='ltr'>Paulus</span> <span class='ocrx_word' id='word_1_259' title='bbox 947 3183 1048 3242; x_wconf 89' lang='lat' dir='ltr'>Titum</span> 
     </span>
     <span class='ocr_line' id='line_1_36' title="bbox 123 3266 1048 3350; baseline -0.003 -22"><span class='ocrx_word' id='word_1_260' title='bbox 123 3267 228 3329; x_wconf 88' lang='lat' dir='ltr'>noluit</span> <span class='ocrx_word' id='word_1_261' title='bbox 248 3267 440 3347; x_wconf 85' lang='lat' dir='ltr'>circumcidi,</span> <span class='ocrx_word' id='word_1_262' title='bbox 463 3287 531 3328; x_wconf 90' lang='lat' dir='ltr'>cum</span> <span class='ocrx_word' id='word_1_263' title='bbox 552 3270 595 3329; x_wconf 91' lang='lat' dir='ltr'>illi</span> <span class='ocrx_word' id='word_1_264' title='bbox 619 3267 829 3350; x_wconf 80' lang='lat' dir='ltr'>urgerent*),</span> <span class='ocrx_word' id='word_1_265' title='bbox 858 3273 890 3326; x_wconf 89' lang='lat' dir='ltr'>et</span> <span class='ocrx_word' id='word_1_266' title='bbox 911 3266 1048 3327; x_wconf 78' lang='lat' dir='ltr'>Christus</span> 
     </span>
     <span class='ocr_line' id='line_1_37' title="bbox 123 3349 1049 3432; baseline -0.004 -20"><span class='ocrx_word' id='word_1_267' title='bbox 123 3349 262 3412; x_wconf 82' lang='lat' dir='ltr'>defendit</span> <span class='ocrx_word' id='word_1_268' title='bbox 273 3351 444 3430; x_wconf 79' lang='lat' dir='ltr'>apostolos,</span> <span class='ocrx_word' id='word_1_269' title='bbox 466 3353 548 3432; x_wconf 90' lang='lat' dir='ltr'>quod</span> <span class='ocrx_word' id='word_1_270' title='bbox 571 3352 699 3414; x_wconf 89' lang='lat' dir='ltr'>sabbato</span> <span class='ocrx_word' id='word_1_271' title='bbox 717 3350 873 3412; x_wconf 89' lang='lat' dir='ltr'>vellebant</span> <span class='ocrx_word' id='word_1_272' title='bbox 894 3350 995 3431; x_wconf 81' lang='lat' dir='ltr'>epicos</span> <span class='ocrx_word' id='word_1_273' title='bbox 1017 3355 1049 3410; x_wconf 85' lang='lat' dir='ltr'>et</span> 
     </span>
     <span class='ocr_line' id='line_1_38' title="bbox 123 3434 363 3498; baseline 0.017 -4"><span class='ocrx_word' id='word_1_274' title='bbox 123 3434 222 3494; x_wconf 89' lang='lat' dir='ltr'>mults</span> <span class='ocrx_word' id='word_1_275' title='bbox 243 3434 363 3498; x_wconf 81' lang='lat' dir='ltr'>similia.</span> 
     </span>
    </p>
   </div>
   <div class='ocr_carea' id='block_1_4' title="bbox 124 3569 1050 3769">
    <p class='ocr_par' dir='ltr' id='par_1_5' title="bbox 124 3569 1050 3769">
     <span class='ocr_line' id='line_1_39' title="bbox 198 3569 1046 3641; baseline -0.001 -14"><span class='ocrx_word' id='word_1_276' title='bbox 198 3572 225 3637; x_wconf 87' lang='lat'>1)</span> <span class='ocrx_word' id='word_1_277' title='bbox 244 3569 276 3623; x_wconf 91' lang='lat' dir='ltr'>ln</span> <span class='ocrx_word' id='word_1_278' title='bbox 296 3573 358 3624; x_wconf 88' lang='lat' dir='ltr'>edit.</span> <span class='ocrx_word' id='word_1_279' title='bbox 382 3573 498 3641; x_wconf 75' lang='lat' dir='ltr'>origin:</span> <span class='ocrx_word' id='word_1_280' title='bbox 520 3572 554 3626; x_wconf 88' lang='lat' dir='ltr'>de</span> <span class='ocrx_word' id='word_1_281' title='bbox 580 3573 634 3626; x_wconf 90' lang='lat' dir='ltr'>hoc</span> <span class='ocrx_word' id='word_1_282' title='bbox 662 3571 774 3627; x_wconf 88' lang='lat' dir='ltr'>mundo.</span> <span class='ocrx_word' id='word_1_283' title='bbox 812 3569 956 3639; x_wconf 80' lang='lat' dir='ltr'>2)1ned.</span> <span class='ocrx_word' id='word_1_284' title='bbox 978 3569 1046 3626; x_wconf 79' lang='lat'><strong>1521</strong></span> 
     </span>
     <span class='ocr_line' id='line_1_40' title="bbox 126 3641 1050 3713; baseline -0.002 -15"><span class='ocrx_word' id='word_1_285' title='bbox 126 3648 154 3698; x_wconf 85' lang='lat' dir='ltr'>et</span> <span class='ocrx_word' id='word_1_286' title='bbox 172 3643 242 3696; x_wconf 78' lang='lat' dir='ltr'>len:</span> <span class='ocrx_word' id='word_1_287' title='bbox 265 3644 455 3712; x_wconf 82' lang='lat' dir='ltr'>proponenda.</span> <span class='ocrx_word' id='word_1_288' title='bbox 476 3645 507 3710; x_wconf 85' lang='lat'>3)</span> <span class='ocrx_word' id='word_1_289' title='bbox 520 3644 551 3697; x_wconf 92' lang='lat' dir='ltr'>In</span> <span class='ocrx_word' id='word_1_290' title='bbox 572 3645 695 3700; x_wconf 81' lang='lat' dir='ltr'>ed.1521</span> <span class='ocrx_word' id='word_1_291' title='bbox 715 3643 760 3698; x_wconf 87' lang='lat' dir='ltr'>hic</span> <span class='ocrx_word' id='word_1_292' title='bbox 780 3650 807 3697; x_wconf 87' lang='lat' dir='ltr'>et</span> <span class='ocrx_word' id='word_1_293' title='bbox 822 3641 935 3713; x_wconf 87' lang='lat' dir='ltr'>reliquie</span> <span class='ocrx_word' id='word_1_294' title='bbox 954 3642 1022 3695; x_wconf 88' lang='lat' dir='ltr'>locis</span> <span class='ocrx_word' id='word_1_295' title='bbox 1044 3660 1050 3696; x_wconf 75' lang='grc' dir='ltr'>ε</span> 
     </span>
     <span class='ocr_line' id='line_1_41' title="bbox 124 3713 386 3769; baseline 0 0"><span class='ocrx_word' id='word_1_296' title='bbox 124 3713 315 3769; x_wconf 77' lang='lat' dir='ltr'>scandalizare</span> <span class='ocrx_word' id='word_1_297' title='bbox 336 3720 386 3769; x_wconf 87' lang='lat' dir='ltr'>etc.</span> 
     </span>
    </p>
   </div>
   <div class='ocr_carea' id='block_1_5' title="bbox 197 3784 397 3853">
    <p class='ocr_par' dir='ltr' id='par_1_6' title="bbox 197 3784 397 3853">
     <span class='ocr_line' id='line_1_42' title="bbox 197 3784 397 3853; baseline 0.015 -12"><span class='ocrx_word' id='word_1_298' title='bbox 197 3786 227 3853; x_wconf 78' lang='lat'>⁸)</span> <span class='ocrx_word' id='word_1_299' title='bbox 247 3784 337 3841; x_wconf 74' lang='lat' dir='ltr'>(iulet.</span> <span class='ocrx_word' id='word_1_300' title='bbox 355 3787 397 3844; x_wconf 53' lang='lat' dir='ltr'>2.s</span> 
     </span>
    </p>
   </div>
   <div class='ocr_carea' id='block_1_6' title="bbox 0 0 1178 4208">
    <p class='ocr_par' dir='ltr' id='par_1_7' title="bbox 0 0 1178 4208">
     <span class='ocr_line' id='line_1_43' title="bbox 0 0 1178 4208; baseline 0 1"><span class='ocrx_word' id='word_1_301' title='bbox 0 0 1178 4208; x_wconf 95' lang='lat' dir='ltr'> </span> 
     </span>
    </p>
   </div>
  </div>
 </body>
</html>
