2346 4208
391 261 421 314 Ι).
441 260 477 317 ll.
496 259 616 317 lutheri.
914 256 976 323 167

136 448 198 508 Vix
219 450 299 511 enirn
323 451 389 520 sine
412 449 486 508 vitio
511 447 656 525 eelebmt,
679 449 730 526 qui
753 448 850 527 magis
872 466 979 509 seoure

51 531 193 607 aceedit,
217 533 289 609 quia
311 532 471 592 consessus
493 539 556 608 est,
579 550 669 608 quam
692 531 763 609 quie
784 530 866 590 Deus
889 532 978 592 mise·

50 616 149 674 rioms
188 623 249 692 est,
283 616 345 674 imo
382 621 448 675 tota
481 616 622 694 impietas
659 613 737 673 haee
764 620 812 674 est
841 614 977 676 omnino.

51 696 180 758 Summa
211 697 292 758 enim
323 717 508 756 summarum
537 704 601 757 est:
634 697 720 757 Beati
746 697 798 774 qui
820 695 979 758 confidunt

51 781 84 839 in
121 780 314 855 Domino¹).
358 778 490 856 Quando
519 781 549 839 in
573 780 706 840 Domino
736 778 841 856 audis,
873 780 977 857 utique

53 862 211 942 intelliges
226 863 258 940 ²)
283 863 437 924 infelicem
460 882 547 941 eum,
578 864 628 942 qui
651 860 778 924 confidit
799 863 831 922 in
854 862 980 939 aliquid,

53 945 262 1025 quodeunque
288 966 350 1006 non
374 953 422 1006 est
442 946 509 1025 ipse
531 946 696 1024 Dominus,
719 945 841 1024 qualem
863 945 980 1005 faciunt

54 1029 183 1090 artisiae
204 1029 248 1088 illi
278 1028 456 1090 confitendi.
500 1028 581 1103 Quid
603 1030 683 1089 enim
711 1029 784 1089 feeit
811 1048 859 1088 ars
883 1028 979 1089 eonii·

52 1111 149 1187 tendi,
172 1113 231 1172 nisi
253 1112 336 1191 quod
359 1111 495 1173 abolevit
515 1117 614 1172 artem
636 1119 667 1171 et
688 1131 776 1171 usum
799 1109 979 1190 confitendi,

54 1201 88 1256 ut
111 1195 239 1255 multum
262 1194 411 1273 confiteri,
433 1194 508 1254 nihil
530 1192 687 1258 oonfidere
709 1194 918 1255 disceremus?

417 1359 620 1421 Duodecimo.
677 1421 680 1424 ,

138 1511 173 1572 In
195 1511 315 1574 nasibus
338 1511 502 1571 reservatis
524 1510 610 1573 multi
634 1516 794 1586 vexantur,
817 1528 887 1589 ego,
909 1512 983 1588 quia

53 1597 120 1657 seio
159 1594 257 1676 leges
287 1593 445 1655 hominum
482 1599 626 1672 oportere
662 1592 796 1672 epiikiae
829 1591 981 1654 subiectas

56 1697 146 1756 esse,
168 1685 199 1739 et
219 1677 288 1759 plus
312 1676 352 1739 ad
373 1676 515 1744 favorem¹
535 1695 627 1754 quam
649 1676 782 1755 rigorem
804 1675 979 1754 trahendas,

55 1780 164 1824 eorum
192 1779 306 1840 sequor
333 1779 421 1819 usum
449 1765 479 1819 et
503 1758 681 1835 consilium,
710 1759 762 1836 qui
788 1758 820 1817 in
848 1759 984 1836 peooatis

56 1843 188 1907 oeeultis
210 1843 328 1904 nullum
350 1843 499 1905 reservari
528 1861 633 1902 nasum
662 1846 804 1901 oensent:
839 1840 910 1900 ideo
933 1840 984 1903 ab·

57 1926 229 1990 solvendos
251 1945 321 1987 esse
343 1943 462 2003 omnes,
483 1943 611 2003 quorum
627 1924 830 1984 oooultasunt
845 1930 984 2002 peceato,

57 2019 93 2071 ut
115 2017 187 2070 sunt
207 2015 338 2090 peceato
350 2009 449 2068 earnis
462 2027 517 2068 seu
534 2007 667 2070 hbrdrms
689 2008 897 2086 ouiusounque
919 2026 985 2086 epe·

57 2093 132 2172 oiei,
166 2093 385 2173 oppressiones
407 2090 567 2151 infantium
591 2096 623 2152 et
644 2090 762 2152 similia.
805 2089 872 2150 Neo
903 2090 984 2149 enim

59 2177 216 2257 praesumi
239 2175 331 2237 debet
358 2173 438 2234 ullus
460 2173 600 2253 pontifex
624 2173 759 2234 voluisse
797 2174 828 2233 in
857 2172 985 2233 oooultis

60 2259 198 2340 peooatis
220 2264 267 2319 tot
289 2258 417 2336 laqueos
440 2264 470 2317 et
489 2257 626 2336 perioula
647 2256 807 2317 animabus
830 2275 956 2336 ponere.

146 2342 260 2402 Verum
284 2340 336 2402 ubi
368 2339 522 2419 publioum
551 2340 640 2399 fuerit
668 2340 782 2399 orimen
811 2358 865 2398 seu
895 2357 985 2398 oasus

62 2431 238 2487 reservatus
261 2422 452 2500 manifestus,
473 2424 599 2483 omuino
622 2423 768 2502 potestati
790 2421 988 2482 deferendum

63 2515 124 2586 est,
146 2509 211 2567 aive
223 2507 262 2567 sit
282 2525 381 2585 aequa
395 2506 460 2566 sive
473 2506 585 2583 iniqua.
609 2504 643 2564 In
660 2512 834 2583 quotamen
858 2505 902 2565 sic
924 2523 988 2564 mo-

61 2592 188 2654 deretur
209 2589 369 2650 oonfessor
390 2590 452 2648 vim
475 2588 585 2664 olavis,
617 2606 656 2646 ue
685 2586 883 2648 confitentem
908 2587 988 2647 sinat

60 2677 130 2735 sine
153 2672 349 2735 absolutione
378 2671 479 2748 abire,
513 2670 621 2730 saltem
650 2688 755 2731 eorum
779 2676 987 2749 peccatorum,

61 2776 142 2837 quae
174 2761 331 2816 reservata
362 2773 425 2814 non
459 2773 529 2814 esse
557 2753 668 2813 soierit.
713 2751 905 2830 Quamquam
928 2770 988 2831 ego

61 2838 259 2902 iamdudum
288 2837 420 2916 fluctuo,
447 2836 579 2897 necdum
613 2837 776 2895 stationem
811 2835 990 2914 disputatio-

63 2925 113 2983 nis
135 2923 279 3002 propriae
302 2921 473 3000 composui,
496 2939 535 2979 an
558 2919 656 2998 possit
679 2918 757 2978 ullus
773 2936 863 2978 oasus
885 2915 988 2995 quoad

60 3006 277 3066 remissionem
300 3003 409 3083 eulpae
430 3004 596 3080 reservari,
620 3007 673 3061 aut
694 3020 829 3079 unquam
851 3018 986 3061 reserva·

63 3095 112 3149 tus
135 3088 189 3164 sit,
219 3106 353 3167 poenam
376 3087 525 3146 reservari
546 3104 609 3146 non
632 3091 679 3145 est
701 3084 842 3162 dubium,
865 3082 987 3161 dequo

64 3177 132 3233 esto
155 3171 285 3231 aliorum
307 3167 452 3229 iudicium
464 3167 502 3250 ³).

148 3253 210 3316 Sed
241 3271 299 3313 neo
338 3254 368 3311 in
413 3271 535 3331 poenae
570 3251 752 3310 remissione
781 3248 906 3308 nimium
953 3248 994 3307 sit

66 3337 265 3417 scrupulosus
290 3335 450 3395 confessor
472 3335 520 3394 vel
543 3331 702 3395 confitens.
746 3333 881 3392 Poenam
904 3321 992 3390 intel·

64 3421 128 3502 ligo
157 3419 524 3496 exeommunioationem,
561 3415 624 3477 vel*
642 3414 810 3493 quamlibet
838 3413 990 3474 eeclesiae

67 3521 244 3581 censuram,
272 3520 344 3571 seu,
373 3507 406 3560 ut
428 3508 557 3579 vooant,
584 3499 710 3559 fulmina
739 3504 770 3557 et
791 3498 904 3558 tonitru
929 3515 992 3558 sua.

143 3725 172 3793 1)
193 3723 225 3778 In
245 3723 288 3776 ed.
309 3722 379 3777 len:
399 3721 540 3774 confidunt
558 3721 681 3774 domino.
701 3719 733 3787 2)
755 3718 836 3772 Ibin:
854 3701 1002 3786 intelligia

67 3799 100 3867 3)
121 3798 159 3851 ln
178 3796 219 3850 ed.
240 3797 325 3864 orig.:
344 3793 460 3848 aliorum
481 3792 557 3845 aliud
574 3792 716 3845 iudicium.
980 3824 984 3828 -
