2346 4208
78 258 86 283 ⁸
191 244 255 312 228
511 243 656 298 Tractatus
674 239 787 298 Lutheri

193 434 289 516 plena
311 441 359 495 est
380 435 535 515 peccatis,
564 439 664 495 morte
685 438 716 494 at
738 431 948 498 damnatione.
992 433 1116 496 Intercc

195 518 331 580 datiam
353 517 441 596 fldes,
465 524 496 579 et
518 517 580 597 liet,
603 523 637 578 ut
657 515 769 577 Christi
791 517 853 577 sint
873 523 1016 598 peccata,
1039 537 1116 578 mors

194 608 226 664 et
246 600 393 680 infernus,
416 603 538 662 animae
559 619 633 662 vero
647 600 755 681 gratia
777 599 885 660 vitaet
905 599 1002 664 salus.
1026 600 1117 682 Opor-

194 690 238 746 tet
260 685 341 745 enim
365 704 445 763 eum,
467 684 493 744 si
515 702 647 764 sponsus
660 692 716 762 est,
739 703 777 743 ea
786 683 886 763 simul,
910 702 993 763 quae
1008 703 1119 766 sponsa

194 767 296 846 habet,
315 776 485 849 acceptare,
499 773 530 829 et
544 786 591 846 ea,
603 786 683 846 quae
699 785 756 826 sua
768 771 847 842 sunt,
862 784 1002 846 sponsae
1014 769 1118 849 impar·

194 851 261 914 tire.
305 849 363 925 Qui
386 852 466 912 enim
491 869 601 931 corpus
619 870 705 911 snum
729 857 761 910 ot
781 867 816 910 so
832 850 933 929 ipsum
954 850 1001 910 illi
1019 850 1120 930 donat,

194 933 350 1013 quomodo
363 953 425 995 nou
436 935 541 995 omnia
551 952 607 994 sua
620 931 735 994 donat?
750 931 850 1012 thui
861 951 976 1012 corpus
988 951 1119 1014 sponsae

195 1016 1119 1098 accipit,quomodouonomnia‚quaesponsaesunt,accipiti

280 1099 338 1160 Hic
359 1101 419 1160 iam
443 1098 651 1161 dulcissimum
673 1099 882 1180 spectaculum
904 1098 1029 1180 prodit,
1064 1120 1120 1162 non

198 1183 298 1243 solum
323 1184 562 1262 communionis,
585 1182 639 1244 sed
662 1183 802 1243 salutaris
825 1180 898 1242 belli
920 1189 953 1243 et
974 1185 1119 1246 victoriae

199 1273 232 1327 et
252 1265 359 1327 salutis
381 1274 412 1327 et
441 1266 670 1347 redemptionis.
714 1266 788 1327 Cum
817 1265 899 1325 enim
921 1264 1066 1328 Christus
1086 1267 1120 1328 sit

194 1348 277 1409 Deus
301 1356 331 1409 et
352 1349 466 1429 homo,
502 1369 601 1430 eaque
622 1367 771 1430 persona,
800 1367 879 1427 quae
899 1367 961 1410 nec
981 1351 1120 1431 peccavit

196 1451 255 1492 nec
278 1434 413 1511 moritur,
436 1451 495 1494 nec
516 1432 687 1510 damnatur,
707 1431 761 1492 sed
783 1449 841 1491 nec
862 1450 1013 1514 peccare,
1035 1434 1118 1512 moti,

196 1515 333 1576 damnari
355 1523 474 1597 potest,
505 1518 631 1595 eiusque
653 1516 782 1595 iustitia,
816 1515 895 1594 vita,
918 1515 1023 1594 salus,
1045 1519 1119 1578 insu·

194 1599 354 1679 perabilis,
386 1607 530 1678 aeterna,
554 1599 750 1680 omnipotens
773 1605 834 1658 est:
877 1616 965 1678 cum,
987 1600 1119 1680 inquam,

195 1683 266 1743 talis
288 1701 422 1763 persona
443 1691 588 1764 peccata,
622 1690 768 1759 mortem,
802 1681 954 1741 infernum
985 1701 1118 1765 sponsae

196 1765 358 1846 propterlt
375 1766 520 1827 annulum
543 1765 682 1827 fideisibi
704 1765 889 1844 communia,
910 1765 976 1826 imo
999 1768 1118 1849 propria

193 1850 283 1930 facit,
314 1850 396 1910 etin
418 1850 455 1910 iis
477 1868 541 1911 uon
565 1848 653 1910 aliter
663 1847 695 1927 ²)
720 1847 882 1926 sehabet,
904 1866 999 1927 qnam
1023 1852 1050 1911 si
1071 1869 1120 1910 sue

188 1939 316 2009 esseut,
338 1933 467 2012 ipseque
488 1940 659 2013 peccasset,
680 1931 834 2006 laborans,
857 1932 1011 2012 moriens,
1034 1931 1118 1995 etad

193 2015 342 2076 infernum
362 2015 563 2095 descendens,
585 2023 619 2076 ut
640 2016 744 2076 omnia
756 2022 924 2095 superaret,
947 2024 1119 2096 peccatum·

195 2117 269 2178 que,
292 2117 373 2160 mors
397 2106 428 2160 et
448 2099 583 2159 infernus
606 2119 674 2159 eum
697 2098 863 2160 absorbere
891 2117 955 2159 non
984 2107 1119 2180 possent,

194 2183 369 2242 necessario
406 2184 436 2242 in
467 2184 536 2262 ipso
559 2182 704 2262 absorpta
726 2188 796 2242 sunt
823 2181 977 2261 stupendo
1009 2184 1118 2245 duello.

194 2263 271 2325 Nam
284 2265 399 2324 iustitia
411 2267 498 2340 sua³t
510 2267 644 2326 omnium
656 2266 792 2346 peccatis
804 2265 953 2344 superior,
965 2264 1117 2348 vitasua⁴l

196 2349 279 2407 omni
292 2355 390 2408 morte
402 2350 568 2428 potentior,
580 2348 663 2408 salus
676 2369 732 2409 sua
743 2349 826 2408 omni
834 2348 956 2409 inferno
968 2351 1118 2412 invictior.

276 2431 322 2490 lta
342 2429 377 2491 fit
398 2433 501 2493 anima
521 2431 637 2509 tidelis,
669 2451 843 2512 pererrem
879 2430 952 2491 fidei
985 2453 1063 2495 suae
1091 2435 1116 2493 in

195 2513 315 2575 Christo
329 2533 445 2594 sponso
460 2535 526 2594 sno,
550 2515 692 2576 omnibus
705 2516 841 2596 peccatis
858 2515 966 2591 libera,
990 2536 1011 2577 a
1023 2525 1116 2579 morte

195 2615 320 2674 secura,
351 2605 382 2658 et
403 2599 441 2660 ab
464 2600 584 2660 inferno
607 2605 687 2677 tuta,
711 2598 826 2660 donata
848 2606 975 2659 aeterna
999 2602 1117 2677 iustitia,

196 2682 268 2759 vita,
289 2681 388 2741 salute
411 2683 518 2762 sponsi
540 2683 586 2742 sui
601 2682 721 2743 Christi.
744 2682 795 2743 Sic
810 2681 1012 2744 exbibetsibi
1034 2703 1117 2766 spon·

194 2783 260 2825 sam
283 2765 349 2824 sine
371 2766 492 2825 macula
514 2772 546 2825 et
566 2785 651 2846 ruga,
674 2765 853 2847 gloriosam,
876 2765 1034 2828 mundans
1056 2785 1116 2829 eam

195 2847 319 2907 iavacro
342 2849 373 2908 in
397 2847 490 2909 verbo
506 2850 596 2926 vitae,
618 2848 717 2926 idest,
733 2847 893 2929 perfidem
909 2849 1009 2930 verbi,
1035 2853 1117 2926 vius,

194 2931 329 2990 iustitiae
362 2938 395 2991 et
417 2932 532 2993 salutis.
577 2931 627 2994 Sic
648 2941 778 3012 sponsat
806 2952 874 2993 eam
904 2932 964 2993 sibi
993 2938 1025 2995 in
1054 2933 1117 3008 ilde,

196 3014 227 3074 iu
261 3014 471 3075 misericordia
493 3022 524 3076 et
546 3016 810 3093 miserationibus,
832 3017 862 3075 in
885 3017 1003 3078 iustitia
1032 3027 1064 3079 at
1082 3019 1117 3077 iu·

197 3095 294 3174 dicio,
318 3104 350 3156 ut
370 3082 445 3158 llos.
467 3101 496 3162 2.
519 3098 601 3159 dicit.

281 3180 357 3254 Quis
380 3201 454 3262 ergo
493 3182 548 3242 has
569 3184 691 3263 nuptias
718 3183 839 3264 regales
861 3183 936 3241 satis
959 3183 1117 3246 aestimet?

196 3263 271 3338 Quis
294 3262 417 3323 divitias
455 3265 573 3345 gloriae
600 3267 720 3347 gratiae
742 3266 830 3327 huius
857 3267 1117 3346 comprehendat?

197 3347 246 3408 ubi
275 3345 360 3406 dives
384 3353 415 3407 et
435 3350 503 3428 pius
526 3348 575 3408 hic
603 3368 735 3429 sponsus
758 3349 895 3410 Christus
937 3350 1026 3412 ducit
1048 3371 1117 3413 uxo·

134 3484 136 3488 ,
196 3449 260 3490 rem
282 3430 363 3490 hanc
379 3432 616 3512 pauperculam,
639 3433 763 3512 impiam
787 3434 1027 3512 meretriculam,
1050 3435 1117 3497 redi·

267 3638 299 3704 1)
320 3636 350 3690 ln
371 3637 414 3690 ed.
435 3639 522 3705 orig.:
554 3653 672 3706 sponsae
701 3643 728 3689 et
756 3643 870 3706 propter
889 3641 1028 3695 annulum
1056 3641 1116 3694 fidei.

195 3708 228 3776 2)
250 3709 280 3761 ln
302 3709 344 3762 ed.
367 3708 451 3765 1521:
472 3726 523 3762 nec
541 3713 569 3762 in
582 3712 616 3762 iis
636 3709 724 3762 aliter.
744 3709 775 3777 3)
797 3710 915 3763 Ibidem:
937 3716 1119 3768 iustitiacius.

195 3780 227 3844 4)
248 3779 368 3834 Ibidem:
389 3782 445 3832 vita
464 3783 523 3833 eius
542 3810 576 3819 —
595 3781 671 3834 salus
690 3782 760 3833 eius.
