2346 4208
191 246 254 316 364
439 251 535 308 Resol.
557 251 587 308 L.
605 256 690 320 super
708 252 901 320 Proposidone

192 437 223 496 in
245 434 321 497 urbe
342 437 588 516 inquinatissima
612 445 643 498 et
664 441 910 518 corruptissima,
944 447 975 498 et
995 439 1113 519 agenti-

192 519 248 580 bus
270 521 458 600 impiissimis
482 521 707 600 adulatoribus,
744 522 783 581 de
811 524 888 601 ipsis
906 522 990 581 ⁴nihil
1020 523 1113 582 liceat

192 603 242 664 vel
263 605 382 682 mutire,
405 605 463 665 nisi
486 604 568 682 quod
585 612 728 684 portenta
749 607 809 665 ista
823 605 936 681 laudet,
957 604 1112 681 iustificat,

190 686 352 766 glorificet.
392 687 471 762 Quid
495 689 613 763 mirum,
636 690 661 747 si
684 688 739 748 sub
763 688 930 749 venerabili
951 689 1113 748 Romanae

192 767 344 831 ecclesiae
366 772 492 831 nomine
513 778 568 840 tot
590 771 671 830 mala
692 771 908 832 inundaverint
929 772 964 831 in
988 791 1111 831 omnem

192 853 355 913 ecclesiam
378 853 471 933 pleno
493 855 621 934 impetu,
644 862 676 914 et
697 856 872 934 praecipiti,
905 853 993 935 coil)
1018 875 1111 914 nemo

190 937 334 996 resistere
356 938 463 1015 possit,
485 939 614 1018 gurgite.
984 979 986 986 ·

273 1019 415 1098 Denique
450 1039 487 1080 eo
521 1020 648 1081 devenit
681 1021 783 1101 legum
811 1020 1021 1081 Romanarum
1051 1028 1112 1080 stu-

191 1100 274 1162 dium
303 1110 334 1162 et
356 1098 517 1182 Evangelii
540 1104 716 1184 neglectus,
749 1111 781 1163 ut
803 1123 931 1164 necesse
950 1103 1114 1164 habuerint

186 1191 327 1254 ⁴statuere
359 1188 389 1246 in
426 1186 559 1247 concilio
591 1187 777 1265 novissimo,
810 1189 945 1247 animam
975 1187 1111 1246 hominis

192 1287 262 1329 esse
282 1269 495 1333 immortalem.
542 1270 638 1345 Quid,
670 1277 776 1348 putas,
806 1271 868 1330 hoc
889 1269 1045 1330 decretum
1068 1271 1112 1329 in-

192 1350 295 1412 dicat?

274 1435 390 1514 ltaque,
421 1436 630 1514 unusquisque
651 1438 682 1496 in
715 1455 772 1497 suo
800 1435 932 1508 sensu2)
965 1434 1112 1511 abundet,

192 1517 264 1578 mihi
287 1518 488 1579 Decretorum
511 1525 634 1578 autores
657 1528 744 1595 sunt,
778 1518 945 1599 Gregorius
964 1518 1025 1600 lX,
1053 1518 1113 1578 Bo-

191 1600 320 1662 niiacius
342 1602 421 1676 Vlll,
444 1602 630 1668 ClemensV
666 1610 697 1662 et
719 1602 991 1682 Extravagantium
1014 1602 1114 1681 ponti-

190 1681 274 1745 fices.
318 1684 409 1758 Quod
431 1686 479 1745 his
506 1685 677 1764 agentibus,
706 1686 735 1745 in
759 1685 914 1764 publicum
947 1703 1055 1763 sparsa
1083 1692 1114 1744 et

192 1775 358 1848 praecepta
380 1776 467 1845 sunt,
497 1775 528 1828 et
549 1770 653 1828 omnia
676 1768 819 1830 stabilita.
863 1767 949 1842 Quae
971 1768 1115 1828 si'iostar

190 1851 388 1930 epistolarum
414 1851 572 1931 Gregorii,
598 1851 780 1931 Augustini,
802 1851 996 1930 Hieronymi,
1020 1851 1113 1910 Bern-

189 1932 287 2011 hardi,
311 1941 342 1994 et
365 1934 505 2013 aliorum,
527 1935 577 1994 vel
599 1936 629 1994 in
650 1935 857 2013 bibliothecis,
880 1934 931 1994 vel
952 1933 1041 2011 areis,
1056 1952 1113 2013 pro

189 2017 337 2096 cuiusque
358 2016 483 2077 arbitrio
506 2017 715 2093 consulenda,
750 2019 824 2077 citra
848 2017 941 2077 ullum
964 2035 1113 2096 praecep·

191 2105 253 2159 tum
287 2100 395 2160 relicta
416 2101 559 2177 luissent,
591 2101 709 2161 felicior
735 2107 817 2161 esset
839 2099 980 2160 ecelesia.
1023 2098 1114 2159 Nunc

190 2201 284 2257 vero,
314 2183 439 2260 quando
463 2185 589 2242 summis
612 2183 747 2244 articulis
770 2183 841 2244 fidei
863 2188 1048 2261 aequantur,
1072 2182 1112 2242 ab

190 2264 401 2326 adulatoribus
424 2274 527 2327 autem
550 2274 581 2327 et
597 2268 817 2346 praeferuntur,
839 2267 969 2326 fructum
990 2265 1111 2325 illarum

189 2348 354 2426 habemus,
377 2349 492 2411 ordinis
517 2350 718 2412 ecclesiastici
742 2350 971 2425 confusionem,
994 2350 1112 2408 consci-

190 2431 339 2491 entiarum
363 2433 532 2494 horrendas
555 2433 763 2512 carnificinas,
786 2432 945 2512 Evangelii
969 2432 1112 2509 ignoran-

191 2515 281 2589 tiam,
312 2516 460 2576 scelerum
484 2517 749 2596 impunitissimam
772 2516 945 2593 licentiam,
973 2513 1113 2574 adulato-

190 2616 255 2657 rum
271 2598 512 2660 Romanensium
536 2599 762 2660 odiosissimam
786 2597 988 2678 tyrannidem,
1011 2596 1114 2658 donec

190 2679 221 2740 id
245 2684 427 2759 meruerint,
456 2690 490 2742 ut
517 2683 572 2743 sub
602 2688 690 2742 vasto
720 2683 809 2743 coelo
839 2700 901 2742 non
931 2682 970 2740 sit
997 2699 1113 2740 nomen

191 2763 329 2825 odiosius
358 2775 389 2826 et
410 2765 639 2846 graveolentius
668 2766 794 2826 nomine
815 2765 976 2825 Romanae
999 2764 1112 2824 aurias.

274 2848 322 2907 Ex
344 2849 390 2908 his
413 2849 506 2909 credo
519 2849 659 2929 intelligi,
682 2868 731 2908 me
751 2868 814 2910 non
836 2848 931 2907 fuisse
952 2854 1014 2907 tam
1033 2865 1114 2907 cras-

192 2949 245 2990 sae
262 2932 471 3012 ignorantiae,
505 2939 539 2991 ut
565 2934 714 2993 nescirem
746 2933 840 3011 longe
868 2938 940 2991 ante
971 2929 1112 3008 quadrin-

191 3020 302 3094 gentos
324 3034 423 3074 annos
437 3015 569 3076 Decreta
590 3016 722 3076 Romani
745 3013 898 3095 pontificis
921 3019 1003 3074 nata.
1026 3012 1111 3074 Alio·

192 3098 263 3176 quin
287 3097 444 3175 quomodo
466 3106 567 3159 certos
591 3098 832 3177 quadringentos
855 3116 973 3173 annos,
996 3099 1028 3156 et
1047 3116 1112 3158 non

190 3179 258 3259 plus
291 3182 463 3242 autminus
486 3183 654 3261 potuissem
677 3181 826 3242 recitare?
857 3178 1014 3259 quomodo
1038 3179 1112 3241 iudi·

191 3280 272 3340 care,
306 3263 387 3342 quod
411 3273 516 3326 essent
537 3265 752 3345 frigidissima?
781 3262 937 3342 quomodo
967 3263 1112 3324 historias

191 3345 348 3425 allegare?
385 3348 541 3427 quomodo
571 3355 687 3409 textum
717 3347 891 3427 Scripturas
925 3346 1111 3407 contrarium

174 3429 351 3492 ⁸asserere?
379 3432 436 3491 nisi
465 3431 698 3511 diligentissime
726 3432 830 3491 omnia
858 3428 1059 3508 pervidissem
1083 3435 1111 3489 st

191 3511 411 3573 contulissem?
453 3514 501 3573 Ex
530 3515 576 3574 his
606 3513 724 3573 indiciis
758 3513 842 3573 volui
871 3518 981 3572 nasuto
1005 3512 1113 3573 lectori

191 3595 395 3671 satisfactum,
435 3604 467 3656 ut
500 3617 548 3657 me
584 3617 644 3656 non
675 3598 741 3656 sine
773 3615 866 3656 eausa
897 3596 941 3654 sic
968 3597 1113 3675 posuisse

191 3717 328 3724 ..η-...Ν
335 3719 340 3723 ,
350 3718 609 3725 ..ᾖ--.ῃφ--α-ψ

265 3768 293 3832 1)
312 3767 343 3819 In
363 3766 425 3820 edit.
447 3769 552 3836 priore:
572 3771 599 3820 et
618 3768 671 3822 cui.
708 3766 738 3832 2)
758 3765 878 3821 Ibidem:
899 3767 927 3817 in
947 3781 1033 3822 sensu
1050 3781 1112 3821 suo.
