2346 4208
174 240 238 308 424
424 243 468 300 ila
488 244 611 300 tonsio
631 243 665 299 ds
684 245 859 300 sonfsssions

200 455 204 470 ··
258 431 392 492 Possunt
422 439 524 492 antem
546 432 601 492 illa
622 432 668 491 sio
689 430 837 495 disserui:
870 431 944 492 Duo
963 438 1096 492 vestrum

174 516 366 594 eonvenitis,
404 523 436 574 ιιι
470 535 576 576 narras
607 515 710 594 prior,
748 515 801 576 ille
834 515 912 575 alter
943 515 1098 594 posterior

175 598 317 677 loquitur.
360 599 429 660 Non
455 599 544 678 igitur
565 597 731 658 admodum
754 597 905 659 solfioisus
923 599 964 658 sis
987 597 1026 658 de
1048 617 1097 674 eo,

174 679 258 760 quod
281 687 312 741 tu
335 681 422 757 diois,
446 681 500 741 sed
523 683 621 741 maior
644 700 717 740 oura
738 682 778 741 sit
799 679 838 741 ds
860 683 915 759 iis,
944 699 1024 758 quoe
1046 701 1097 740 au-

175 763 222 824 dis
244 764 282 824 ab
306 764 360 824 illo
383 766 491 840 altero,
515 766 566 843 qui
588 765 800 825 remissionom
823 770 1020 844 poooatorum
1039 764 1096 822 Dei

175 847 301 908 nomine
323 847 376 908 tibi
399 849 575 907 annunciat.

256 929 365 1010 Neque
387 930 514 990 multum
537 931 644 1001 refert.
668 931 733 990 sivo
755 932 781 989 is
803 931 842 990 sit
864 929 1022 1005 saosrdos‚
1045 938 1096 990 aut

172 1004 313 1093 poblious
336 1013 487 1073 eooiesiae
511 1014 656 1090 minister,
678 1014 743 1072 sive
765 1013 842 1072 alius
865 1012 988 1092 quidam
1013 1012 1097 1073 Chri·

175 1097 300 1157 stianus.
343 1095 420 1155 Nam
445 1097 588 1174 verbum,
621 1095 704 1174 quod
727 1097 878 1175 loquitur,
912 1115 974 1155 non
997 1113 1097 1172 suum,

174 1177 229 1239 ssd
251 1179 308 1240 Dei
331 1188 392 1256 est,
429 1185 461 1240 et
482 1180 563 1239 Dsus
598 1195 659 1239 non
692 1179 817 1239 minoris
847 1178 920 1238 iilud
943 1179 1096 1253 aestimat

174 1277 265 1341 quam
287 1262 312 1322 si
334 1262 400 1342 ipso
423 1273 521 1323 teoum
544 1263 664 1322 loeutus
687 1262 807 1340 fnisset,
830 1261 911 1322 adso
932 1263 964 1321 in
989 1280 1097 1324 omnes

173 1344 305 1424 angulos
329 1344 464 1404 divinum
487 1366 575 1405 sunm
600 1344 725 1405 verbum
748 1344 831 1405 Deus
854 1346 975 1424 sparsit.
1019 1346 1095 1404 Cum

174 1447 249 1510 orgo
277 1427 389 1507 ubique
414 1429 539 1490 verbum
561 1429 618 1489 Dei
641 1428 730 1488 nobis
761 1429 800 1487 sit
821 1429 1012 1507 expositum,
1046 1429 1096 1487 de-

175 1510 281 1571 bemus
304 1530 372 1571 oum
395 1515 559 1591 gratiarum
583 1512 705 1571 satione
734 1511 807 1570 illud
839 1512 1000 1590 ampiecti,
1034 1531 1094 1570 uon

173 1600 373 1654 oontsmnere
392 1602 446 1654 aut
466 1595 632 1675 negligere.

174 1715 176 1723 ι
256 1677 432 1754 Praeterea,
473 1677 731 1758 quemadmodum
769 1685 1013 1751 sacramentnm,
1054 1679 1096 1736 ita

173 1759 247 1821 illud
277 1761 417 1832 verbum.
451 1761 533 1841 quod
562 1780 598 1821 ex
626 1761 788 1820 sacerdote
815 1759 917 1832 audis,
952 1779 1014 1820 nou
1039 1762 1095 1820 nisi

172 1843 211 1914 ad
244 1851 326 1904 tuam
368 1864 529 1939 personam
566 1843 700 1903 refertur.
756 1843 789 1901 ln
823 1842 955 1922 publicis
994 1853 1094 1902 autam

174 1927 405 1988 oonoionibus
398 1948 428 1986 m
449 1928 557 2008 vulgus
581 1927 684 1985 evolat
706 1926 879 2020 promissio
904 1935 935 1985 et
955 1927 1095 2004 quamvis

173 2009 223 2070 ad
235 2017 265 2070 te
288 2029 411 2088 quoque
433 2013 599 2090 pertinent
638 2028 700 2068 non
724 2017 826 2068 tamen
863 2010 906 2068 ita
934 2018 1034 2069 oertus
1057 2010 1095 2068 de

132 2106 138 2122 ¹
174 2110 212 2154 ss
234 2111 303 2152 esse
326 2102 425 2172 potes.
471 2094 585 2153 Verum
605 2094 654 2152 hio
677 2091 736 2151 id
729 2112 759 2151 m
783 2091 980 2152 confessione
1001 2092 1041 2152 ad
1065 2101 1094 2152 te

174 2192 265 2236 unum
299 2177 422 2251 dieitur,
456 2187 489 2236 ιιι
525 2196 648 2256 prorsus
681 2175 756 2234 nihil
789 2175 827 2234 de
858 2175 1017 2235 voluntate
1038 2174 1094 2234 Dei

173 2277 246 2338 erga
283 2273 313 2316 te
334 2259 420 2318 dubit
408 2266 463 2320 tes.
509 2258 571 2319 lam
597 2260 621 2318 si
645 2259 711 2338 quis
739 2259 851 2318 esset
844 2277 874 2316 m
899 2257 974 2317 orbs
997 2259 1093 2329 loous,

172 2341 202 2399 iu
225 2359 286 2418 quo
310 2341 447 2401 Christus
469 2344 537 2421 ipse
559 2349 660 2402 tenum
683 2340 776 2400 veltet
800 2340 893 2418 loqui,
916 2341 979 2400 imo
1001 2359 1093 2421 anga-

175 2423 220 2482 ius
252 2423 393 2502 quidam,
429 2444 490 2484 non
513 2425 665 2499 Christus,
700 2442 739 2483 an
772 2443 834 2483 non
865 2422 904 2482 ad
938 2430 1094 2484 extremos

173 2524 268 2585 usqne
292 2506 395 2568 mundi
416 2508 547 2587 angulos
570 2507 723 2584 ourreres',
746 2516 779 2565 ιιι
800 2505 905 2566 audire
927 2506 1093 2566 coelestem

172 2607 279 2649 vooem
303 2591 424 2670 possis?

255 2671 341 2746 Quae
365 2692 438 2752 ergo
462 2682 510 2732 est
530 2674 583 2733 iiis
606 2674 746 2748 miseria,
781 2691 859 2750 quae
881 2671 934 2730 ilia
955 2671 1095 2747 stultitia,

171 2774 250 2833 qnae
271 2755 479 2837 ingratitudo?
511 2767 544 2815 ut
565 2756 639 2829 hoo,
665 2754 747 2833 quod
771 2753 860 2815 nobis
883 2753 1007 2829 dieitur,
1030 2773 1092 2814 non

171 2837 352 2899 audiamus?
386 2839 541 2918 Scriptura
564 2846 692 2899 testatur
714 2837 812 2897 Deum
837 2856 891 2917 per
913 2855 969 2896 nos
992 2846 1092 2896 teoum

172 2922 269 3000 ioqui
302 2941 400 3002 neque
435 2924 533 2981 minus
556 2924 586 2981 iu
611 2921 723 2981 nostris
747 2919 847 2980 verbis
868 2918 990 3000 pondus
1014 2939 1092 2995 esse,

170 3022 259 3083 qnam
283 3007 308 3065 si
329 3007 395 3084 ipss
417 3024 564 3085 praesens
594 3005 747 3085 praesenti
778 3004 966 3083 loqueretur,
997 3011 1029 3062 et
1050 3012 1093 3062 ta·

171 3107 239 3148 men
264 3089 437 3170 negligitur.

253 3170 303 3232 Sio
336 3174 415 3232 enim
445 3171 583 3231 Christus
613 3171 686 3229 dioit
714 3169 820 3230 Matth
852 3172 902 3232 tu:
936 3168 995 3230 Ubi
1030 3167 1092 3229 duo

172 3254 217 3312 vei
242 3262 303 3314 tres
327 3255 506 3336 oongregati
536 3261 607 3312 sunt
635 3254 665 3312 in
689 3254 813 3312 nomine
836 3271 923 3327 meo,
957 3251 998 3311 ibi
1024 3271 1091 3311 sum

170 3338 198 3396 in
223 3336 324 3398 medio
358 3357 474 3398 smmum
519 3337 592 3396 item
616 3335 720 3396 lohan
744 3339 799 3400 20·
833 3334 1093 3413 Quorumounqna

113 3452 118 3464 ·
170 3421 319 3480 remiserit
319 3422 344 3494 is
367 3431 511 3501 pensata,
543 3420 737 3479 remittuntur
759 3420 817 3495 eis,
839 3435 1092 3498 quorumeunque.

170 3504 365 3582 retinueritia
389 3511 509 3563 retenta
531 3510 610 3562 sunt.
654 3501 706 3562 sio
727 3501 842 3562 Dens
835 3520 902 3581 ipse
923 3501 1092 3562 absolutio

169 3603 237 3645 nam
267 3587 297 3645 in
322 3587 516 3647 confessione
544 3585 632 3656 dicit.
675 3583 934 3663 quemadmodum
967 3601 1091 3664 quoquo

168 3667 314 3729 infantem
337 3671 404 3749 ipse
427 3670 525 3746 Deus,
554 3687 615 3728 non
639 3667 800 3746 sacerdos,
822 3665 974 3748 baptizat,
995 3674 1026 3727 st
1048 3673 1091 3726 ta·

168 3771 237 3810 men
261 3750 398 3813 disemus
421 3772 478 3814 uos
503 3751 701 3814 confessione
724 3770 786 3810 non
809 3750 923 3811 habore
945 3749 1048 3829 opus?
