2346 4208
373 229 445 285 xllL
465 230 500 285 de
517 236 655 299 potestate
673 230 774 301 Papae.
972 230 1035 297 337

109 419 291 499 praecipere
312 418 384 479 illis.
428 417 474 479 Ita
486 418 609 481 Petrum
624 420 756 479 fatemur
770 421 941 501 principem
963 441 1035 502 apo·

112 502 272 581 stolorum,
294 502 427 583 primum
442 502 593 563 ecclcsiae
607 503 785 582 membrum,
798 510 890 583 caput
912 504 1034 587 collegii

113 585 301 666 apostolici,
323 592 356 647 et
376 585 454 663 alia,
478 585 616 664 quaeda
639 605 676 646 eo
699 586 731 648 S.
752 587 859 647 Patres
883 585 1034 647 dixerunt.

113 668 155 729 lla
175 666 322 729 ridemus
355 677 386 728 et
407 668 566 729 Romanos
600 668 762 749 pontifices
795 688 917 749 semper
941 670 1035 731 fuisse

117 752 300 831 honoratos,
324 758 357 813 ut
378 769 574 811 successores
597 752 694 828 Petri,
717 761 748 814 et
768 754 868 833 primo
890 752 962 813 loco
984 752 1035 814 ha-

117 833 199 901 bitos.
243 834 287 895 Et
307 834 339 893 in
361 834 423 895 hoc
443 844 529 895 recte
562 840 593 895 et
626 835 821 896 laudabiliter
849 844 951 897 actum
980 842 1036 913 est,

119 918 277 999 cogitur,
299 916 518 998 agendumque
541 925 588 979 cst
611 920 677 979 sine
700 919 834 998 querela.

192 1001 284 1061 Alter
306 1008 410 1063 autem
432 1003 579 1080 primatus
613 1004 775 1081 potestatis
804 1020 959 1081 nunquam
981 1001 1037 1062 fuit

122 1084 201 1145 letto
224 1082 335 1163 datus,
357 1084 429 1163 quia
451 1084 578 1164 quilibet
601 1086 813 1165 apostolorum
837 1086 903 1145 sine
926 1085 1037 1147 autori·

122 1172 176 1229 late
189 1166 275 1229 Petri
287 1166 480 1247 praedicavit
491 1168 696 1248 evangelium,
720 1169 885 1248 episcopos
902 1177 933 1228 et
954 1187 1036 1247 pres-

124 1248 239 1329 byteros
252 1249 409 1311 ordinavit
430 1249 551 1311 iulocis
574 1252 646 1311 suis.
690 1251 805 1311 Omnes
826 1270 846 1311 a
867 1251 935 1311 solo
954 1249 1036 1311 Chri-

125 1342 163 1395 rto
184 1341 259 1395 sunt
278 1333 452 1413 aequaliter
473 1334 567 1411 missi,
592 1340 622 1393 et
640 1334 824 1395 immediate.
867 1332 957 1393 Hunc
980 1334 1037 1413 pri-

125 1422 228 1478 uatum
251 1417 304 1477 isti
319 1416 530 1478 honestissimi
546 1416 689 1477 (lacones
712 1418 859 1495 ambiunt,
883 1423 914 1476 et
936 1414 1036 1477 verbis

125 1496 171 1559 tsi
192 1500 325 1561 abuntur
346 1500 377 1559 in
399 1499 479 1559 hanc
500 1499 693 1579 tyrannidem
706 1499 931 1562 stabiliendam.
975 1499 1036 1559 No·

125 1580 181 1643 lunt
201 1584 286 1645 enim
326 1582 422 1641 ullum
456 1583 636 1663 episcopum
664 1584 695 1642 in
719 1590 785 1645 toto
819 1582 933 1643 mundo
961 1581 1037 1659 fieri,

126 1665 174 1727 risi
193 1666 322 1747 pallium
358 1673 390 1726 et
421 1667 616 1727 autoritatem
635 1667 694 1727 Ro.
727 1665 883 1747 pontificis
915 1664 1036 1725 habeat.

126 1744 226 1811 liubi
248 1749 357 1809 Petrus
379 1768 450 1809 sese
472 1768 535 1808 non
558 1749 667 1810 extulit
683 1769 775 1829 super
796 1749 973 1829 apostolos,
995 1748 1036 1809 ibi

127 1832 202 1893 unius
223 1831 362 1913 apostoli
385 1850 560 1910 successor,
593 1833 688 1913 longe
711 1834 811 1893 minor
832 1851 887 1892 suo
910 1831 1036 1910 praede-

127 1931 240 1977 cessore
264 1916 363 1995 (sicut
384 1916 549 1995 episcopus
571 1915 754 1995 apostolo),
784 1935 846 1976 non
874 1922 1037 1975 contentus

127 1996 241 2059 lionoris
263 1999 413 2078 primatu,
447 2000 582 2058 omnium
617 1999 830 2078 apostolorum
853 1999 1035 2058 successori·

128 2078 173 2143 lus
199 2082 267 2143 vult
297 2081 449 2142 dominari
471 2082 502 2141 in
535 2089 689 2160 potestate
712 2089 743 2141 et
765 2082 928 2155 violentia,
965 2079 1037 2162 [sed

128 2182 177 2227 non
198 2167 294 2227 etiam
317 2165 375 2244 ipsi
397 2184 526 2244 pascere
548 2162 624 2245 etc]

216 2248 311 2311 Hanc
345 2249 496 2308 rationem
536 2249 681 2308 invictam
716 2268 841 2328 oppono
885 2245 1036 2319 omnibns,

128 2336 166 2410 qui
186 2334 332 2393 Romano
355 2329 493 2409 pontifici
516 2331 680 2391 adulantur
703 2351 794 2411 super
817 2333 910 2391 totius
934 2329 1037 2389 niundi

127 2412 264 2492 dominio,
288 2424 319 2473 et
342 2422 489 2492 exspecto
514 2434 581 2474 cum
605 2415 732 2491 fiducia,
762 2415 906 2493 quidnam
932 2420 1037 2472 contra

125 2501 236 2577 possint
259 2516 396 2573 movere,
419 2504 471 2556 aut
493 2500 630 2576 gannire.
654 2499 721 2573 Qua
744 2499 832 2556 simul
847 2498 952 2573 l'relus,
973 2504 1036 2555 tau-

125 2599 205 2661 quam
242 2581 434 2656 certissima,
465 2589 496 2639 et
529 2582 670 2641 omnibus
708 2582 870 2640 notissima
902 2581 1037 2655 veritate,

123 2682 181 2725 cum
201 2663 317 2725 fiducia
340 2664 513 2742 proclamo:
549 2663 638 2738 Quod
663 2666 807 2740 Decreta,
838 2680 1037 2742 quaecunque

121 2748 203 2810 aliter
215 2753 365 2824 statuunt,
379 2766 440 2806 non
455 2747 549 2806 modo
566 2748 761 2828 frigidissima
774 2756 852 2821 suut,
876 2745 929 2805 sed
946 2746 1036 2804 etiam

120 2832 272 2893 contraria
294 2829 418 2890 divinae
440 2830 629 2910 Scripturas,
662 2830 824 2911 evarrgelio
849 2836 879 2888 et
900 2828 1037 2904 Actibus,

120 2915 258 2997 epistolis
282 2913 504 2993 apostolorum.
548 2914 580 2973 ln
605 2913 713 2993 quibus
737 2922 797 2973 tram
822 2908 942 2989 crebre,
977 2919 1037 2970 tam

117 3007 233 3081 aperte,
258 2997 472 3077 apostolorum
494 2998 647 3076 aequalis,
671 3005 701 3057 et
725 2999 754 3056 iu
780 2996 894 3056 mundo
918 2995 1039 3054 diversa

117 3085 286 3146 commissa
307 3083 467 3160 provincia
488 3081 678 3158 describitur,
701 3088 813 3160 ntego
837 3099 899 3139 non
922 3080 1037 3159 possim

116 3168 189 3229 satis
211 3164 367 3241 admirari,
385 3184 454 3224 esse
467 3166 604 3245 potuisse
623 3183 755 3242 unquam
776 3172 836 3222 tam
860 3164 1038 3222 temerarios

114 3250 313 3325 adulatores,
353 3249 403 3326 qui
425 3255 533 3308 contra
554 3247 631 3306 haec
653 3247 780 3306 fulmina
802 3246 976 3326 Scripturas
999 3247 1040 3304 lu-

115 3354 201 3395 mum
225 3351 313 3391 suum
339 3338 490 3390 terrenum
515 3332 619 3391 levare
641 3330 803 3405 auderent,
838 3329 899 3389 hoc
921 3348 1038 3389 succes-

113 3419 178 3481 sori
202 3416 286 3476 Petri
309 3416 458 3494 episcopo
483 3421 677 3494 arroganteS,
708 3412 789 3492 quod
816 3432 872 3472 nec
894 3412 1038 3491 apostolo

113 3502 209 3563 Petro
234 3498 468 3579 praedecessori
497 3517 630 3576 uuquam
660 3497 842 3576 permissum
878 3505 931 3554 est.
975 3496 1040 3555 Nec

114 3592 221 3646 tamen
247 3583 393 3660 mirarer,
427 3582 452 3640 si
474 3581 505 3639 id
533 3580 632 3640 solum
662 3587 858 3659 arrogarent,
891 3598 949 3638 nec
980 3579 1040 3639 hoo

116 3685 279 3747 quererer,
315 3664 370 3723 sed
406 3663 488 3742 quod
522 3664 593 3722 huic
616 3662 809 3742 arrogantiae
831 3668 1039 3742 repugnantes

117 3751 293 3830 Scripturas
334 3748 497 3807 maluerint
536 3765 750 3825 corrumpere,
797 3763 887 3822 quam
931 3764 1039 3826 repug-

145 3867 238 3921 Lutlpcrl
253 3876 305 3915 opp.
321 3865 347 3905 V.
360 3866 386 3904 A.
401 3866 429 3904 ad
444 3866 483 3904 res.
498 3865 548 3904 hist.
563 3865 576 3901 i.
590 3876 610 3912 p
630 3864 676 3903 Vol.
688 3864 727 3903 ΙΙΙ.
842 3832 881 3894 22
