2346 4208
491 238 702 330 Disputusiidbes¹

237 560 564 682 Disputationes
593 564 641 657 D.
671 563 723 658 n.
753 534 951 657 botheri.

214 750 461 829 Disputationuro
490 751 687 829 plurimarum
720 751 889 827 materiae,
927 764 1051 827 qnae-n

129 829 1050 896 reverendol).MartinoLutheroabunnoOhristiM.D.XlX.

131 935 229 995 usque
262 915 299 975 ad
329 935 442 976 annum
476 917 516 978 M.
539 917 574 976 D.
596 917 688 978 XLV.
715 916 900 998 propositae
928 919 1001 974 sunt
1025 912 1050 971 in

131 999 239 1060 schola
260 1007 292 1058 et
312 998 443 1060 lideliter
464 1001 655 1079 explicatae,
677 1000 708 1060 in
731 1000 840 1079 quibus
865 996 1051 1058 animadver-

132 1088 176 1142 tet
197 1082 264 1162 pius
277 1082 383 1161 lector,
406 1088 569 1161 postquam
585 1083 753 1144 adversarii
774 1101 874 1163 purae
897 1080 1051 1142 doctrinae

130 1165 292 1244 Evangelii
315 1184 495 1244 oppugnare
525 1186 574 1226 res
597 1187 686 1227 veras
708 1186 727 1226 a
747 1167 784 1226 D.
807 1165 946 1225 Lnthero
969 1160 1050 1223 tradi-

131 1254 178 1308 tos
201 1253 380 1326 coeperunt,
404 1249 549 1328 paulatim
574 1250 745 1310 doctrinam
767 1249 937 1308 salutarem
962 1246 1051 1327 magis

132 1331 292 1410 magisque
312 1330 497 1392 illustratam
520 1351 599 1393 esse.
642 1333 769 1393 Multum
801 1332 884 1392 onim
909 1330 989 1390 lucis
1009 1326 1051 1388 od-

131 1414 207 1474 duot
246 1413 512 1493 Propositionibus
560 1415 713 1496 prioribus
758 1420 937 1494 sequentes.
984 1412 1050 1473 (lum

131 1503 234 1557 eutem
255 1499 412 1576 praecipui
435 1498 554 1558 articuli
569 1498 938 1567 doctrinanhristianae
961 1497 991 1555 in
1013 1493 1051 1553 his

130 1578 395 1659 Propositionibus
428 1581 545 1642 erudita
585 1588 617 1641 et
657 1583 820 1661 perspicue
855 1581 1052 1660 explicentur,

130 1681 225 1743 saepe
246 1662 398 1742 legendae
420 1671 499 1743 sunt,
522 1671 554 1724 et
575 1665 674 1726 lectae
696 1666 765 1745 pios
777 1664 897 1724 utiliter
919 1661 1053 1723 erudisnt

131 1752 162 1807 et
184 1745 467 1823 confirmaturos).

317 1945 521 2027 Philippus
544 1945 866 2025 Melanchthon1)

338 2105 341 2110 .
420 2029 580 2092 Lectori
603 2029 633 2092 S.
660 2028 762 2112 D.**)

117 2190 120 2207 ‘
215 2180 365 2261 Congessi
387 2183 418 2240 in
441 2201 584 2242 acervum
607 2183 725 2262 aliquot
746 2181 984 2260 Propositiones
1003 2179 1052 2240 Lu·

131 2263 208 2323 theri
231 2282 298 2323 cum
322 2262 363 2325 ob
385 2265 461 2324 alias
485 2284 611 2343 causas,
646 2272 708 2325 tum
738 2265 810 2344 quia
832 2283 947 2344 graves
972 2281 1051 2342 quos·

131 2347 201 2406 dam
224 2346 313 2408 locos
336 2346 496 2408 doctrinae
520 2348 713 2408 Christianae
736 2348 916 2423 continent,
950 2347 1001 2425 qui
1020 2365 1052 2403 ex

131 2429 177 2489 his
213 2429 356 2489 brevibus
397 2431 557 2490 sententiis
589 2432 698 2492 melius
734 2432 884 2511 cognosci
917 2434 1052 2510 possunt,

132 2531 222 2591 quam
249 2531 288 2572 ex
311 2514 431 2593 magnis
454 2514 583 2574 aliorum
606 2514 821 2576 voluminibus.
844 2513 913 2572 Has
937 2518 1053 2572 senten·

131 2597 192 2656 tiae
215 2597 344 2675 primum
368 2598 567 2657 restituerunt
596 2598 626 2657 in
650 2598 748 2658 lucem
770 2615 879 2676 puram
903 2593 1053 2676 evangelii

131 2678 301 2738 doctrinam
327 2677 365 2738 de
387 2681 595 2759 poenitentia,
632 2681 670 2741 de
701 2701 757 2740 usu
779 2685 1051 2750 sacramentorum,

131 2760 170 2820 de
192 2761 426 2840 iustificatione,
461 2763 544 2842 quod
577 2763 653 2823 fides
681 2765 712 2823 in
736 2763 889 2823 Christum
913 2760 1055 2821 iustificat

131 2860 235 2902 corum
257 2845 342 2919 Deo,
370 2864 431 2904 non
456 2865 590 2925 operas
611 2847 700 2907 nobis
722 2842 859 2919 iacta2).
905 2845 976 2905 Hae
1009 2861 1054 2902 res

129 2930 221 2984 antea
243 2927 387 2987 iacebant
409 2928 537 2988 obrutae
560 2931 774 3009 nugacissimis
797 2926 1054 3006 disputationibus

129 3006 360 3090 Theologo‘rum
385 3017 416 3070 et
438 3011 689 3091 Canonistarum,
719 3012 749 3072 id
779 3010 861 3091 quod
887 3017 964 3070 tunc
986 3011 1054 3070 fate-

136 3199 560 3210 -——..--—————

205 3304 233 3363 l)
256 3303 527 3370 Melanchthon‚
556 3321 610 3357 non
632 3303 835 3358 Melanthon
866 3304 1003 3371 scripturn
1023 3303 1055 3354 le·

129 3375 204 3441 gitur
222 3374 251 3424 in
271 3374 333 3427 edd.
352 3376 424 3431 1530
443 3383 469 3430 st
490 3377 567 3432 1538.
607 3377 636 3438 2)
657 3378 687 3427 ln
708 3374 750 3428 ed.
771 3375 829 3426 len.
851 3373 921 3429 1556
943 3375 1056 3444 iegitur:

128 3443 202 3512 quod
223 3444 275 3498 tide
295 3453 409 3514 propter
429 3448 566 3500 Christum
590 3448 675 3499 filium
696 3447 748 3500 Dei
768 3447 940 3513 accipiamus
964 3447 1054 3498 remis

127 3517 234 3568 sionem
255 3524 431 3583 peccatorum
450 3526 477 3572 et
488 3521 746 3583 reconciliationem,
763 3523 790 3571 et
808 3519 873 3569 iusti
885 3523 1056 3585 reputemur,

126 3600 181 3639 non
202 3593 315 3655 propter
333 3595 430 3642 nostra
449 3607 543 3660 opera.

200 3659 230 3724 ¹³)
262 3659 337 3712 Haec
356 3665 473 3728 repetita
501 3669 566 3715 sunt
602 3679 638 3714 ex
658 3659 722 3712 edit.
742 3657 812 3726 Opp.
833 3659 916 3711 Luth.
939 3661 1053 3714 lenensi

126 3744 151 3784 a.
189 3730 268 3787 1556.
297 3730 344 3795 *Ἴ
364 3733 439 3786 Haeo
458 3732 592 3802 praefatio
616 3734 720 3800 legitur
744 3732 773 3782 in
797 3729 971 3786 editionibus
995 3734 1056 3786 Pro·

118 3807 299 3881 positionum
319 3808 387 3862 anni
408 3807 478 3865 ibib
497 3811 527 3861 at
542 3806 625 3872 nobb.
635 3807 671 3856 'un
687 3803 732 3856 eu.
747 3803 819 3856 ibae
833 3802 923 3855 uaeas.
