2346 4208
268 242 303 298 de
322 242 372 297 illo
391 240 494 298 Christi
512 242 599 299 dioto:
621 244 706 312 Vade,
727 244 816 300 vende
834 248 884 300 eto.
979 242 1042 310 447

122 431 320 512 evangelium
352 429 480 492 damnat
512 438 545 494 et
578 432 755 514 conouleat,
789 451 844 515 per
870 453 942 496 suas
963 432 1044 497 blas·

123 514 264 599 phemias
286 516 318 575 in
340 515 406 576 iure
430 516 593 577 eanonioo.

187 599 237 662 54.
259 598 424 659 Politieum
445 617 508 659 non
526 618 600 661 esse
624 600 789 679 eonvin'oit,
810 600 894 680 quod
915 602 982 662 iura
1003 601 1042 662 ei-

127 681 202 741 vilia
224 681 280 744 sibi
300 681 440 759 subieeit,
464 683 543 743 sieut
564 690 596 743 et
616 683 820 764 evangelium.

187 767 237 829 55.
259 764 503 827 Oeoonomioum
541 785 605 827 non
641 786 710 828 esee
741 768 912 847 convincit,
960 766 1043 847 quod

122 848 248 928 nuptias
271 856 302 909 et
324 850 500 930 coniugium
521 850 681 932 prohibet,
712 850 821 929 quibus
848 851 964 914 libitum
986 856 1042 935 est,

121 950 186 991 non
208 937 326 992 tantum
348 931 568 994 sacerdotibus.

185 1017 234 1079 56.
258 1015 318 1077 Sed
340 1022 388 1076 est
408 1015 483 1076 illud
506 1022 692 1097 monstrum,
723 1017 761 1077 de
784 1036 844 1097 qno
867 1017 978 1077 Daniel
1001 1015 1044 1076 di·

123 1098 175 1176 oit,
198 1097 281 1176 quod
303 1097 483 1159 adversatur
505 1100 589 1161 omni
613 1097 683 1175 deo,
704 1101 804 1160 etiarn·
822 1099 881 1161 deo
896 1100 1043 1161 Deorum.

142 1214 157 1230 ιι
184 1183 234 1246 57.
256 1180 296 1241 Et
317 1182 400 1261 quod
421 1182 534 1243 Paulus
554 1181 693 1243 Danielis
726 1178 832 1245 verba
845 1189 968 1244 secutus
991 1200 1044 1244 vo·

122 1270 173 1406 pat
195 1264 403 1325 adversarium
427 1266 494 1345 Dei,
516 1266 673 1328 hominem
696 1268 833 1346 peeoati,
856 1266 952 1328 filium
976 1285 1044 1349 per·

143 1347 257 1409 itionis.

190 1449 240 1513 58.
264 1448 370 1509 Nostri
379 1447 525 1509 Germani
534 1448 817 1528 vooantffieettoolti,
830 1448 912 1529 quod
925 1448 1046 1528 Graeei,

126 1531 153 1591 si
174 1532 255 1593 forte
277 1538 384 1594 notum
405 1532 466 1592 illis
488 1532 605 1611 fnisset,
628 1531 779 1593 dixissent
800 1527 1013 1619 ἅρκτόλυκον.

187 1634 237 1697 59.
259 1633 328 1694 Hoo
340 1632 454 1694 animal
470 1632 560 1714 lupus
573 1639 621 1694 est
634 1631 770 1714 quidem,
789 1632 843 1694 sed
860 1653 880 1694 a
891 1632 1044 1695 daemone

122 1721 262 1796 arreptus
287 1716 404 1785 lacerat
426 1716 547 1796 omnia,
583 1724 615 1778 et
637 1717 767 1779 elabitur
789 1716 930 1779 omnibus
951 1716 1044 1779 vena·

123 1798 203 1859 bulis
226 1805 257 1859 et
279 1801 381 1864 armis.
408 1800 411 1805 ’
817 1852 821 1858 .

188 1885 236 1946 60.
260 1881 308 1943 Ad
332 1881 414 1962 quod
437 1882 672 1963 opprimendum
688 1884 881 1945 necessarius
904 1889 952 1945 est
974 1902 1046 1945 oon

124 1983 233 2025 oureus
257 1967 394 2027 omnium
415 1985 566 2048 pagorum
590 1972 622 2027 et
639 1965 833 2047 oppidorum,
855 1967 1045 2048 singulorum

125 2052 157 2111 et
179 2049 315 2110 omnium
339 2050 483 2127 virorum,
506 2050 626 2110 etiamsi
648 2051 693 2110 sio
715 2049 839 2111 tandem
862 2049 982 2114 evadat.

189 2135 240 2197 61.
260 2132 325 2193 Neo
354 2140 401 2194 est
429 2131 480 2193 hio
512 2131 723 2277 exspectanda
750 2133 858 2194 iudicis
882 2133 1045 2214 sententia,

124 2219 179 2275 aut
201 2216 323 2276 oonsilii
344 2217 504 2295 autoritas,
527 2235 560 2279 se

123 2297 246 2359 Inmites
269 2304 301 2360 et
322 2301 500 2362 necessitas.

133 2384 136 2389 ’
186 2384 234 2446 62.
258 2381 349 2457 Quod
373 2382 398 2443 si
422 2382 524 2443 laesus
555 2382 665 2462 aliquis
687 2383 777 2446 fuerit
797 2403 854 2465 per
874 2382 936 2446 hoo
958 2399 1046 2445 mon·

125 2469 231 2546 strum,
254 2464 328 2527 dum
341 2464 547 2527 occidendum
565 2469 768 2546 persequitur,
790 2464 875 2529 nulla'
888 2469 1045 2530 eonscien-

124 2550 168 2610 tia
189 2538 412 2629 perseoufionis
441 2555 578 2628 tenetur,
608 2548 664 2610 sed
692 2549 885 2631 poenitentia
913 2549 953 2611 de
981 2569 1045 2636 non

123 2651 241 2693 ooorso.

190 2736 239 2799 63.
260 2732 330 2796 Nee
351 2737 398 2793 est
419 2733 470 2793 hio
485 2732 668 2813 ourandnm,
690 2734 716 2794 si
737 2732 833 2793 iudex
852 2733 1046 2799 antrustione

123 2817 157 2877 in
192 2837 273 2898 pago
308 2817 369 2877 hoe
402 2816 516 2877 animal
542 2817 646 2880 iubeat
672 2816 801 2878 liberum
838 2815 964 2896 dimitti,
995 2814 1046 2877 ve‘l

125 2900 219 2962 etiam
246 2898 402 2960 defendat.

192 2982 242 3049 64.
264 2982 343 3044 Nam
364 2983 458 3043 iudex
482 2988 514 3046 et
533 2983 663 3044 rusticus
687 2989 829 3044 tenentur
849 3001 944 3045 nosse
955 2983 1045 3045 huius

125 3068 254 3127 monstri
271 3074 421 3148 naturam,
444 3072 476 3128 et
497 3086 553 3148 per
573 3086 644 3129 sese
666 3066 763 3148 magis
777 3067 931 3147 persequi,
953 3085 1015 3146 qua

124 3151 183 3230 ipsi
205 3158 429 3230 persecutores.
525 3198 527 3203 .
1002 3188 1004 3192 »

191 3253 240 3316 65.
263 3250 354 3326 Quod
384 3252 410 3311 si
437 3250 531 3311 iudex
559 3256 592 3312 et
617 3251 720 3311 rustioi
749 3269 766 3310 a
797 3251 1045 3331 persecutoribus

125 3334 213 3396 istius
241 3335 369 3394 monstri
403 3334 581 3395 ooeideutur
611 3335 642 3395 in
669 3340 758 3397 tanto
791 3333 936 3414 tumultu,
970 3333 1045 3394 nihil

124 3418 253 3478 iniuriae
275 3419 320 3477 eis
342 3417 461 3479 illatum
482 3424 538 3479 est.

190 3500 327 3581 66.1n,
361 3502 385 3560 si
414 3520 496 3582 papa
524 3501 640 3563 bellum
667 3500 812 3578 moverit,
841 3499 1045 3562 resistendum

127 3589 175 3644 est
196 3585 224 3644 ei
254 3584 333 3644 sieut
364 3592 501 3646 monstro
524 3584 640 3646 furioso
663 3590 695 3644 et
723 3582 869 3663 obsesso,
898 3603 951 3644 seu
972 3602 1045 3645 vere

126 3663 333 3754 ἆρκτολύκῳ.
541 3730 543 3737 ,

189 3752 239 3816 67.
261 3749 331 3811 Non
354 3750 435 3812 enim
457 3754 505 3812 est
527 3750 711 3831 episeopus,
737 3767 839 3829 neque
859 3747 1044 3833 haereticus,

604 2215 808 2298 expendenda
827 2235 974 2298 praesens
997 2214 1046 2278 eass
