2346 4208
309 277 383 337 1111.
402 277 437 335 da
454 282 592 351 potestate
614 280 713 349 Papae.
917 274 980 345 309

92 467 218 531 .clavas
241 487 306 530 non
337 487 407 529 esse
440 469 530 529 ullius
552 468 686 530 hominis
708 467 889 551 singularis,
924 466 979 529 sed

92 550 206 615 alasiae
229 558 262 613 et
275 552 515 632 communitatis,
537 559 570 613 ut
582 550 700 613 firmum
713 552 763 631 sit,
784 549 979 613 sacerdotem

92 654 117 697 m
136 654 195 697 suo
208 636 286 719 iure,
310 634 366 697 aad
381 635 548 697 ministerio
563 637 654 716 (quia
675 635 827 697 ecclesiae
842 635 981 695 minister

92 724 120 793 l)
142 718 299 781 eeclesiae
321 718 458 779 clavibus
482 720 540 797 uti,
580 738 638 781 neo
667 724 812 799 tanquam
843 719 905 779 suis
928 724 981 778 aut

92 802 124 881 si,
142 800 200 863 sed
222 800 376 863 eeclesiae
398 801 528 865 traditis.

134 900 238 973 Credo
266 902 329 963 iam
356 902 435 963 haec
464 903 560 964 ferme
597 896 687 962 tidem
727 902 860 978 lactura,
894 899 975 961 hanc

92 984 201 1047 rtlbaei
223 987 421 1047 autoritatem
451 1006 552 1066 neque
577 984 616 1045 ad
639 985 778 1063 Petrum,
809 982 970 1063 nequead

92 1086 285 1147 messorem,
313 1087 415 1149 neque
443 1068 482 1130 ad
511 1088 603 1129 unam
631 1068 766 1148 aliquam
804 1066 966 1127 ecclesiam

92 1150 110 1213 d
137 1150 179 1213 ad
202 1168 313 1213 omnes
336 1152 483 1213 ecclesias
505 1152 667 1233 pertinere.
709 1113 978 1293 Quiaqlutdixiil

92 1234 122 1295 ris
141 1236 258 1316 poterit
280 1253 411 1316 negare,
444 1235 489 1295 illi
524 1253 594 1296 esse
621 1235 724 1295 claves
745 1239 792 1295 tra
815 1234 893 1313 itas,
926 1250 979 1311 qm

92 1316 214 1381 velante
233 1317 324 1379 Patre
353 1318 506 1380 Christum
542 1316 725 1379 comitetur?
763 1315 831 1392 Quo
860 1317 979 1396 posito,

92 1418 185 1463 cesse
206 1407 265 1479 est,
288 1408 333 1482 ut,
355 1400 409 1463 ubi
431 1402 471 1463 sit
480 1401 628 1463 revelatio
651 1401 748 1461 Patris
772 1406 802 1460 et
825 1398 979 1460 confessio

92 1484 176 1561 tristi,
197 1483 263 1545 illic
285 1491 317 1545 st
338 1485 451 1545 claves.
495 1484 537 1545 At
558 1484 637 1546 haec
658 1486 689 1544 in
711 1482 848 1562 qualibet
882 1482 980 1543 eccle-

92 1576 185 1646 reet,
209 1585 272 1629 non
296 1574 399 1629 autem
421 1569 452 1627 in
476 1567 539 1629 ullo
564 1586 626 1628 uno
640 1566 787 1648 singulari
809 1572 840 1627 et
860 1566 978 1626 incerto

92 1666 190 1711 omine.

135 1766 228 1843 Quod
250 1772 284 1828 ut
305 1767 444 1828 Christus
477 1768 567 1829 nobis
598 1767 845 1842 commendaret,
877 1766 980 1826 stetim

92 1856 130 1911 ost
171 1850 319 1911 loriosam
341 1852 432 1911 istam
454 1850 535 1911 Petri
557 1849 877 1927 commendationem,
912 1867 980 1908 cum

92 1950 125 1995 m
143 1870 252 1995 denus
273 1932 443 2013 probibuit,
464 1952 504 1994 oe
525 1940 714 2010 moreretur,
737 1932 869 1993 audivit:
893 1931 981 1993 Vade

92 2022 131 2077 oet
149 2036 209 2096 me,
221 2016 348 2095 Bataua,
371 2036 433 2077 non
451 2017 532 2077 enim
546 2018 629 2098 sapis
644 2037 691 2097 ea,
715 2035 794 2096 quae
808 2016 866 2076 Dei
889 2015 980 2076 sunt?

92 2098 139 2171 niu
159 2100 220 2161 boc
248 2099 315 2159 est?
349 2119 412 2159 non
435 2101 515 2180 sapit
541 2101 664 2177 Petrus,
699 2119 778 2180 quae
801 2100 859 2158 Dei
888 2099 980 2159 sunt?

92 2198 161 2243 oooe
183 2183 274 2243 Pater
295 2182 446 2243 revelavit
468 2183 517 2243 ei?
541 2183 572 2244 Si
592 2183 670 2242 haec
692 2188 764 2245 ante
783 2181 980 2243 commenda-

92 2280 174 2327 ouem
195 2265 279 2326 Petri
300 2265 383 2325 lacta
404 2266 550 2340 luissent,
581 2265 695 2344 aliquid
719 2267 866 2326 momenti
889 2266 981 2325 habe·

92 2354 143 2423 ent,
175 2348 299 2409 Petrum
331 2368 386 2428 pro
421 2369 477 2408 sua
506 2356 537 2409 et
574 2368 787 2411 successorum
816 2356 870 2408 aut
891 2350 980 2408 unius

92 2430 210 2493 eclesiae
232 2450 368 2512 persona
397 2432 491 2491 luisse
525 2432 793 2510 commendatum,
827 2438 859 2491 at
890 2451 981 2507 nunc,

92 2530 133 2575 um
151 2521 223 2595 post
245 2514 547 2575 commendationem
569 2517 779 2595 vituperetur,
802 2521 835 2574 ut
857 2516 981 2594 ignarus

92 2596 129 2675 lei,
153 2597 270 2659 clarum
293 2596 340 2676 fit,
363 2597 448 2657 illum
472 2599 662 2678 superiorem
684 2599 823 2671 Petrum,
847 2598 898 2676 qui
920 2596 981 2657 cle-

92 2696 118 2737 os
143 2681 281 2763 accepit,
320 2699 382 2741 non
414 2682 507 2742 fuisse
529 2682 651 2742 Petrum
685 2681 779 2741 lilium
803 2681 864 2740 Bar
891 2680 982 2753 lona,

92 2760 120 2822 sl
145 2764 308 2825 ecclesiam
340 2756 434 2825 liliam
458 2765 530 2841 Dei,
568 2784 647 2843 quae
675 2765 769 2825 verbo
791 2765 848 2823 Dei
879 2763 983 2844 genita

92 2844 185 2907 elbum
214 2848 275 2908 Dei
304 2846 391 2906 audit
426 2854 456 2907 et
489 2846 651 2908 confitetur
690 2857 923 2928 perseveranter
952 2847 982 2905 in

92 2946 170 3008 nem,
199 2950 265 2991 non
287 2929 453 3008 aliquando
482 2950 545 2992 non
577 2932 699 3011 sapiens
723 2950 802 3009 quae
823 2931 881 2990 Dei
903 2936 982 3005 sunt,

93 3016 197 3074 trctro
223 3012 309 3073 abire
331 3014 423 3092 iussa,
446 3015 525 3073 sicut
545 3014 662 3075 Petrus.

146 3129 218 3207 Aut,
245 3131 272 3189 si
288 3128 350 3190 hoc
371 3129 410 3190 ad
431 3132 604 3191 Romanum
629 3130 804 3211 pontificem
836 3136 867 3190 et
888 3128 983 3189 eccle-

93 3208 142 3271 iam
163 3213 313 3293 pertinet,
347 3214 428 3292 quod
451 3214 489 3274 ad
510 3214 632 3274 Petrum
657 3212 779 3275 dicitur:
813 3213 881 3274 Tibi
904 3211 984 3272 dabo

92 3290 181 3373 bras,
216 3298 278 3357 iam
302 3297 504 3378 irrefragabili
528 3298 655 3376 sequela
680 3299 771 3358 etiam
793 3295 832 3356 ad
854 3294 984 3356 eandem

92 3378 104 3435 t
118 3378 189 3440 illud
205 3379 387 3460 pertinebit:
410 3381 498 3440 Vade
513 3387 586 3460 post
607 3400 666 3457 me,
682 3380 805 3455 Satara
829 3380 985 3440 nonenim

92 3463 147 3539 qis
169 3482 249 3542 quae
271 3463 331 3522 Dei
354 3471 440 3543 sunt,
474 3465 545 3543 quia
567 3464 697 3524 ethaeo
719 3462 757 3523 ad
780 3463 902 3522 Petrum
925 3462 983 3522 Ro-

92 3559 173 3606 ssauae
194 3546 348 3606 ecclesiae
370 3546 500 3606 futurum
515 3548 693 3627 episcopum
708 3546 789 3606 dicta
811 3551 890 3606 sunt.
913 3544 985 3622 Aut,

92 3623 192 3688 lhaec
225 3648 288 3690 non
322 3628 362 3688 ad
401 3649 435 3689 se
467 3632 619 3709 pertinere
656 3636 780 3709 putant,
813 3629 873 3688 iam
902 3626 986 3688 nulla

92 3709 180 3772 atione
203 3713 390 3772 convincere
412 3721 543 3793 possunt
567 3733 619 3790 ea,
642 3731 720 3793 quae
742 3712 880 3793 superius
904 3710 986 3771 diota

94 3800 137 3853 unt
156 3794 194 3855 ad
217 3795 434 3879 sepertinere.
