2346 4208
207 289 270 359 116
396 291 551 361 Disputatio
570 291 678 360 Lipsiae
697 290 792 345 habita
811 306 838 348 a.
858 288 918 344 xta·
981 344 984 354 ,

577 476 752 539 Flauius.

289 644 419 724 Nescio,
456 641 528 721 quid
549 641 737 702 reverendus
760 642 850 703 Pater
873 641 1070 722 velit,'quod
1089 639 1131 702 ah·

132 734 136 744 ’
206 729 294 789 initio
326 727 476 787 sermonis
511 724 608 803 dicit,
644 744 694 785 me
727 726 801 786 nihil
834 724 1058 807 respondisse,
1097 732 1132 789 et

208 817 312 871 tamen
334 812 365 869 in
389 811 454 870 eius
476 827 625 889 procursu
647 807 817 869 solutiones
839 828 924 869 meas
954 809 1020 869 heri
1042 806 1121 868 dates

207 895 338 954 invictas
361 899 392 953 et
414 891 642 954 robustissimas
663 892 770 952 nititur
790 892 978 973 infringere3
1014 910 1054 952 an
1076 888 1121 951 illa

207 976 264 1037 sibi
287 981 439 1055 constent,
461 977 528 1054 ipse
551 973 670 1035 viderit.
958 1042 963 1055 .

290 1058 424 1135 Deinde,
447 1056 530 1138 quod
552 1059 717 1119 autoritate
739 1057 861 1118 concilii
883 1055 1121 1118 Constantieusis

208 1161 270 1202 non
293 1141 359 1202 vult
380 1160 414 1202 se
436 1141 552 1214 artari,
590 1138 701 1200 viderit
722 1142 808 1220 ipse,
845 1139 971 1200 videant
1002 1138 1122 1215 iudica,

206 1243 297 1304 quarn
319 1226 400 1285 iuste
421 1225 534 1284 fecerit.
580 1223 728 1283 Nicenam
752 1223 906 1303 synodum
930 1242 994 1283 non
1016 1238 1122 1303 respuo

196 1310 236 1367 in
260 1309 318 1388 iis,
357 1327 436 1386 quae
459 1312 530 1366 sunt
551 1305 622 1367 fidei
647 1313 739 1385 atquc
761 1325 863 1367 mores
885 1306 1076 1386 respiciunt,
1095 1310 1123 1364 nt
1161 1338 1165 1345 ·

205 1390 415 1450 ordinationes
443 1390 659 1469 episcoporum
693 1409 749 1469 pro
781 1390 929 1469 qualitate
950 1395 1120 1469 temporum

161 1482 166 1493 ‘
206 1479 237 1533 et
258 1473 396 1535 locorum
409 1473 528 1532 ‘mutari
550 1478 690 1552 possunt.
1147 1488 1152 1497 ·

288 1556 428 1616 Postulat
449 1575 488 1616 ex
511 1574 580 1634 me,
619 1563 652 1614 ut
685 1557 731 1614 ius
754 1554 890 1615 divinum
925 1556 953 1614 ei
991 1530 1123 1632 afferam,

205 1638 288 1717 quod
315 1640 371 1699 etsi
400 1639 522 1718 saepius
557 1639 702 1717 fecerim,
739 1638 897 1699 conclusio
932 1644 1039 1698 tamen
1062 1654 1124 1699 meu

204 1721 278 1781 illud
302 1742 363 1784 nou
387 1722 490 1802 habet,
514 1721 568 1782 sed
590 1721 748 1799 duntaxat,
771 1723 842 1800 quia
864 1719 1053 1781 reverendus
1074 1720 1122 1780 Pa·

204 1812 250 1869 ter
271 1807 301 1865 in
324 1806 508 1866 resolutorio
531 1804 632 1882 dixit,
660 1805 752 1865 Rom.
773 1804 936 1865 ecclesiam
959 1809 1033 1864 ante
1055 1809 1123 1864 ten·

203 1907 280 1967 pora
302 1888 441 1950 silvestri
464 1907 525 1948 non
548 1887 642 1947 fuisse
659 1887 727 1947 aliis
750 1889 959 1967 superiorem,
989 1885 1075 1966 quod
1093 1885 1122 1945 in

203 1972 405 2032 conclusione
437 1989 507 2032 mea
544 1989 646 2051 nego,
683 1976 786 2030 mmen
809 1971 928 2048 fateor,
961 1963 1121 2048 phimaturn

203 2054 292 2117 Rom.
316 2052 473 2115 Pontificis
496 2072 564 2114 esse
587 2052 626 2114 de
647 2053 840 2135 iuredivino‚
861 2051 1030 2113 secuudum
1055 2052 1124 2113 alle·

202 2143 275 2215 gata
297 2156 352 2216 per
375 2156 432 2198 me.

181 2290 185 2298 .
285 2218 405 2279 Deinde
426 2219 643 2298 reprobaturus
658 2219 843 2280 solutionem
857 2217 940 2296 dicit,
957 2217 1123 2279 distinctio·
1146 2250 1151 2263 .

203 2321 273 2362 nem
296 2321 395 2362 meam
419 2303 554 2364 humano
583 2302 708 2364 arbitrio
731 2303 907 2380 iuventam,
944 2302 1032 2381 quasi
1065 2318 1123 2362 non

204 2384 296 2446 liceat
317 2387 348 2446 in
384 2377 542 2466 theoldgia
564 2385 770 2466 distinguere,
807 2385 885 2445 sicut
905 2383 997 2444 Arius
1030 2383 1124 2446 voluit

205 2469 405 2529 Athanasium
428 2467 598 2547 irridendo,
634 2487 705 2528 nam
726 2468 815 2527 nimis
838 2467 946 2528 literae
967 2473 1064 2528 tenax
1085 2466 1122 2528 di·

203 2552 249 2611 xit
269 2551 377 2612 Filium
400 2571 469 2612 csse
491 2557 684 2629 creaturam,
716 2570 772 2630 per
792 2550 885 2610 illud:
916 2550 1007 2610 Pater
1029 2551 1124 2612 maior

206 2654 254 2695 me
277 2642 324 2694 est
347 2635 394 2710 ⁵⁸).
430 2634 521 2709 Quod
546 2633 665 2694 diluens
688 2633 873 2694 Athanasius
896 2633 1123 2716 distinguendo,

202 2716 1122 2795 Patermaiormeast,secundumhurnanitatem,nonsecun·

202 2798 273 2860 dum
288 2799 490 2880 divinitatem,
511 2802 582 2879 quis
595 2820 699 2861 sacras
713 2799 883 2879 Scripturas
902 2819 964 2860 non
987 2799 1124 2861 distinxit
1160 2830 1165 2841 ·

203 2884 303 2960 Arius,
315 2904 381 2944 eam
391 2885 585 2963 nonrecepit,
601 2885 681 2944 etita
689 2885 719 2943 in
729 2884 1035 2963 errorepertinaciter
1044 2900 1124 2944 man·

202 2968 250 3027 sit.
272 2966 323 3029 Sic
340 2967 570 3046 inpraesentia,
596 2987 664 3026 curn
679 2967 730 3046 qui
747 2966 901 3027 elucidant
918 2984 1037 3027 sacram
1050 2966 1125 3028 Scri·

202 3056 321 3130 laturam
329 3050 422 3110 vitam
430 3056 586 3110 aeternam
595 3050 760 3111 habebunt.
775 3050 920 3110 Diversos
931 3067 1043 3129 passus
1050 3049 1123 3112 eori-

202 3139 311 3214 pturae
333 3132 543 3211 conferendo,
571 3153 611 3194 ne
632 3135 662 3192 in
685 3133 780 3193 sacris
805 3134 898 3194 literis
923 3135 1122 3195 contrarietas

201 3214 397 3292 admittatur,
422 3215 635 3278 distinctiones
657 3215 778 3276 dandae
796 3223 875 3292 sunt,
899 3235 938 3276 ne
964 3216 994 3292 Ι)
1018 3216 1122 3277 literae

201 3299 290 3357 nirnis
313 3307 406 3359 tenax
430 3301 596 3376 occidatur,
618 3299 672 3359 sed
697 3301 793 3379 magis
815 3318 834 3358 a
856 3298 969 3378 Spiritu
991 3297 1123 3360 vivifice-

201 3389 258 3442 tur.
282 3381 323 3442 Et
344 3384 416 3462 quia
426 3383 534 3444 Petrus
556 3382 623 3442 aliis
649 3383 818 3462 praefertur
840 3383 963 3462 saepius
985 3383 1017 3441 in
1030 3383 1121 3443 sacris

116 3535 121 3545 ¹
201 3462 389 3544 Scripturis,
414 3485 509 3546 saepe
533 3467 577 3525 eis
600 3466 738 3545 aequalis
760 3467 919 3545 reperitur,
943 3465 981 3524 ad
1005 3473 1122 3526 contra·

217 3623 426 3630 ...ο-..Ἀ

257 3724 287 3791 l)
308 3725 338 3776 ln
359 3724 401 3778 ed.
420 3726 479 3778 Jeu.
502 3731 528 3778 et
547 3724 621 3793 apud
640 3723 798 3778 Loescher.:
826 3730 855 3776 ut
873 3723 970 3776 literae
989 3729 1042 3778 etc⁴

255 3815 286 3879 ¹¹)
307 3813 409 3867 Johan.
432 3815 472 3869 14.
