2346 4208
119 231 184 303 282
451 242 534 297 Bullc
550 240 651 297 uenis
671 241 704 297 Χ.

120 446 187 488 sum
208 434 239 487 et
256 427 453 571 aschismatum
477 434 556 491 teate
569 429 765 512 Cypriaoox)
787 430 889 493 lomes
912 435 1044 492 etenum

121 530 243 589 semper
277 513 328 574 uit.

161 591 199 675 a)
223 594 291 656 Tibi
327 594 450 675 quidem
472 602 556 675 sunt,
594 613 813 677 quanquama
834 596 957 659 levibus
986 595 1044 658 lieri

162 677 255 756 paulo
274 684 345 738 ante
367 678 491 740 dixeris.

163 762 199 839 b)
225 763 266 824 Ut
287 770 339 822 tua
360 762 418 823 fert
438 763 575 826 avaritia.
619 764 764 824 Autvero
787 762 926 824 utdscat
947 763 1044 840 elion,

163 845 217 907 sed
240 865 301 907 non
324 844 505 908 Pontificem
527 845 663 927 quidem,
684 854 737 907 aut
758 846 970 927 Episcopum,
992 844 1043 906 aed

79 938 81 941 ’
160 928 289 1010 Regem,
313 936 344 991 et
355 928 501 1006 Leonem,
524 931 576 1010 qui
597 930 731 1010 superbo
755 929 862 1010 oculo,
886 935 920 991 et
943 930 1043 992 insan-

162 1012 235 1074 abili
257 1011 351 1074 corde
372 1013 468 1074 facias
489 1014 577 1077 haec.

162 1100 196 1173 c)
221 1096 255 1156 ln
278 1115 350 1176 quo,
372 1103 406 1156 ut
426 1098 554 1177 priores,
576 1097 710 1176 grassari
731 1102 764 1156 tu
784 1115 912 1176 quoque
933 1095 1046 1156 institu-

163 1199 246 1256 eras,
280 1178 336 1240 sed
357 1200 376 1240 ιι
397 1180 486 1242 nobis
509 1180 700 1261 prohiberis,
724 1179 808 1260 quod
839 1197 925 1241 nunc
947 1178 1047 1240 tremis

162 1263 265 1323 etiarn.
308 1261 350 1323 At
372 1282 464 1338 vero,
487 1272 520 1325 ut
543 1283 607 1325 rem
630 1261 803 1343 ipsam,-ut
824 1270 890 1337 est,
913 1268 1047 1343 tongam,

162 1364 224 1406 non
248 1347 377 1424 vereris,
399 1346 616 1424 sanctissime,
644 1353 728 1407 tuum
751 1344 913 1409 sordidum
936 1363 1045 1406 mercs-

163 1436 226 1498 turn
250 1449 363 1491 vocare
385 1449 492 1511 agrum
515 1429 723 1493 dominicum?
745 1429 855 1509 Neque
870 1428 935 1490 hoc
954 1427 1047 1506 vidos,

163 1513 271 1574 oculos
299 1514 437 1592 recipere
459 1513 671 1592 Germaniam,
707 1519 738 1573 et
761 1514 860 1593 magis
890 1531 932 1575 nc
953 1512 1047 1594 magis

163 1615 354 1676 cognoscere
368 1597 374 1632 ¹
390 1605 417 1675 l,
439 1617 531 1677 quam
554 1604 601 1674 tn,
636 1614 696 1675 qua
713 1595 836 1674 fraude,
872 1595 987 1656 faciem
1008 1597 1047 1656 iu·

163 1679 239 1739 duas
262 1681 409 1741 avaritiae
431 1680 527 1742 tuae?
550 1680 587 1754 d)
611 1679 775 1757 Nunquam
785 1680 903 1740 rectius
926 1697 1047 1760 compe·

162 1764 236 1824 rasti
257 1763 344 1841 haec,
368 1783 439 1824 nam
461 1764 492 1824 in
514 1764 574 1824 hac
594 1782 686 1844 vepre
708 1763 798 1823 nimis
814 1761 971 1842 impedite
989 1763 1047 1824 iu

163 1854 194 1907 et
216 1847 308 1908 anxie
329 1847 439 1908 haeres
461 1855 503 1910 tu.
818 1859 822 1863 ’

163 1928 195 2009 e)
220 1930 338 2010 Serpet,
361 1931 418 1990 nisi
433 1937 466 1991 tu
479 1930 665 2005 constiteris,
688 1927 837 2009 praedico·
850 1925 918 1992 tibi.
941 1928 972 2004 l)
988 1928 1047 1989 Vno

163 2012 267 2091 vobis,
289 2013 473 2094 Pontifices,
495 2014 545 2093 qui
570 2012 711 2074 clauditis
730 2030 864 2092 ragnum
890 2011 1045 2074 coeloram

163 2102 235 2157 ante
257 2097 406 2158 homines.
430 2108 468 2177 g)
495 2096 573 2157 Vide
583 2096 695 2157 Leonis
710 2092 915 2174 diligentiam.
939 2095 982 2173 h)
996 2093 1046 2170 Qu

66 2215 69 2220 <
163 2185 195 2239 et
216 2181 273 2259 ipsi
296 2180 418 2257 vident,
442 2179 636 2240 esuriendum
659 2178 717 2239 sibi
738 2197 819 2238 esse.
841 2177 872 2258 i)
901 2177 953 2239 Ad
977 2196 1045 2258 quot

163 2268 196 2322 et
216 2264 301 2342 ipsos
328 2263 467 2323 nonnihil
500 2264 633 2342 pertinet
664 2282 703 2322 ex
725 2281 763 2322 ea
791 2263 922 2342 rapina,
964 2280 1045 2342 quum

163 2365 221 2406 nos
245 2352 309 2406 tam
333 2345 524 2407 confidenter
545 2345 738 2426 impedimus.

164 2427 203 2512 k)
228 2428 307 2489 Vide
330 2429 401 2508 quid
423 2431 575 2490 invenerit
599 2434 684 2490 tanto
707 2427 845 2489 adhibito
883 2427 990 2490 studio
1011 2426 1044 2487 di

165 2513 263 2593 ligans
287 2521 400 2593 pastor.
426 2510 453 2595 l)
478 2513 590 2574 lterum
614 2514 692 2573 scire
715 2512 769 2572 abs
791 2519 824 2571 ta
846 2510 973 2590 laboro,
994 2511 1045 2571 hoc

164 2595 236 2674 qnid
258 2597 298 2656 sit
319 2598 501 2676 respective.
527 2597 708 2676 Atqueage,
731 2595 780 2655 dic
798 2594 892 2655 nobis
915 2593 1043 2670 taudem,

164 2679 265 2758 quo²)
281 2681 419 2761 respicis,
442 2679 565 2759 quando
577 2677 742 2739 lutherum
758 2677 910 2738 damnas?
930 2675 982 2762 m)
994 2677 1042 2738 aa

165 2764 344 2824 manieticos
366 2763 469 2824 dicere
491 2763 630 2824 volebas.

165 2845 202 2928 n)
229 2847 335 2908 Caute.
360 2852 398 2920 o)
423 2847 561 2908 Pulchre.
585 2845 764 2906 Docuerunt
796 2842 940 2922 linguam
969 2861 1042 2904 suan

165 2929 247 3007 loqui
272 2930 482 3006 mendacium,
505 2937 537 2990 et
558 2937 590 2990 ut
611 2930 716 3008 iniqua
738 2935 869 3006 agerent
888 2925 1042 2989 laborare

165 3021 243 3076 runt.
264 3014 310 3073 Tu
332 3019 445 3091 autern,
468 3014 610 3090 Domine,
633 3028 728 3090 quare
750 3028 813 3069 non
825 3010 963 3090 respicis
983 3027 1041 3071 con·

166 3101 343 3174 temptores,
359 3102 390 3156 et
402 3099 485 3157 taces
499 3096 702 3157 conculcante
716 3094 808 3172 impie
820 3093 987 3154 iustiorem
998 3090 1042 3153 ael

165 3187 202 3257 p)
229 3179 369 3240 Validam
393 3200 509 3241 ansam.
533 3179 594 3241 sed
617 3176 812 3238 arbitrarisne
831 3175 1041 3256 Augustinum,

165 3263 190 3321 si
213 3264 243 3321 in
268 3272 320 3323 tua
344 3271 483 3342 tempora
504 3263 680 3334 incidisset,
715 3259 769 3320 tibi
798 3277 835 3318 ac
859 3266 937 3321 tuae
959 3259 1041 3322 eccle

164 3347 229 3406 siae
251 3347 310 3408 hoc
333 3346 511 3407 tributurum
533 3345 649 3406 fuisse?
671 3340 913 3404 Proindehanc
937 3343 1039 3405 ranan

165 3429 338 3491 bominibus
354 3431 493 3489 iniuriam
508 3430 609 3490 facere
630 3427 740 3504 diaine,
763 3431 796 3484 ut
815 3424 855 3485 ab
878 3427 921 3488 iis
943 3428 1043 3506 script·

164 3532 309 3594 perverse
331 3511 370 3574 ad
393 3520 477 3573 tuum
500 3511 697 3579 commodum
720 3520 879 3588 torqueas.
926 3511 966 3591 q)
988 3509 1043 3571 noc

196 3722 224 3784 1)
246 3722 274 3775 Ιιι
295 3720 359 3777 edit.
380 3721 502 3776 liticen:
522 3727 549 3775 et
567 3722 654 3790 magis
675 3708 917 3788 cognosceret)
937 3715 1043 3771 Ibidem:

123 3809 205 3862 quos.
