2346 4208
297 259 437 327 parandus
457 262 566 317 animus
584 260 621 314 sd
640 266 765 317 morters.
934 261 1001 329 455·

79 466 138 508 nos
162 451 224 507 tam
249 447 287 508 de
310 450 445 529 peccatis
467 451 596 529 nostris,
625 469 716 530 quam
738 449 778 553 de
800 452 1000 514 sacramentis
1095 469 1098 476 '

77 529 230 591 sollicitos
252 550 322 592 esse
344 533 500 595 convenit.

162 607 260 674 Video
283 620 385 676 autem
409 615 459 676 hic
480 615 668 677 monendum
689 635 773 695 esse,
806 619 838 678 et
866 616 936 696 quid
959 618 999 679 sit

78 698 217 759 venerari
240 704 444 775 sacramenta,
466 705 497 759 et
518 719 598 778 quae
619 718 725 760 eorum
746 701 793 760 vis
816 700 863 760 sit.
843 700 997 763 tPorro

78 781 123 841 sic
144 781 321 841 veneranda
353 789 440 860 suot,
471 787 505 842 ut
493 782 643 842 toredas
672 802 746 842 vera
773 802 859 856 esse,
892 789 923 842 et
944 782 997 843 tibi

79 863 188 924 donari
220 882 343 943 quoque
376 827 480 925 omlria
505 865 574 942 illa,
613 883 692 943 quae
721 885 777 944 per
805 873 999 927 sacramenta

78 945 307 1027 significantur,
337 948 409 1008 item
434 966 512 1027 quae
534 967 553 1007 a
573 947 640 1008 Deo
663 948 818 1024 dicuntur,
841 957 874 1008 ut
892 949 998 1010 dicero

77 1027 151 1089 illud
173 1029 288 1090 Mariae
311 1031 425 1110 possis:
455 1031 522 1090 Fiat
549 1030 621 1090 mihi
649 1036 679 1090 et
710 1031 877 1092 secundum
904 1032 999 1093 verbo

79 1117 110 1173 et
131 1112 221 1192 signa
241 1118 301 1174 tua.
346 1112 423 1173 Nam
455 1133 524 1173 cum
547 1112 671 1173 verbum
700 1122 731 1174 et
759 1115 879 1194 signum
903 1113 957 1177 tibi
979 1134 999 1175 a

78 1195 250 1273 sacerdote,
273 1196 324 1274 qui
335 1196 393 1257 Dei
416 1198 483 1256 vice
505 1196 647 1274 fungitur,
669 1203 890 1276 proponantur,
914 1197 998 1257 nulla

80 1279 197 1338 maiore
218 1280 406 1341 contumelia
426 1278 507 1339 allici
537 1286 568 1340 et
597 1279 723 1340 verbum
746 1287 777 1341 et
798 1282 918 1360 signum
940 1281 997 1343 Dei

65 1367 215 1444 poterat,
251 1381 341 1440 quam
371 1363 396 1421 si
419 1361 458 1422 de
485 1361 545 1422 fide
567 1363 661 1442 ipsius
684 1362 820 1440 dubites,
855 1363 998 1441 quemad-

78 1443 204 1505 modum
228 1463 351 1523 quoque
373 1447 490 1505 maiore
512 1445 632 1506 honore
655 1445 735 1507 allici
755 1447 837 1506 Deus
858 1465 921 1507 non
943 1466 997 1526 po,-

78 1533 147 1602 test,
172 1546 263 1607 quam
285 1529 311 1589 si
333 1527 440 1588 credas
464 1529 492 1588 ei
513 1529 655 1603 futurum,
680 1535 711 1588 ut
726 1529 878 1608 promissa
894 1529 997 1591 faciat.

162 1610 275 1693 Sexto,
308 1619 568 1671 sacramentorum
592 1612 652 1671 vim
674 1602 738 1670 lum
757 1612 890 1672 maxime
911 1611 998 1673 intel·

78 1693 173 1774 liges,
203 1694 228 1752 si
250 1695 333 1754 noris
361 1699 468 1770 antea,
504 1712 655 1771 quaenam
687 1693 740 1754 illa
771 1695 850 1771 sint,
891 1700 999 1755 contra

79 1795 160 1858 quae
189 1776 383 1856 potissimum
414 1782 561 1856 pugnent.
605 1775 682 1837 Sunt
709 1782 811 1836 autem
833 1778 920 1850 tria,·
939 1778 998 1857 pri·

78 1879 161 1918 mum
186 1866 233 1920 est
253 1859 407 1920 horrenda
434 1860 528 1919 facies
556 1860 678 1936 mortis,
715 1859 880 1920 seeundum
903 1860 998 1920 fabios
1053 1876 1057 1883 ’

77 1944 209 2023 peccati,
232 1944 354 2004 tertium
367 1943 502 2003 infernus
526 1947 557 2002 et
573 1948 698 2002 aeterna
710 1943 878 2004 damnatio.
902 1942 997 2002 Porro

79 2025 318 2104 unumquodque
345 2026 452 2086 horum
485 2027 582 2085 maius
610 2030 642 2086 et
662 2025 883 2087 formidabilius
907 2024 997 2087 effici-

78 2115 135 2185 tur,
158 2110 183 2168 si
207 2109 320 2168 etalio
342 2108 493 2188 quaedam
515 2107 673 2168 accedant.

161 2191 240 2251 Nam
269 2211 352 2252 mors
383 2199 445 2251 tum
476 2191 598 2251 demum
621 2191 795 2253 horribilior
822 2197 854 2251 et
875 2192 999 2271 gravior

79 2294 149 2335 esse
172 2274 306 2351 videtur,
340 2293 407 2333 oum
431 2281 554 2350 natura,
575 2274 690 2353 alioqui
713 2274 873 2334 imbecillis
896 2279 926 2334 et
948 2273 998 2333 de·
1077 2274 1083 2294 l

80 2365 217 2437 sperata,
246 2358 341 2438 ipsius
363 2359 528 2438 imaginem
551 2357 703 2436 quandam
727 2359 830 2418 animo
854 2358 998 2436 concipit,

80 2446 112 2500 et
134 2442 165 2499 in
188 2460 256 2500 eam
274 2446 341 2500 tota
362 2439 468 2520 deligit
490 2440 608 2500 oeulos.

163 2522 325 2584 Atrooiora
347 2530 447 2584 aulem
469 2522 522 2581 illa
544 2521 634 2600 fiunt,
668 2541 735 2580 oum
760 2521 853 2582 Satan
876 2535 999 2600 quoque

80 2606 219 2683 accedit,
251 2606 303 2666 ille
331 2608 410 2666 enim
442 2604 553 2680 eflicit,
592 2610 625 2663 ut
649 2603 802 2665 horribilis
824 2610 855 2664 et
875 2606 998 2665 terroris

80 2690 174 2769 plena
201 2691 307 2750 mortis
336 2690 429 2748 facies
465 2689 555 2747 altius
590 2687 694 2746 animo
723 2687 931 2765 imprimatur,
969 2697 1000 2753 ut

80 2773 192 2832 fractus
215 2773 336 2838 animus
357 2772 411 2832 illo
433 2772 542 2831 intuitu
565 2769 744 2830 succumbat
759 2775 790 2829 et
810 2769 963 2848 desperet.

164 2855 389 2951 Nonnunquam
414 2856 504 2914 etiam
521 2853 615 2914 Satan
639 2854 738 2911 omnis
753 2855 874 2932 generis
898 2871 999 2912 exem·

82 2938 133 3079 pla
155 2940 308 2998 converrit
315 2983 322 3013 ,
346 2937 455 3015 quibus
477 2955 534 2997 nos
557 2942 689 3012 evertat,
717 2934 877 2995 horribiles
899 2936 999 2994 interi·

82 3029 150 3097 t,us
176 3021 319 3100 indiguos
342 3021 470 3096 caedes,
494 3018 595 3079 subita
615 3019 677 3079 fata
699 3019 802 3078 animo
825 3017 944 3092 obiicit,
967 3019 999 3078 in

82 3105 260 3164 memoriam
282 3104 408 3183 redigit,
442 3067 585 3182 qhioquid
615 3120 747 3198 unquam
776 3101 854 3161 vel
846 3101 904 3180 rpsi
926 3099 999 3160 vidi·

83 3207 149 3245 mus
172 3187 220 3246 vel
244 3187 373 3266 legimus
395 3184 516 3263 alicubi,
539 3203 630 3263 quam
653 3187 764 3244 misere
787 3183 910 3262 quidam
934 3202 999 3262 per-

81 3271 181 3331 ierint.

165 3351 260 3412 Addit
292 3360 451 3429 praeterea
472 3351 616 3410 iudicium
645 3358 676 3410 et
702 3351 775 3408 iram
800 3350 872 3424 Dei,
909 3367 1000 3426 quam

81 3455 193 3515 graves
231 3442 261 3494 et
294 3435 452 3495 horribiles
491 3452 608 3513 poenas
642 3434 673 3493 in
708 3440 887 3511 peccatores
917 3432 1000 3492 Deus

83 3519 284 3579 constituerit.

167 3599 264 3662 Addit
289 3602 361 3660 item
391 3600 533 3679 exempla
554 3598 698 3674 illorum,
731 3616 808 3675 quos
830 3597 914 3656 Deus
935 3617 1001 3677 gra-

82 3687 161 3746 viter
183 3684 310 3763 punivit.
418 3730 421 3735 .

166 3767 261 3829 Porro
284 3766 389 3828 omnia
409 3765 464 3826 illa
484 3763 555 3826 ideo
572 3768 748 3845 exaggerat,
770 3767 804 3823 ut
825 3768 908 3823 metu
922 3781 1001 3824 mor-
