2346 4208
127 271 169 342 92
322 277 480 347 Disputatio
499 279 608 348 lipsiae
628 279 722 333 babitu
742 295 766 332 a.
785 279 843 333 XIX

112 464 178 524 ·vix
206 462 284 526 duos
311 471 435 526 autores
461 462 577 543 habet,
615 471 647 526 et
676 464 802 527 eosdem
828 463 992 549 ambiguos
1013 464 1045 526 in

126 566 212 608 suam
246 548 440 610 sententiam.
483 548 560 609 Ourn
588 554 690 610 tamen
720 550 820 610 maior
839 567 910 629 pars
927 554 1046 611 statuat

125 631 246 692 Petrum
269 632 310 691 ibi
332 632 427 717 fuisse
445 651 609 711 personam
631 634 766 692 omnium
781 633 993 713 apostolorum
1015 636 1047 695 et

125 714 277 789 fidelium,
301 715 383 793 quod
406 720 436 774 et
462 716 529 794 ipse
551 722 653 776 textus
675 717 897 794 consequentia
920 736 976 777 sua
998 735 1044 776 ur·

125 807 185 880 get,
199 798 269 858 dum
285 799 420 859 Christus
430 799 601 879 interrogat
612 817 729 875 omnes,
752 806 784 883 et
800 818 863 860 non
878 799 978 859 solum
991 799 1045 860 Pe

69 921 74 931 κ
126 887 214 956 trum,
237 881 358 943 dicens:
383 881 447 942 Vos
470 889 571 943 autem
597 900 686 961 quem
700 902 750 943 me
773 902 842 944 esse
864 881 984 943 dicitis?
1007 881 1050 942 nt

123 964 165 1027 ibi
187 964 305 1045 Petrus,
327 985 362 1027 os
384 965 606 1044 apostolorum,
629 972 662 1026 ut
678 965 917 1048 Ohrysostomus
939 967 992 1044 ait,
1015 971 1047 1026 et

124 1059 260 1129 persona
282 1048 513 1129 apostolorum,
542 1054 575 1108 ut
602 1048 807 1130 Hieronymus
835 1055 867 1110 et
894 1047 1045 1130 Origenes

125 1130 249 1210 dicunt,
271 1138 303 1192 et
323 1131 418 1210 Beda,
440 1136 471 1191 et
491 1129 682 1212 Augustinus
728 1139 759 1194 et
779 1117 977 1208 Ambrosius,
991 1150 1045 1192 re·

125 1214 258 1297 spondet
278 1235 335 1295 pro
359 1215 510 1276 omnibus.
553 1213 630 1276 Ideo
659 1178 721 1276 dixi
750 1215 826 1276 nihil
852 1214 977 1296 probari
1006 1233 1045 1276 ex

124 1299 184 1359 hac
205 1300 369 1359 autoritate
391 1297 431 1358 de
451 1299 593 1378 primatu.
637 1298 724 1380 ltem,
748 1296 830 1379 quod
853 1303 957 1360 teirtus
977 1299 1047 1380 ipss

124 1401 187 1444 non
212 1381 285 1442 dicit
306 1382 366 1441 sic:
398 1380 445 1441 Tu
468 1399 501 1441 es
523 1380 653 1458 Petrus,
681 1388 713 1443 et
733 1401 825 1463 snper
846 1389 891 1461 te,
918 1380 973 1442 sed
990 1400 1046 1441 sn·

123 1485 179 1547 per
192 1465 280 1529 banc
301 1464 442 1542 Petram,
459 1464 620 1526 manifeste
641 1464 781 1526 indicans
802 1471 921 1546 petram
942 1463 1062 1543 aliam,-

123 1567 224 1627 aqna
247 1548 354 1608 Petrus
376 1547 474 1608 dictus
495 1548 543 1610 sit.
579 1548 712 1609 Proinde
740 1566 808 1609 cum
838 1549 899 1609 sint
919 1547 1047 1629 vulgata

122 1632 197 1709 iura,
221 1637 252 1691 et
271 1630 331 1712 ipsi
352 1631 442 1692 Rom.
465 1629 628 1690 Pontifices
649 1631 1046 1713 testentnrlinterpretatio·

123 1733 193 1775 nem
217 1713 392 1794 Scripturae
409 1715 508 1794 magis
530 1713 637 1775 valere
658 1714 739 1795 apud
762 1715 931 1794 Doctores,
952 1731 1046 1793 quam

122 1797 203 1878 apud
226 1816 260 1858 se
281 1799 376 1875 ipsos,
398 1798 429 1857 in
452 1797 552 1857 causis
574 1815 648 1857 vero
671 1794 1045 1872 descindendis1)seons.

206 1876 253 1941 De'
274 1880 404 1942 articulo
426 1879 481 1941 illo
505 1878 660 1943 Hussitico
684 1880 749 1942 dixi
771 1882 844 1942 satis
865 1880 941 1959 heri,
962 1878 1047 2025 Ἥοᾱ

123 1962 259 2025 nondum
283 1963 444 2044 probatum
469 1968 531 2041 est,
554 1981 623 2022 eum
646 1983 715 2025 esse
736 1964 935 2026 haereticum.
1008 1982 1048 2026 oo
1083 2036 1090 2045 ,

123 2065 179 2126 pro
202 2049 408 2127 responsione
430 2046 586 2106 matutina.

205 2128 375 2190 Redenndo
398 2128 437 2189 ad
459 2128 645 2205 hesternam,
668 2127 793 2209 quando
801 2129 950 2211 egregius
960 2129 998 2194 D.
1008 2129 1048 2190 Dr

122 2211 259 2272 secundo
296 2213 367 2273 loco
396 2214 542 2291 opp-osuit
570 2212 796 2292 depositionem
832 2211 1047 2292 chrysostomi

109 2294 192 2368 ¹ideo
215 2296 326 2356 iactam
350 2294 530 2374 illegitime,
552 2296 623 2375 quia
646 2295 719 2356 odio
740 2295 944 2375 imperatricis
959 2295 1046 2357 iacta

121 2379 170 2439 sit.
213 2377 302 2459 Nego
325 2379 592 2457 consequentiam,
623 2397 686 2438 non
708 2377 779 2439 ideo
801 2383 942 2458 potestas
965 2377 1045 2440 ordi·

121 2461 214 2522 nandi
236 2467 267 2521 et
289 2460 464 2541 deponendi
486 2481 542 2542 per
563 2479 684 2521 sacrum
705 2459 855 2522 Nicenum
879 2461 1044 2522 concilium

122 2545 303 2604 statutat'uit
322 2544 492 2626 iilegitima,
516 2545 587 2624 quia
608 2563 681 2604 casu
703 2544 782 2604 forte
802 2543 909 2604 habuit
931 2543 1046 2605 malum

121 2646 219 2688 usum.
242 2626 320 2688 Nam
343 2629 374 2688 in
397 2626 504 2689 eadem
528 2629 619 2688 etiam
637 2626 766 2687 historia
786 2627 938 2703 scribitur,
961 2625 1046 2707 quod

121 2711 211 2773 Rom.
234 2711 376 2772 Pontifex
398 2711 507 2773 Victor
531 2712 647 2790 Martyr
674 2709 772 2770 voluit
797 2711 892 2771 Asiae
927 2711 1045 2790 episco-

123 2812 180 2874 pos
195 2796 472 2856 excommunicare.
496 2793 602 2855 Atilii
624 2811 726 2852 rursus
749 2799 893 2873 tanquam
908 2794 1046 2874 superio·

121 2896 170 2937 res
200 2876 424 2938 mandaverunt
451 2877 604 2938 silentium
618 2878 629 2955 ,'
663 2881 694 2935 et
728 2882 762 2936 ut
788 2875 963 2936 ecclesiam>
981 2894 1045 2937 non

121 2960 312 3039 perturbaret
332 2962 495 3037 iusserunt,
516 2959 608 3024 ΗΜ).
632 2957 870 3020 Ecclesiasticae
886 2958 1046 3021 historiae.

123 3041 183 3103 Sed
207 3049 238 3104 et
257 3044 381 3104 ireneus
402 3041 615 3123 Lugdunensis
638 3040 759 3102 Galliae
789 3036 1046 3122 episcopus'eun·

122 3125 192 3186 dem
213 3126 303 3188 Rom.
327 3124 514 3206 Episcopum
538 3126 692 3202 coercuit,
715 3131 746 3185 et
768 3131 855 3186 erant
876 3131 950 3185 tuno
970 3128 1046 3186 tem·

121 3211 205 3288 poris
243 3211 274 3270 in
297 3208 429 3270 Graecia
451 3208 643 3288 Epiphanius
673 3207 872 3269 celeberrime
903 3206 1046 3269 laudatus

122 3311 141 3352 a
163 3291 368 3372 Hieronymo,
392 3291 558 3373 Gregorius
581 3291 793 3368 Naaannenus,
816 3291 948 3352 Basilius
969 3290 1047 3352 obri·

122 3376 298 3437 stianissimi
321 3375 395 3454 viri,
418 3394 481 3436 non
503 3381 607 3435 tamen
630 3374 686 3435 sub
708 3375 797 3435 Rom.
820 3373 970 3436 Pontifioe
991 3388 1045 3435 un·

123 3476 212 3537 quam
235 3459 377 3536 fuerunt,
408 3458 463 3517 sed
488 3459 573 3518 iuxta
594 3457 702 3518 Niceni
725 3458 848 3518 concilii
870 3463 985 3518 statuta
1007 3457 1045 3519 ab

122 3542 277 3622 episcopis
300 3542 526 3621 provinciarum
551 3539 781 3602 ordinabantur.
975 3536 981 3547 '

169 3805 205 3870 '¹)
224 3800 422 3873 Apamena:
442 3801 612 3858 decidendis.
632 3781 646 3817 ¹·
680 3808 683 3815 ·
734 3808 740 3827 ·
