2346 4208
126 243 190 310 120
314 246 470 315 Disputatio
490 247 597 316 Lipsiae
616 212 711 303 hatita
729 265 754 303 a.
775 247 836 302 XIX

127 436 215 512 cessi,
239 433 321 513 quod
343 435 552 515 apostolatum
574 455 594 495 a
615 437 682 496 Deo
704 435 869 516 acceperit,
891 435 1050 499 abundau-

126 520 185 578 tius
207 537 277 578 eum
298 517 456 579 laborasse
478 519 562 596 aliis,
584 520 689 579 fateor.

210 601 270 662 Sed
293 600 332 661 ad
354 603 476 662 tertium
498 603 680 682 veniamus,
702 602 786 682 quod
808 600 929 663 videtur
951 622 981 663 m
1025 604 1033 619 '

52 720 57 727 ·
126 685 229 745 iacere
250 683 287 743 sd
311 686 502 764 propositum
526 687 571 744 int
560 692 605 746 ter
627 686 688 747 alia
708 705 763 765 per
779 622 1050 749 reverendum&

127 776 202 828 trem
224 766 377 828 adducta:
401 767 460 843 Qui
483 777 635 848 coeperat
636 780 671 828 us
694 775 741 830 est
761 769 818 829 Pet
805 775 863 864 tro,
885 767 926 829 ad
944 767 1047 831 Galat

127 855 154 914 2.
177 851 217 911 Et
229 850 310 930 dico,
332 850 458 910 Paulum
473 871 535 911 non
548 852 762 949 promulgasse
778 851 842 911 ibi
834 871 881 911 rus
901 851 1050 931 divinum,

127 934 181 996 sed
204 952 344 994 narrasse
366 926 490 1011 factum,
514 937 659 1013 quoniam
684 944 714 995 et
735 935 842 995 Petrus
856 933 925 1013 *)
916 955 949 994 ιι
961 934 1049 997 Aedis

127 1017 268 1098 Apostol
292 1016 467 1077 Cornelium
497 1018 674 1097 gentilem
666 1038 765 1078 iussus
800 1019 898 1078 estin
920 1014 1049 1079 fideia

127 1108 253 1178 struere,
276 1107 308 1160 et
328 1107 403 1180 gent
391 1099 500 1161 tibus
493 1121 523 1159 ιι
545 1102 732 1179 Antiochia,
756 1101 807 1161 ubi
829 1101 997 1181 praesedit,
1017 1106 1050 1171 at

127 1183 267 1244 similiter
286 1183 427 1259 Romae,
462 1183 512 1243 ubi
546 1183 669 1244 tandem
705 1185 848 1264 martyrio
883 1181 1050 1247 aNercne

127 1267 233 1348 gentili
256 1272 423 1326 coronatus
447 1273 513 1344 est,
548 1267 731 1347 praefuitet
719 1267 858 1327 tdcouit
881 1266 935 1345 ιι,
958 1264 1050 1327 simul

127 1369 196 1410 cum
218 1349 345 1410 ludaeis
378 1349 417 1409 ad
451 1348 543 1410 tidem
568 1352 725 1410 conversis
756 1359 787 1410 et
819 1348 1050 1433 convertendis.

126 1431 216 1494 Unde
238 1433 319 1493 clare
341 1431 459 1511 liquet,
493 1433 620 1492 Paulum
655 1433 766 1493 factum
800 1440 872 1492 tunc
893 1450 1049 1495 narrasse.

127 1517 289 1576 Praetereo
313 1515 395 1611 quod
418 1514 448 1576 S.
472 1515 584 1575 Paulus
606 1536 668 1576 non
693 1517 831 1576 meminit
852 1513 946 1575 oflicii
968 1516 1050 1596 regi·

128 1600 216 1659 minis
238 1598 289 1658 vel
311 1599 458 1678 primatus
480 1599 727 1678 praesidentiae,
761 1599 814 1659 sed
839 1598 1050 1659 exsecutionis

127 1687 218 1761 apost
206 1678 284 1741 t'olat
272 1688 340 1758 tus,
362 1682 528 1741 secundum
553 1702 643 1761 quem
666 1681 799 1762 apostoli
824 1680 961 1740 diversas
979 1698 1049 1744 sor·

126 1764 243 1825 tiebant
231 1771 280 1824 ιιι
300 1766 492 1855 provinciae,
515 1767 544 1824 in
568 1772 683 1844 quoet
653 1765 810 1824 etPetrus
832 1765 900 1825 aliis
923 1772 1049 1844 aposto·

126 1849 161 1909 lis
183 1847 399 1926 aequaliet
342 1846 399 1906 fuit
420 1811 587 1907 seeundum
608 1847 791 1907 Anacletum
809 1865 877 1907 ean.
898 1849 930 1906 in
954 1864 1049 1925 noro,

124 1930 292 1992 secundum
313 1930 535 2010 Hieronymum
559 1937 668 1991 contra
621 1931 902 2007 tJovinianum,
936 1937 969 1990 et
1000 1948 1050 1991 su.-

125 2033 180 2094 per
200 2013 343 2093 Epistola
364 2012 402 2072 ad
425 2012 553 2073 Galatas
586 2014 753 2075 secundum
778 2011 1025 2092 Cypriorum,
1015 2030 1048 2075 sa

124 2097 266 2177 Epistola
287 2098 315 2158 9.
339 2094 378 2154 ad
401 2095 575 2156 Cornelium
598 2096 711 2175 Papam
735 2096 786 2156 lib.
809 2099 838 2157 4.
862 2093 1049 2169 Quadam

125 2199 213 2239 sacra
235 2178 391 2257 Scriptura
411 2178 613 2258 intelligenda
636 2187 684 2238 est
705 2198 773 2238 eum
797 2177 916 2256 effectu,
940 2184 974 2237 ut
995 2177 1050 2239 ad·

124 2269 290 2341 vertamus,
313 2261 436 2340 quando
460 2259 499 2320 de
511 2260 615 2339 officio
628 2261 819 2341 apostolatus
841 2260 997 2339 loquatur,
1016 2268 1050 2325 et

61 2381 63 2384 -
125 2343 248 2423 quando
273 2343 312 2404 de
334 2345 483 2424 regimine
505 2346 667 2424 potestatis
690 2364 744 2404 sen
768 2344 1019 2424 praesidentiae.¹

205 2426 278 2487 Non
298 2427 404 2504 refert,
434 2426 516 2505 quod
545 2427 731 2488 reverendus
753 2427 843 2486 Pater
873 2425 974 2487 adhuc
996 2444 1048 2489 ne·

123 2517 186 2590 gat,
211 2530 259 2570 me
280 2509 447 2569 adduxisse
468 2511 514 2569 ius
537 2509 671 2569 divinum
694 2529 751 2589 pro
765 2511 906 2589 primatu,
930 2517 962 2569 et
983 2529 1046 2571 non

124 2593 303 2654 dissolvisse
325 2594 504 2652 autoritates
529 2612 583 2672 per
605 2612 673 2653 eum
697 2592 848 2670 inductas,
871 2593 943 2670 quia
962 2592 1047 2661 idem

124 2676 257 2737 dicerem
282 2675 320 2735 de
344 2695 391 2736 eo.
416 2676 560 2737 Attamen
584 2675 684 2736 nullus
720 2696 759 2735 ex
781 2674 809 2736 S.
835 2674 974 2736 Patribus
1003 2676 1048 2738 ita

124 2758 276 2820 intellexit
298 2759 476 2818 autoritates
491 2779 546 2838 per
557 2758 758 2820 reverendum
767 2758 890 2819 Patrem
903 2757 1048 2821 inductas

124 2842 161 2902 ad
175 2842 371 2923 negationem
386 2842 532 2920 primatus
546 2843 625 2902 Petri
635 2842 823 2922 superclios,
837 2841 992 2920 sicutipse
1002 2842 1047 2901 in·

123 2925 219 2986 duxit.
253 2924 369 2986 Contra
400 2944 473 2986 vero
504 2925 690 3005 plurifariam
728 2925 826 2984 sancti
861 2924 967 2984 Patres
999 2925 1044 2984 ia·

123 3008 309 3070 tellexerunt
346 3009 527 3070 autoritates
564 3029 619 3087 per
653 3027 702 3068 me
736 3006 876 3067 inducas
899 3006 984 3085 loqui
1007 3006 1047 3087 de

122 3092 254 3170 primatu
276 3091 356 3151 Pet
320 3097 367 3151 ιιι
403 3090 491 3153 Unde
514 3093 596 3151 circa
623 3089 706 3150 illam
731 3089 984 3167 conclusionem,
1021 3090 1046 3151 si

124 3173 292 3254 aliquando
314 3173 511 3250 ²)aeerbius
544 3181 574 3233 et
563 3173 714 3232 tdurius
737 3172 902 3252 quidquam
924 3171 1047 3233 loeutus

122 3277 188 3316 snm
212 3263 319 3316 contra
340 3256 540 3324 reverendum
565 3256 697 3334 Patrem,
719 3256 833 3315 nollem
856 3253 1045 3316 arbitremini

125 3341 153 3400 in
179 3359 343 3420 personam
367 3359 452 3399 suam
477 3339 538 3398 dict
527 3347 612 3416 tum,
650 3337 703 3398 sed
727 3357 821 3398 eausa
843 3339 931 3417 ipsa,
965 3357 1047 3417 quae

125 3498 213 3505 —-.
229 3496 465 3504 -.-—----.-.—..-—-
474 3497 488 3502 ..

161 3564 191 3625 ιι
213 3563 261 3615 Hic
280 3565 306 3613 in
322 3564 455 3685 tmargine
474 3561 515 3613 ed.
537 3564 638 3631 origin.
659 3566 694 3614 et
707 3561 768 3613 ιιι
789 3559 959 3626 adscriptum
979 3558 1047 3612 le‘·

121 3643 188 3687 tur
207 3635 269 3689 Non
290 3639 332 3687 est
352 3650 456 3697 verum,
476 3634 547 3686 dixit
553 3634 694 3686 lutherus.
712 3633 743 3700 2)
767 3632 799 3684 ln
819 3631 860 3683 ed.
879 3631 941 3684 ιιι.
960 3645 1047 3684 vera

66 3762 70 3767 ,
121 3706 221 3759 desunt
238 3704 303 3759 rnde
323 3705 357 3757 sb
387 3707 647 3758 autoritates
667 3721 755 3772 nsque
775 3703 808 3755 ιιι
829 3701 1044 3787 aliquando.

157 3777 189 3844 )
209 3775 262 3829 Aet
280 3777 322 3831 10
