2346 4208
333 238 520 309 siriubipsiaa
539 237 687 309 disputatis
707 256 732 295 u.
751 241 823 295 XlX.
893 228 896 234 ⁴
967 237 1031 303 289

120 424 220 495 lubere
230 425 349 489 debere
364 428 547 507 episcopum
557 428 717 507 proprium
733 429 798 488 iure
808 427 923 505 divino,
946 428 1028 506 quod

118 528 153 571 ex
168 508 265 573 Paulo
287 509 348 572 Tit.
374 514 402 572 l.
424 509 557 571 ostendo
581 510 720 571 dicente:
748 511 843 571 Huius
866 513 909 571 rei
931 512 1030 590 gratia

116 592 213 671 reliqui
234 599 267 653 tc
288 592 417 672 (iratae,
438 600 472 653 ut
493 611 573 672 quae
594 593 706 654 desunt
733 596 870 675 corrigas
896 601 928 654 et
956 612 1027 653 oon-

116 676 215 737 sb'tms
238 675 439 757 presbyteros
455 696 511 756 per
534 677 684 754 civitates,
706 678 786 738 sicut
807 697 867 758 ego
891 677 1029 756 disposui

115 756 169 821 libi.
210 758 279 819 Hos
305 766 407 821 autem
421 759 621 839 presbyteros
643 780 712 821 esse
734 761 911 840 episcopos,
933 767 1027 819 testa-

114 850 156 903 ur
173 840 388 922 Hieronymus.
411 848 566 903 attextus
589 862 722 922 sequens
745 843 881 904 ostendit
905 842 1026 904 diceus:

112 922 238 1005 Oportet
273 926 355 987 enim
387 926 567 1005 episcopum
598 945 667 986 esse
688 924 1025 1006 irreprehensibilem¹l

111 1014 165 1071 elo.
205 1007 271 1071 sed
293 1014 325 1069 et
344 1008 380 1071 Β.
401 1007 592 1088 Augustinus
622 1008 764 1088 Epistola
786 1014 834 1073 29.
860 1008 900 1069 ad
922 1009 1026 1068 Hiero-

110 1110 234 1171 nymum
264 1092 445 1171 episcopum
474 1091 682 1171 descripturus
710 1094 861 1152 rationem
890 1092 977 1151 addit
997 1100 1028 1151 et

109 1172 194 1239 dicit:
237 1173 315 1235 Erat
334 1176 416 1234 cuim
445 1175 571 1253 civitas,
604 1176 691 1254 quasi
714 1174 845 1252 diceret,
878 1175 940 1234 uon
963 1183 1029 1234 erat

109 1256 244 1343 simplex
266 1256 448 1338 presbyter,
480 1256 535 1317 sed
558 1259 738 1338 episcopus,
760 1258 799 1318 de
822 1276 883 1336 quo
907 1259 1028 1336 loquor,

109 1341 179 1421 quia
200 1348 269 1401 erat
290 1341 409 1418 civitas,
430 1341 479 1400 oui
501 1348 652 1420 praeerat.

413 1422 556 1484 Secundo
580 1443 732 1504 suppono.

189 1505 347 1569 Christum
373 1506 489 1567 babere
517 1515 571 1567 sut
590 1506 755 1585 aliquando
778 1505 922 1565 babuisse
946 1505 1028 1565 Obri-

110 1590 225 1651 stiauos
248 1590 281 1649 in
305 1591 389 1649 omui
403 1590 534 1650 termino
548 1596 657 1665 terrae,
681 1596 714 1648 ut
734 1590 765 1648 iu
782 1596 920 1649 extrema
943 1594 1029 1667 parte

108 1670 211 1735 ludius
233 1680 265 1733 et
286 1671 478 1753 Aethiopas,
501 1682 533 1732 et
553 1672 622 1733 aliis
643 1671 755 1733 finibus
777 1673 864 1732 iuxta
885 1672 965 1732 Psal.
989 1676 1026 1734 2:

110 1754 343 1817 Possessiouem
366 1764 450 1816 tuum
482 1756 630 1816 terminos
663 1764 778 1833 terrae,
813 1764 844 1815 et
865 1754 946 1815 Psal.
970 1757 1027 1819 72:

110 1838 324 1901 Dominabitur
351 1858 371 1899 a
393 1839 588 1918 mariusque
610 1838 649 1899 ad
673 1858 773 1916 mare,
811 1846 842 1898 et
863 1856 882 1897 a
902 1837 1027 1897 flumine

112 1920 267 2003 usquead
290 1922 438 1983 terminos
460 1921 542 1982 orbis
565 1931 723 1984 terrarum.

421 2003 527 2079 Tertio
550 2023 704 2085 suppono.

188 2087 314 2151 Fideles
337 2087 567 2162 Christianos2)
591 2107 685 2168 posse
708 2108 777 2147 esse
806 2090 959 2168 perlectos
992 2096 1023 2146 et

111 2190 277 2252 pauperes,
301 2171 416 2231 relictis
440 2171 581 2231 omnibus
604 2173 665 2230 suis
696 2172 803 2247 rebus,
833 2173 876 2231 ita
898 2180 931 2230 ut
952 2170 1026 2229 nihil

112 2257 223 2335 proprii
245 2253 389 2316 babeant.

462 2337 549 2397 Tunc
570 2355 676 2416 arguo,

190 2423 311 2483 Dentur·
332 2419 405 2491 hi³)
430 2418 537 2481 fideles
560 2422 589 2479 in
609 2427 747 2480 extremo
770 2420 873 2498 aliquo
898 2421 1027 2479 termino

111 2512 215 2583 tarrae,
239 2504 368 2585 perfecti
390 2510 420 2562 et
437 2523 604 2584 pauperes,
627 2503 767 2562 credisne
791 2503 953 2580 Christum,
977 2503 1028 2580 qui

112 2586 209 2669 legem
245 2607 331 2648 suam
356 2586 454 2646 voluit
476 2606 545 2647 esse
567 2606 710 2661 stravam,
745 2586 896 2660 voluisse,
921 2594 953 2645 ut
976 2605 1030 2664 per·

113 2678 224 2731 tuntum
248 2672 306 2731 iter
329 2670 420 2729 tanus
448 2669 618 2749 sumptibus
642 2669 749 2728 fideles
772 2671 817 2727 sui
849 2670 1027 2747 episcopum

113 2754 242 2815 elloma
262 2753 421 2834 palliatum
444 2760 476 2812 et
498 2752 708 2813 confirmatum
733 2750 928 2830 acciperent?
951 2750 1028 2809 Num

114 2836 181 2898 biuc
202 2857 276 2897 vere
310 2835 379 2915 plus
407 2837 604 2915 imposuisset
637 2836 739 2895 oneris
762 2835 912 2895 ecclesiae
946 2853 1030 2906 suae

114 2938 201 2998 quam
239 2938 372 2998 unquam
405 2919 551 2998 imposuit
574 2938 761 2999 synagogae.
806 2918 885 2992 Quin
912 2918 1029 2996 coegis-

115 3010 157 3065 set
176 3023 232 3064 cos
256 3002 430 3083 paupertati
453 3002 653 3082 evangelicae
675 3002 871 3077 renunciare,
905 3009 936 3059 et
958 3018 1029 3058 oon-

117 3092 229 3167 tempto
261 3090 428 3166 praecepto
457 3086 522 3144 cius
550 3105 654 3144 curam
676 3085 790 3145 habere
822 3094 852 3144 et
879 3083 1029 3144 sollicitos

116 3188 196 3249 esse,
234 3167 392 3249 quomodo
411 3167 532 3229 divitias
556 3176 586 3228 et
609 3176 746 3247 sumptus
784 3177 1029 3237 crrarcervareut„

118 3271 171 3331 quo
210 3252 307 3334 pallia
341 3257 372 3311 st
411 3250 660 3311 confirmationes
696 3253 860 3332 impetrare
896 3256 1032 3330 possent.

117 3335 188 3398 llam
211 3337 238 3397 si
260 3344 308 3396 est
328 3335 374 3393 ius
399 3333 550 3412 divinum,
574 3337 739 3414 episcopos
762 3353 869 3394 ornnes
893 3354 910 3393 e
932 3335 1030 3394 Roma

117 3421 261 3501 accipere,
285 3438 348 3478 nou
371 3417 592 3478 licethooullo
614 3419 662 3478 vel
686 3419 746 3478 loci
768 3418 818 3476 vel
841 3437 941 3477 rerum
957 3435 1030 3477 casu

118 3502 294 3584 intringere,
323 3519 361 3560 ac
382 3521 437 3580 per
466 3501 527 3561 boc
548 3501 713 3582 iufringere
735 3508 858 3580 oportet
879 3501 961 3560 aliud
984 3502 1029 3558 ius

147 3664 177 3763 ι’)
198 3695 230 3746 ln
259 3691 425 3745 editionibus
453 3692 572 3759 origin:
602 3691 857 3758 repensationem.
895 3693 923 3751 a»
947 3693 1030 3747 niu:

117 3763 282 3821 cumeram..
309 3765 338 3826 3)
358 3762 444 3816 loru:
464 3764 502 3818 uu

140 3867 229 3908 cuceri
243 3877 296 3915 opp.
311 3867 337 3908 v.
350 3868 378 3909 a.
394 3868 423 3908 au
436 3869 476 3908 rer.
490 3869 541 3907 sus
555 3868 569 3906 r.
581 3879 605 3917 ρ.
620 3868 667 3909 vu,
683 3868 723 3907 ru.
828 3838 866 3902 19
