2346 4208
289 278 341 335 pro
361 265 573 321 laborantibus-
585 271 614 320 ct
627 264 765 321 mersus.
933 265 992 330 ltt

69 450 191 529 Quibus
212 464 377 534 postumus
406 452 564 514 obstruere
586 472 622 515 os
645 473 761 531 eorum,
783 453 835 532 qui
850 449 882 536 ¹)
905 452 993 514 huius

68 538 154 597 vitae
176 535 264 617 plura
281 535 371 615 mala,
394 554 483 615 quam
507 537 588 598 bons
610 538 713 598 inesse
725 537 837 618 ingrati
848 537 994 617 garriunt,

66 638 140 680 cum
169 619 253 681 bona
279 626 311 680 et
336 622 495 680 suavitatis
523 619 642 681 infinita
670 620 918 681 commodanon
938 620 991 681 de

67 704 141 781 sint,
163 702 217 763 sed
240 702 342 763 desint
353 703 404 781 qui
416 703 588 784 intelligant
610 723 675 764 cum
689 704 754 781 illo,
777 704 827 782 qui
849 702 991 783 dixit⁸)·:

68 785 281 847 Misenicordia
303 786 426 845 Domini
449 785 542 865 plena
563 793 610 847 est
631 794 726 865 terra,
754 787 930 847 etiterum:
952 786 993 848 m

67 867 168 929 laudis
190 871 256 929 sius
269 868 363 949 plena
384 876 432 928 est
453 875 550 947 terra3
572 876 604 930 st
626 869 705 932 Psal.
723 867 839 943 l03²tz
862 869 991 950 impleta

67 958 117 1013 est
140 960 220 1012 tems
250 952 450 1032 possessione
472 959 540 1030 tua,
567 951 727 1014 delectasti
751 971 816 1029 me,
846 952 989 1031 Domine,

64 1036 100 1096 in
121 1035 239 1096 iectura
261 1041 322 1096 tua.
796 1091 798 1095 ,

65 1136 69 1149 ·
150 1118 230 1180 Hinc
249 1115 389 1198 quotidie
411 1119 548 1177 canimus
569 1119 601 1177 in
626 1118 781 1194 missc⁸):
811 1119 897 1179 Pleni
919 1127 990 1180 sunt

65 1200 148 1262 coeli
177 1207 208 1262 et
234 1207 315 1262 terra
343 1201 443 1282 gloria
473 1207 533 1262 tua.
585 1201 646 1261 Gur
672 1201 753 1261 hoc?
791 1203 865 1282 quia
894 1202 990 1262 multa

67 1285 168 1360 bona,
201 1283 282 1344 unde
305 1283 458 1362 laudetur,
492 1302 596 1344 verum
619 1285 658 1344 ab
680 1285 717 1344 iis
738 1284 906 1365 duntaxat,
936 1286 989 1365 qui

65 1367 174 1442 uident
208 1367 289 1429 hanc
317 1367 549 1448 plenitudinem.
598 1366 683 1429 Sicut
715 1370 796 1428 enim
833 1368 872 1428 de
901 1369 989 1429 malis

64 1457 190 1532 spectro
203 1452 301 1531 primo
323 1450 465 1529 diximus,
488 1456 606 1511 tantum
628 1459 676 1511 est
697 1452 847 1511 malorum
869 1454 990 1532 cuique,

61 1541 184 1614 quanta
204 1552 310 1594 eorum
334 1535 438 1614 opinio
450 1538 494 1594 ‘et
513 1534 668 1614 cognitio:
695 1535 740 1593 ita
760 1540 792 1594 et
814 1535 896 1595 bona
917 1536 990 1596 licet

64 1616 202 1696 undique
223 1634 280 1678 nos
302 1624 410 1698 petant
431 1623 463 1677 et
483 1616 629 1696 obruant,
661 1624 764 1677 tamen
796 1625 882 1678 tanta
908 1625 989 1698 sunt,

63 1708 182 1780 quanta
202 1703 411 1762 aestimantur.
454 1698 532 1760 Nam
554 1703 680 1779 cuncta,
703 1719 782 1779 quas
802 1700 876 1761 fecit
895 1701 988 1780 Deus,

63 1790 139 1843 sunt
167 1783 258 1844 valde
290 1782 387 1862 bona,
425 1802 487 1842 non
522 1791 625 1843 tamen
657 1783 732 1844 talia
773 1785 811 1844 ab
846 1783 988 1845 omnibus

61 1874 283 1948 agnoscuntur.
322 1865 438 1941 Quales
461 1867 505 1926 illi
527 1873 616 1926 erant
637 1866 717 1930 Psal.
731 1871 769 1932 77
791 1865 843 1942 4);
867 1867 908 1928 Et
930 1886 986 1948 pro

63 1950 161 2010 nihilo
183 1950 356 2010 habuerunt
378 1960 488 2010 teriam
511 1948 755 2011 desiderabilem.

146 2032 243 2093 Huius
275 2034 388 2113 spectri
408 2032 583 2114 exemplum
607 2033 842 2114 pulcherrimum
870 2040 902 2094 et
922 2052 987 2093 eru·
1062 2064 1068 2085 ·

62 2117 245 2177 ditissimum
268 2115 358 2177 nobis
380 2117 508 2196 praebet
528 2117 583 2177 lob
597 2115 669 2200 ¹⁸¹³⁸),
692 2119 743 2196 qui
766 2116 876 2177 ablatis
898 2116 987 2178 bonis

62 2200 206 2261 omnibus
219 2198 311 2260 dixit:
333 2200 364 2260 Si
387 2201 469 2260 bona
483 2201 674 2280 suscepimus
696 2200 736 2261 de
751 2219 840 2260 manu
853 2201 988 2279 Domini,

63 2283 146 2343 mala
168 2301 262 2362 quare
283 2302 345 2344 non
368 2283 597 2344 sustineamus?
620 2283 839 2346 Vere'verbum
862 2305 987 2345 aureum

63 2374 95 2426 et
128 2373 239 2446 potens
268 2369 299 2425 in
334 2370 505 2427 tentatione
537 2368 721 2428 consolatio.
765 2367 924 2447 Siquidem
956 2378 989 2429 et

61 2451 130 2530 ipse
153 2468 214 2510 non
238 2449 337 2510 solum
360 2450 547 2531 patiebatur,
580 2449 636 2510 scd
657 2450 696 2511 ab
720 2471 816 2511 uxore
844 2470 899 2510 sua
922 2459 985 2512 ten·

63 2533 187 2593 tabatur
207 2533 246 2592 ad
269 2533 509 2613 impatientiam,
542 2532 664 2593 dicente
686 2532 747 2593 illi:
784 2534 894 2594 Adhuc
921 2554 986 2614 per·

66 2635 174 2676 manes
206 2619 237 2676 iu
271 2618 449 2676 innocentia
483 2616 560 2677 tua?
603 2615 740 2675 Benedic
768 2617 918 2695 Domino,
957 2626 988 2678 et

63 2717 195 2761 morere.
239 2698 333 2775 Quasi
357 2699 486 2760 diceret:
514 2699 707 2759 Manifestum
731 2708 796 2777 est,
818 2701 900 2779 quod
923 2718 986 2761 non

61 2785 102 2853 sit
123 2783 216 2862 Deus,
240 2784 291 2862 qui
313 2784 357 2842 sic
380 2789 411 2842 te
432 2782 633 2862 derelinquit,
672 2787 725 2843 cur
748 2802 823 2864 engo
845 2785 876 2843 in
899 2783 983 2844 illum

60 2865 201 2943 contidis,
224 2885 344 2926 acuon
369 2868 470 2946 potius
494 2876 618 2947 negato,
641 2874 672 2927 et
694 2868 737 2928 sic
761 2867 924 2927 maledicto
946 2886 986 2928 so

61 2950 223 3010 mortalem
253 2956 283 3010 te
311 2953 472 3030 agnoscis,
507 2941 559 3010 'cui
596 2957 668 3030 post
690 2950 770 3010 hanc
792 2951 886 3010 vitam
909 2951 984 3011 nihil

59 3033 210 3113 reliquum
246 3034 304 3093 sit?
343 3034 427 3093 Haec
459 3043 489 3094 et
519 3033 633 3094 similia
668 3042 699 3094 ct
732 3036 895 3113 uuicuique
929 3054 985 3094 sua
1028 3079 1037 3097 .

49 3118 201 3197 suggerit
227 3134 305 3177 uxor
329 3117 377 3194 (id
406 3127 468 3194 est,
503 3117 704 3193 sensualitas)
739 3119 770 3176 in
804 3119 985 3196 tentatione,

59 3202 132 3279 quia
154 3219 262 3260 sensus
285 3221 347 3261 uon
370 3203 459 3281 sapit,
484 3220 562 3280 quae
585 3201 640 3260 Dei
662 3207 741 3261 sunt.

143 3285 255 3344 Verum
280 3285 477 3345 haecomnia
499 3284 573 3344 sunt'
591 3284 765 3364 corporalia
789 3286 879 3363 hona,
902 3304 983 3346 com·

59 3370 165 3428 munia
187 3368 339 3429 omnibus.
378 3369 575 3429 Christianus
605 3388 677 3429 vero
709 3369 778 3429 aliis
801 3370 893 3449 longe
923 3388 983 3430 me·

58 3537 100 3543 ...tn
105 3537 434 3545 ω-α-κ-ψ

61 3633 70 3641 ”
130 3621 372 3716 lJIued.Jen.:
399 3653 508 3720 quibus.
564 3653 782 3713 mutuanti.
842 3657 988 3714 3tlbid.:
1046 3683 1051 3693 ·

56 3725 131 3778 canit
150 3724 274 3776 ecclesia.
312 3725 344 3789 4)
366 3726 447 3778 lbid.:
468 3727 511 3780 78.

129 3796 156 3863 ’)
175 3795 246 3850 Psal.
267 3795 310 3850 33.
349 3797 516 3864 ⁸⁸)10b.t.
