2346 4208
467 275 502 329 ad
518 275 641 331 monem
661 274 696 332 Χ.
987 271 1051 339 213

126 462 232 545 sedes,
256 463 338 524 sicut
360 463 473 524 Daniel
493 464 523 523 in
548 463 651 524 medio
673 463 812 541 leonum,
836 469 868 523 et
888 481 956 523 oum
977 461 1053 524 llae-

124 546 225 609 clrialo
243 547 321 607 inter
337 547 517 628 scorpiones
529 545 659 624 habitas,
674 547 746 626 quid
757 547 804 608 bis
817 547 961 607 monstris
975 560 1053 608 uuus

125 629 295 711 opponas?
317 630 407 691 Adde
429 630 481 690 tibi
505 629 725 691 eruditissimos
749 638 780 690 et
802 631 935 710 optimos
949 628 1052 690 Cardi-

125 713 215 774 nales
249 719 313 773 tres
341 719 395 774 aut
433 719 573 792 quatuor.
616 711 895 795 Quidh11)inter
926 712 1051 774 tantos?

124 795 209 859 Ante
231 815 353 858 veneno
378 795 522 857 omnibus
551 797 740 876 pereundum
762 795 865 875 vobis,
899 793 1052 876 quamde

123 879 263 941 remedio
287 886 422 941 statuere
444 881 690 960 praesumeretis.
734 880 844 940 Actum
869 886 916 940 est
939 878 1051 940 deRo-

124 981 219 1024 mana
239 964 341 1039 curia,
361 964 503 1045 pervenit
523 964 555 1022 in
567 982 634 1023 eam
652 963 698 1023 i'ra
707 963 765 1024 Dei
778 981 874 1042 usque
893 964 925 1022 iu
947 962 1050 1024 linem.

125 1045 267 1108 Ooncilia
289 1045 371 1123 odit,
392 1046 552 1106 reformari
568 1048 698 1123 metuit,
732 1047 864 1106 furorem
885 1047 1050 1126 impietatis

125 1148 201 1190 suae
223 1130 363 1210 mitigare
383 1130 499 1207 nequit,
522 1136 553 1189 et
563 1131 674 1211 implet
689 1131 793 1190 matria
810 1148 884 1189 suae
906 1130 1051 1210 elogium,
1095 1142 1100 1146 ·

124 1212 165 1273 de
186 1231 249 1292 qua
270 1211 399 1273 dicitur:
423 1212 603 1273 (iuravimus
627 1213 833 1293 Babylonem,
866 1219 898 1272 et
919 1230 981 1272 non
1004 1218 1052 1273 est

124 1301 245 1368 sauata,
268 1294 516 1376 derelinquamus
540 1315 618 1356 eam.
663 1295 762 1357 Officii
778 1295 900 1374 quidem
924 1297 965 1355 tui
980 1294 1050 1356 Oar-

124 1377 334 1458 dinaliumque
356 1386 476 1439 tuorum
498 1379 613 1455 fuerat,
644 1379 692 1440 his
713 1379 802 1439 malis
824 1377 962 1458 mederi,
995 1377 1050 1439 sed

122 1461 206 1522 ridet
224 1463 375 1522 medicam
407 1463 468 1521 ista
499 1461 640 1543 podagra
675 1481 813 1536 manum,
850 1468 881 1521 et
905 1479 964 1521 nec
985 1479 1050 1520 eur·

122 1543 208 1621 rus²)
225 1544 310 1605 audit
324 1544 470 1607 habenas.
493 1544 561 1606 Hae
574 1543 739 1606 affectione
757 1551 855 1604 taetus
867 1543 952 1604 dolui
973 1562 1051 1604 sern-

123 1647 196 1709 per,
224 1628 341 1708 optime
363 1628 441 1702 Leo,
471 1627 518 1687 bis
541 1627 652 1689 seculis
674 1635 705 1689 te
727 1625 904 1708 pontificem
926 1627 1050 1708 facturn,

122 1712 175 1792 qui
197 1709 373 1772 melioribus
386 1710 495 1792 dignus
518 1730 596 1773 eras.
619 1708 688 1771 Non
712 1711 793 1771 enim
805 1710 947 1770 Romana
967 1711 1051 1770 auria

123 1799 258 1856 meretur
278 1801 310 1855 te
327 1795 437 1874 tuique
451 1794 584 1872 similes,
614 1793 669 1855 sed
691 1802 830 1854 satanam
851 1794 969 1873 ipsum,
999 1795 1049 1872 qui

122 1884 156 1940 et
178 1896 251 1938 vere
270 1877 340 1958 plus
362 1895 452 1957 quam
476 1884 507 1938 tu
529 1878 560 1937 in
582 1877 745 1959 Babylone
765 1878 825 1937 ista
846 1883 964 1957 regnat

206 1959 233 2020 Ο
255 1961 370 2020 utinam
392 1959 533 2041 deposita
555 1962 626 2038 ista,
648 1979 738 2040 quam
761 1959 815 2021 tibi
827 1959 957 2040 gloriam
980 1977 1050 2018 esse

122 2047 242 2105 iactant
263 2044 369 2104 hostes
392 2045 435 2104 tui
457 2043 664 2123 perditissimi,
689 2045 807 2124 privato
823 2043 925 2123 potius
950 2059 1048 2102 sacer·

122 2127 255 2206 dotiolo,
278 2134 331 2187 aut
353 2126 544 2187 haereditate
566 2135 696 2208 paterna
718 2128 884 2204 victitares,
906 2125 965 2185 hae
986 2125 1051 2205 glo·

122 2211 170 2271 ria
192 2211 318 2291 gloriari
343 2229 405 2271 non
428 2216 499 2269 aunt
510 2210 605 2290 digni,
628 2212 685 2271 nisi
704 2208 911 2272 Sobariotides
929 2205 976 2284 ³),
998 2207 1052 2268 filii

122 2293 316 2374 perditionis.
361 2292 440 2367 Quid
464 2294 545 2352 enim
567 2295 643 2353 facis
665 2295 696 2353 in
719 2295 811 2370 curia,
834 2295 875 2352 mi
895 2292 968 2367 Leo,
991 2292 1050 2352 nisi

122 2382 172 2452 ut,
195 2394 257 2456 quo
280 2377 408 2455 quisque
431 2384 478 2436 eat
513 2378 692 2437 sceleratior
720 2383 751 2437 et
772 2378 978 2452 exsecratior,
1013 2394 1051 2436 eo

120 2460 241 2520 felicius
264 2465 365 2520 utatur
387 2466 439 2519 tuo
462 2460 587 2518 nomine
620 2467 651 2518 et
672 2460 836 2520 autoritate
858 2458 897 2518 ad
920 2457 1048 2538 perden-

120 2543 178 2603 das
204 2542 362 2603 hominum
385 2543 532 2622 pecunias
555 2543 725 2621 etonimas,
749 2540 788 2602 ad
812 2541 1047 2620 multiplicanda

123 2625 259 2701 seelera,
281 2623 321 2685 ad
343 2625 577 2706 opprimendam
600 2624 690 2685 fidem
714 2631 746 2685 et
766 2625 942 2703 veritatem,
982 2643 1050 2683 curn

123 2714 193 2769 tota
216 2707 349 2768 eeclesia
372 2709 438 2768 Dei.
484 2707 641 2769 Orevera
672 2707 881 2767 infelicissime
903 2706 985 2782 Leo,
1018 2713 1050 2766 et

121 2791 385 2872 periculosissimo
422 2791 535 2852 sedens
563 2791 660 2867 solio,
693 2791 853 2851 veritatem
891 2791 971 2850 enim
995 2790 1050 2849 tibi

123 2874 211 2953 dieo,
235 2874 307 2953 quia
327 2872 410 2935 bona
431 2875 485 2935 tibi
506 2874 599 2951 volo;
638 2875 662 2933 si
692 2874 772 2934 enim
796 2872 971 2933 Bernardus
993 2890 1049 2932 suo

125 2958 294 3018 Anastasio
309 2953 344 3035 ⁴)
369 2959 568 3036 compatitur,
605 2976 673 3016 oum
712 2956 812 3016 adhuc
833 2956 960 3017 meliora
994 2975 1051 3034 spe

122 3041 266 3102 Romana
288 3039 387 3119 sedes,
410 3040 483 3100 licet
505 3047 568 3101 tum
591 3059 714 3120 quoque
736 3040 974 3120 corruptissima,
996 3039 1050 3097 irn-

123 3131 257 3204 peraret,
280 3122 352 3202 quid
375 3142 431 3182 nos
454 3142 517 3183 non
533 3142 705 3202 queramur,
727 3123 836 3202 quibua
851 3123 881 3182 in
905 3121 1048 3181 trecentis

124 3207 215 3267 annis
239 3212 355 3266 tanturn
380 3208 512 3267 accessit
533 3207 737 3287 corruptionis
760 3213 791 3266 et
813 3203 1014 3286 perditionis?

207 3288 319 3350 Nonne
340 3309 445 3349 verum
470 3298 533 3368 est,
571 3289 626 3350 sub
650 3296 738 3350 vasto
772 3291 832 3352 iato
862 3288 951 3350 coelo
974 3286 1050 3347 nihil

123 3390 194 3433 ease
207 3372 349 3432 Romana
363 3373 447 3434 curia
460 3375 640 3452 corruptius,
663 3373 866 3452 pestilentius,
891 3369 1050 3431 odiosius?

123 3455 408 3535 incomparabiliter
436 3457 518 3516 enim
539 3455 706 3516 Turcarum
734 3458 829 3517 vincit
850 3456 1049 3535 impietatem,

139 3593 193 3665 ‚tt
216 3591 246 3644 Iu
267 3591 309 3646 ed.
325 3593 406 3649 1521:
426 3593 474 3646 hii.
494 3592 526 3661 2)
540 3594 570 3644 ln
591 3591 633 3646 ed.
648 3593 719 3660 orig.
739 3592 857 3662 legitur:
877 3597 904 3645 et
924 3607 974 3644 nac
994 3606 1051 3642 cur·

123 3679 171 3716 rus
193 3679 244 3715 nec
263 3665 340 3717 audit
360 3665 496 3726 habenas,
524 3668 552 3717 iu
572 3665 614 3717 ed.
634 3664 722 3719 1521:
743 3669 770 3718 et
789 3681 839 3718 nec
858 3679 954 3717 currus
974 3662 1051 3715 audit

123 3736 262 3877 {2233
297 3736 328 3804 3)
357 3736 388 3789 ln
413 3737 456 3791 ad.
483 3737 565 3796 1521:
584 3735 776 3858 sentienda-av
797 3736 829 3805 l)
850 3736 881 3791 In
907 3735 1048 3847 edrleuae
