2346 4208
354 287 389 342 de
407 286 586 344 Sacramenta
605 289 746 360 baptismi.
942 286 1006 354 405

87 473 188 533 omnis
217 473 341 555 generis
378 473 576 551 afflietiones,
617 476 708 535 etiam
739 475 839 554 ipsam
866 480 1007 556 mortem

86 574 142 635 per
162 554 348 636 baptismum
378 556 543 618 salutarem
573 577 610 618 ao
631 557 736 619 utilem
772 555 867 636 efflei,
902 563 937 618 ut
967 559 1007 619 slt

87 656 144 698 eeu
166 640 417 716 instrumentum,
449 659 509 719 quo
533 640 701 720 baptismus
730 639 770 700 ad
799 639 1006 703 mortificatio·

87 740 157 782 nem
181 723 282 784 utitur.
325 722 433 801 Neque
462 725 542 783 enim
565 724 654 784 aliter
674 722 741 783 fieri
761 729 882 803 potest,
915 741 1005 804 quam

87 810 121 864 ut
141 803 195 881 illi,
218 806 269 884 qui
291 804 444 885 baptismo
468 807 646 868 satisfacere
679 812 710 866 et
731 807 866 886 pennatis
883 805 1007 866 liberari

86 887 204 964 volunt,
227 889 405 950 moriantur.
449 888 529 964 Quia
555 895 657 950 autem
680 895 841 969 peecatum
863 889 1005 949 nonnisi

86 976 228 1030 ooaotum
243 973 379 1051 moritur,
401 971 472 1033 ideo
486 974 577 1033 etiam
601 972 643 1049 fit,
666 980 793 1033 utmors
817 977 879 1032 tam
894 972 1007 1032 acerba

87 1059 119 1114 et
148 1053 300 1114 horribilis
334 1056 416 1114 earni
440 1062 597 1135 appareat.
641 1054 752 1133 Sisque
775 1055 926 1115 cernimus
948 1053 1006 1116 Dei

85 1141 150 1196 tum
171 1135 413 1198 misericordiam
442 1145 505 1198 tum
529 1138 700 1218 potentiam
731 1139 888 1215 salure,
923 1136 1006 1216 quod

85 1225 246 1298 pennatum
269 1226 369 1280 morte
389 1220 522 1297 tollitur,
555 1239 633 1299 quae
656 1240 738 1281 mors
760 1222 879 1300 peceati
903 1227 1005 1280 tamen

86 1307 134 1362 est
153 1301 268 1362 fruetus
291 1308 322 1364 et
342 1321 471 1379 meroes,
494 1304 573 1363 sient
597 1323 664 1363 eam
678 1304 790 1363 Paulus
814 1304 1006 1366 voeatltom.

86 1388 114 1448 6.
138 1379 156 1450 ὅ
190 1382 274 1448 ὥνια
295 1389 350 1468 τῆς
372 1380 536 1468 ἁμαρτίας
557 1384 716 1460 θάνατος.

203 1469 310 1529 venias
334 1475 436 1529 autem
464 1469 576 1530 multos
598 1471 728 1549 passim,
763 1470 814 1549 qui
836 1468 951 1528 vallent
973 1486 1006 1528 se

84 1551 181 1611 iustos
204 1570 281 1628 esse,
304 1570 405 1631 neque
427 1552 509 1611 aliud
531 1571 630 1631 aeque
645 1558 794 1631 expetunt
815 1569 853 1611 ae
867 1558 1005 1611 sanatam

85 1634 189 1694 vitam.
236 1634 350 1695 Verum
383 1655 446 1695 non
480 1641 527 1695 est
555 1634 616 1694 alia
645 1636 742 1714 magis
777 1632 1008 1713 compendiaria

85 1716 144 1794 via,
167 1734 227 1795 qua
248 1719 399 1778 iustitiam·
409 1737 617 1798 assequamur,
641 1735 732 1796 quam
753 1736 809 1796 per
821 1714 1006 1795 baptismum

85 1800 212 1878 eiusque
232 1819 319 1880 opus,
337 1800 398 1861 hoo
419 1807 475 1878 est,
497 1820 553 1880 per
568 1819 690 1861 oruoem
713 1805 896 1860 etmortem.
919 1796 1007 1872 Quae

85 1901 153 1941 eum
175 1881 219 1942 illi
240 1883 377 1965 fugiunt,
411 1888 554 1963 apparet,
587 1882 670 1962 quod
698 1901 799 1961 neque
824 1881 1006 1960 intelligant,

85 1963 158 2044 quid
180 1966 219 2024 sit
239 1967 353 2025 iustum
376 1986 461 2045 esse,
485 1985 584 2046 neque
608 1967 700 2027 etiam
723 1984 795 2025 vere
816 1962 847 2024 id
871 1964 1004 2043 eupiunt.
1066 2033 1074 2041 N
1125 1945 1130 1957 ⁸

76 2107 78 2110 .
166 2048 250 2108 Dens
271 2049 363 2128 igitur
390 2051 420 2108 in
450 2051 534 2109 varia
556 2051 640 2109 vitae
661 2068 776 2129 genera
799 2047 932 2108 coniecit
952 2045 1005 2106 ho·

86 2131 192 2208 mines,
216 2132 246 2189 iu
270 2131 378 2209 quibus
401 2151 435 2191 se
458 2134 587 2210 quisque
609 2137 768 2192 exerceret
788 2140 819 2189 et
841 2148 926 2188 suam
948 2128 1006 2188 fer·

84 2219 131 2272 ret
153 2232 285 2273 erucem.
327 2214 388 2273 Alii
409 2216 516 2275 vivunt
538 2218 568 2274 in
592 2216 746 2294 coniugio,
770 2213 822 2272 alii
843 2213 1005 2291 imperant,

86 2295 136 2355 alii
159 2297 309 2375 imperata
330 2298 453 2357 faciunt.
497 2299 592 2358 Porro
623 2297 652 2356 hi
683 2316 790 2357 omnes
819 2297 892 2354 satis
922 2294 1005 2354 labo-

84 2397 149 2438 rum
183 2398 220 2438 eo
255 2379 463 2439 molestiarum
495 2380 625 2455 habent,
663 2380 771 2457 quibus
808 2376 1007 2438 mortificetur

85 2479 167 2522 earo.
196 2461 236 2521 Et
258 2464 282 2521 si
306 2464 356 2540 qui
378 2462 522 2541 baptizati
546 2469 624 2541 sunt,
647 2463 705 2521 illis
729 2463 835 2538 otium,
857 2461 1005 2519 securitas

85 2549 116 2604 et
136 2563 198 2623 pax
221 2544 325 2604 muudi
348 2564 404 2605 eeu
427 2565 578 2605 venenum
602 2553 663 2622 est,
694 2543 776 2622 quod
798 2545 910 2602 iustum
934 2541 1005 2620 bap·
1066 2560 1071 2571 ·

85 2628 166 2686 tismi
189 2646 266 2706 opus
288 2635 474 2697 remoratur,
504 2647 604 2704 neque
633 2629 713 2687 enim
737 2627 795 2701 illi,
833 2626 884 2703 qui
906 2625 1006 2684 otiose

85 2729 123 2769 ao
145 2729 251 2769 secure
274 2717 385 2791 agunt,
418 2717 471 2770 aut
500 2729 621 2769 eroaem
650 2717 681 2768 et
708 2715 837 2768 mortem
861 2707 1006 2782 tolerare,

86 2800 138 2852 aut
159 2801 322 2872 peecatum
345 2794 448 2854 odisse
471 2800 607 2873 possunt.
649 2792 717 2852 Hoe
739 2791 841 2871 potius
863 2789 936 2848 inde
958 2807 1006 2848 ao·

86 2875 168 2953 uidit,
191 2881 223 2935 nt
244 2876 325 2935 hane
345 2878 439 2936 vitam
463 2877 617 2936 ardentius
640 2874 899 2954 complectantur,
921 2871 1004 2931 illam

86 2964 188 3018 autem
210 2959 341 3018 futuram
365 2972 395 3018 et
417 2966 572 3019 aeternam
595 2959 750 3034 horreant,
774 2963 911 3016 metuant
929 2956 1009 3013 mor·¹

86 3047 157 3117 tem,
179 3047 270 3120 atque
292 3050 489 3121 peecatorum
512 3041 780 3102 mortificationem
803 3038 965 3117 refugiant.

168 3125 297 3184 Decimo
320 3127 467 3204 septimo,
498 3127 557 3184 iam
581 3143 654 3204 ergo
684 3125 709 3182 si
731 3123 889 3182 homiuum
913 3121 1006 3179 vitam

86 3224 123 3266 aa
152 3226 252 3267 mores
281 3207 457 3288 diligentius
486 3209 648 3284 intuearis,
684 3206 795 3265 multos
827 3204 941 3284 passim
963 3203 1007 3261 in·

87 3291 208 3368 venias,
243 3291 293 3368 qui
315 3292 451 3365 ieiuniis,
480 3290 684 3364 orationibus,
709 3283 1007 3368 peregrinationibus

87 3379 118 3432 et
140 3373 288 3433 similibus
312 3374 455 3452 operibus
488 3393 550 3433 non
573 3372 612 3433 ad
635 3370 847 3433 mortificanda
868 3373 1007 3449 peecata,

86 3455 141 3516 sed
163 3455 202 3515 ad
224 3455 460 3536 promerendam
482 3458 611 3536 gratiam
641 3463 671 3515 et
694 3451 878 3513 cumulanda
900 3451 1008 3511 merita

86 3545 219 3599 utantur.

170 3623 282 3681 Verum
306 3622 488 3681 ieiuniorum
513 3627 545 3680 et
566 3621 695 3681 aliorum
714 3619 857 3678 similium
880 3634 1007 3695 operum

86 3706 136 3765 hio
159 3724 228 3765 esse
252 3704 385 3765 debebat
406 3724 499 3782 usus,
521 3713 554 3763 ut
576 3709 712 3763 veteram
735 3702 887 3761 Adamum
909 3698 1008 3757 illam-

88 3807 147 3868 que
168 3789 304 3849 innatam
336 3787 375 3847 ad
398 3786 589 3868 peeoandum
623 3788 684 3845 vim
707 3789 881 3866 premerent
909 3788 941 3842 et
961 3798 1007 3840 as·
