2346 4208
345 266 418 333 1111.
437 268 473 325 ds
490 272 628 340 potestate
645 268 747 341 Papus.
950 264 1012 337 305

101 454 171 515 rium
193 455 409 537 apostolorum
427 474 475 534 os,
498 462 648 517 atvertex
660 458 807 518 consortii
819 460 921 537 totius,
943 476 1013 518 oum

101 554 198 599 >mnus
219 538 403 620 interrogati
415 546 530 619 essent,
551 541 618 619 ipse
631 539 716 600 solus
726 540 905 621 respondet.
928 540 1011 623 lilrgo

102 638 151 683 ron
173 620 216 681 ad
238 622 341 683 solum
362 622 485 683 Petrum
519 622 578 683 ista
599 623 687 683 loous
709 624 859 703 pertinet,
895 622 950 684 sed
972 624 1011 684 ad

102 720 219 849 ruoz,
247 705 369 765 stinmsi
392 706 508 786 primus
530 712 562 765 et
582 706 726 786 prinoeps
748 707 829 767 inter
850 706 1012 787 apostolos

206 788 275 853 arit.

102 804 153 869 μ
168 868 205 932 Β.
227 870 419 952 Augustinus
439 870 519 931 Psal.
544 868 662 954 108¹):
687 870 773 933 Siout
794 870 945 951 quaedam
969 870 1012 930 di-

102 958 213 1031 ntur,
236 972 327 1033 quse,
351 951 454 1036 [oum]
482 952 522 1014 ad
543 954 719 1034 apostolum
742 954 866 1014 Petrum
887 954 1011 1034 proprie

102 1036 244 1097 munere
264 1036 443 1116 videantur,
465 1054 524 1097 neo
545 1044 648 1098 tamen
662 1037 778 1099 habeut
795 1036 944 1097 illustrem
965 1037 1009 1096 in-

102 1116 264 1197 mesum,
287 1120 345 1179 nisi
368 1137 436 1180 oum
458 1120 632 1181 reseruntur
652 1120 692 1181 ad
714 1120 899 1196 eeclesiam,
922 1120 1009 1179 onius

102 1200 139 1263 lle
159 1204 341 1283 agnoseitur
361 1204 393 1263 in
405 1200 504 1282 ligura
525 1205 661 1285 gessisse
684 1221 859 1283 personam,
882 1209 1009 1282 propter

103 1284 272 1364 muratum,
305 1304 396 1365 quem
423 1287 455 1345 in
478 1285 636 1366 discipulis
659 1286 774 1346 habuit.
818 1284 914 1347 Sicuti
946 1292 1009 1345 est:

103 1366 156 1429 libi
178 1366 261 1431 dabo
284 1369 387 1430 alares
409 1370 496 1449 regni
520 1370 696 1447 eoelorum,
725 1370 804 1429 etsi
826 1387 886 1447 qua
907 1368 1010 1428 huius·

103 1448 180 1513 nodi.
224 1453 269 1511 lta
279 1451 375 1513 ludas
386 1470 551 1532 personam
565 1453 697 1514 sustinet
711 1451 943 1531 quodammodo
965 1451 1009 1510 irr-

103 1534 248 1595 urioorum
266 1534 380 1595 Obristi
401 1542 460 1596 eto.
503 1535 610 1614 Vides,
633 1535 715 1614 quod
735 1535 839 1595 eleves
858 1534 1010 1594 eoolesiae

103 1634 119 1677 n
149 1634 286 1699 persona
314 1618 396 1679 Petri
425 1617 516 1680 datas
551 1620 669 1679 asserit.
713 1617 796 1678 idem
833 1617 884 1679 lib.
908 1621 936 1679 1-.
971 1615 1010 1677 de

103 1696 168 1761 loot
189 1700 331 1762 Christis.
353 1718 381 1763 o.
405 1704 460 1765 117:
483 1702 547 1762 Has
569 1701 661 1782 igitur
683 1701 787 1761 alares
810 1698 895 1760 dedit
908 1698 1009 1759 eools-

103 1782 153 1845 iaa
173 1802 264 1863 sune,
287 1791 321 1844 ut
341 1802 546 1865 quneounque
567 1784 704 1845 solveret
724 1784 755 1843 in
779 1790 869 1860 terra,
907 1782 1010 1843 soluta

104 1872 192 1927 mant
212 1872 244 1928 st
264 1867 297 1926 in
320 1867 426 1930 anelis.

167 1946 208 2009 ut
228 1968 284 2011 our
303 1968 367 2010 non
395 1968 453 2011 nos
488 1951 546 2030 ipsi
575 1951 677 2030 potius
709 1956 827 2010 textum
857 1955 889 2009 et
911 1946 1006 2009 verba

104 2028 196 2093 >bristi
218 2033 462 2113 oonsideramus,
484 2035 536 2113 qui
558 2052 616 2094 nos
641 2033 753 2093 olarius
775 2032 1008 2114 perseipsum

105 2115 237 2177 nstruetl

166 2198 248 2259 Dioit
260 2198 294 2280 *)
320 2201 438 2279 itaque:
463 2199 554 2259 Venit
567 2200 657 2260 lesus
672 2200 703 2258 in
716 2204 818 2278 partes
831 2197 1004 2259 Caesareae

104 2276 225 2363 bilippi,
247 2290 279 2342 et
299 2284 501 2363 interrogavit
521 2282 691 2363 discipulos
713 2300 805 2342 suos:
838 2280 936 2356 Quem
960 2279 1002 2340 di·

104 2371 159 2424 unt
178 2365 320 2426 homines
343 2384 412 2426 esse
434 2364 528 2425 filiurn
552 2366 685 2426 hominis
708 2372 767 2426 eto.

164 2448 225 2510 Ubi
260 2447 470 2530 significanter
491 2449 525 2511 B.
548 2449 693 2528 Hierony.
721 2447 884 2526 observat,
917 2447 1006 2506 aliter

105 2526 235 2592 lbristum
258 2533 466 2612 interrogasse
489 2532 527 2592 de
550 2551 593 2607 se,
617 2531 740 2610 qnando
760 2531 928 2607 hominum,
951 2528 1004 2588 ali-

105 2630 135 2673 ar
151 2614 275 2695 quaudo
299 2615 512 2695 apostolorum
535 2615 719 2675 sententiam
743 2615 903 2692 quaesivit.
928 2612 1002 2673 illos

105 2704 176 2757 rorat
206 2698 369 2774 homines,
405 2697 462 2758 hos
495 2706 598 2758 autem
622 2699 705 2757 Deos
742 2716 810 2756 esse
843 2693 1004 2775 signifieat.

105 2776 203 2841 laiude
225 2781 265 2842 de
288 2779 464 2841 hominibus
496 2800 647 2860 quaerens
670 2780 778 2839 Filium
809 2779 943 2839 hominis
972 2797 1006 2837 se

105 2864 231 2943 rppellat‚
254 2864 340 2924 velut
361 2882 442 2944 vago
456 2866 590 2925 nomine.
634 2864 676 2923 At
698 2884 736 2923 ex
749 2861 900 2942 apostolis
914 2879 1004 2939 quas·

105 2946 207 3026 ans2),
230 2966 289 3026 me,
311 2948 420 3026 inquit,
444 2954 557 3007 certam
580 2954 611 3007 et
632 2946 818 3025 singularem
840 2961 1005 3024 personam

106 3038 270 3091 nonstrans.
317 3030 419 3109 Atque
432 3031 483 3091 ubi
505 3030 544 3090 de
562 3029 737 3090 hominibus
755 3029 883 3107 quaerit,
905 3025 1005 3086 nullus

105 3108 262 3193 larignatus
286 3112 453 3193 discipulus
481 3112 665 3194 respondet:
700 3111 739 3172 ad
761 3109 1005 3192 significandum,

106 3196 168 3271 {uod
190 3198 256 3258 sine
278 3199 405 3257 nomine
428 3206 509 3274 sunt,
553 3198 604 3276 qui
633 3195 759 3274 indigna
789 3194 828 3254 de
849 3193 926 3253 Filio
947 3193 1004 3252 Dei

106 3280 228 3341 lantiunt.
272 3280 390 3355 Quibus
413 3279 493 3340 adde
516 3287 546 3340 et
569 3280 645 3356 hoo,
669 3277 751 3357 quod
776 3278 939 3357 opiniones
961 3277 1005 3335 in·

106 3370 262 3424 »natantes
286 3370 358 3424 sunt
378 3363 536 3424 hominum
560 3362 599 3423 de
614 3362 744 3425 Christo.
790 3361 832 3420 At
855 3360 905 3420 ubi
928 3378 1000 3438 apo·

106 3443 183 3506 solos
201 3447 240 3508 de
263 3467 298 3507 se
319 3448 505 3527 interrogat,
536 3446 576 3506 ibi
599 3447 735 3526 signatus
744 3443 776 3522 ³)
801 3463 878 3502 unus
902 3449 1002 3502 sertus

107 3580 506 3598 μψῄ.

135 3654 197 3720 llln
222 3660 358 3714 eddom:
392 3661 452 3716 109.
492 3659 519 3725 2)
541 3659 569 3710 ln
599 3656 641 3710 ed.
662 3657 767 3723 priore:
800 3656 829 3704 nt
859 3650 1002 3719 apostolos

107 3732 352 3860 qnffrffi‘th‚³lss{n
372 3731 414 3784 ed.
434 3730 512 3785 den:
544 3731 714 3798 designatus.

128 3883 200 3937 ¹⁴tthrrrl
214 3909 265 3949 opp.
280 3898 307 3941 V.
324 3898 351 3938 A.
366 3897 393 3937 sd
406 3897 446 3936 rot
459 3898 509 3936 lrr‘st.
522 3897 538 3936 l.
550 3908 573 3945 p.
591 3896 637 3939 Vol.
651 3897 693 3938 ΠΙ.
841 3868 883 3937 20
