2346 4208
298 218 303 238 ¹
417 244 536 302 devoto
555 247 730 318 religionum.
979 243 1041 311 348

144 427 197 495 72.
220 427 281 494 Sed
309 433 388 493 sicut
408 433 520 493 Paulus
548 434 626 515 legis
655 449 742 494 usum
772 432 960 513 legitimum,
998 432 1042 492 166

121 534 181 597 noe
203 523 346 596 volpium
367 516 524 577 docemus

141 582 194 662 73.
216 598 339 741 Ntopiplm
362 600 444 658 euim
467 605 632 660 6666666666
635 619 684 658 um
713 616 842 679 regnum
876 608 923 656 666
953 596 1041 657 111666-

121 682 249 742 6661666
313 701 350 743 er.

117 816 121 822 ,
144 765 195 828 74.
217 764 350 826 Ideot
317 771 350 824 66
373 764 472 845 legem
497 771 528 824 et
549 782 646 843 opero
667 765 732 824 eius
755 782 817 823 non
840 764 970 843 potitur,
999 764 1042 822 166

121 865 183 907 666
205 854 278 907 6666
300 866 359 907 666
379 847 546 926 religiones
570 865 686 908 eorum.
943 870 944 873 ¹

143 934 196 993 76.
218 930 304 990 Haeo
326 938 429 991 666666
451 929 660 992 libertoenon
683 930 800 1007 666616,
830 929 885 989 sed
907 929 1042 1010 spiritus,

79 1085 83 1092 ι
122 1031 180 1072 666
203 1013 412 1074 conscientiae
435 1021 492 1072 est.

143 1096 195 1159 76.
219 1095 259 1156 Ut
280 1114 354 1176 ergo
387 1115 455 1155 curu
480 1096 623 1191 apostolo
661 1093 808 1174 sublege
841 1093 907 1154 6661
929 1101 1043 1174 potest,

121 1178 175 1257 qui
198 1197 260 1237 non
284 1185 332 1238 est
353 1179 409 1239 sub
432 1179 541 1258 lege,
534 1197 598 1238 6666
622 1177 712 1238 166166
735 1178 895 1238 libertatis.

136 1264 197 1325 77.
219 1261 264 1320 166
286 1260 325 1320 ad
347 1260 485 1321 candem
501 1260 623 1321 libertet
611 1268 673 1320 tem
695 1261 837 1340 pertinet
860 1280 929 1320 sese
951 1278 1043 1340 posse

122 1351 274 1424 perpetuo
296 1350 371 1405 voto
393 1351 447 1403 666
468 1339 640 1422 cuicunque
661 1344 721 1423 legi
746 1343 887 1404 subdere.

145 1428 198 1491 78
220 1425 303 1486 'salis
325 1426 382 1485 fuit
404 1425 571 1486 Bernerdi
585 1426 710 1506 religi0,
750 1433 782 1486 66
803 1427 958 1504 omnium,
992 1426 1044 1506 qui

124 1509 222 1569 felicit
210 1516 256 1568 666
277 1508 413 1588 religiosi
437 1510 569 1570 fuerunt.

149 1589 202 1656 79.
224 1591 293 1651 Non
318 1593 410 1669 66166,
433 1599 465 1652 66
486 1591 557 1652 16661
581 1602 611 1652 66
632 1591 710 1652 solvi
731 1610 787 1671 per
808 1591 868 1652 hoc
889 1592 934 1651 vit
922 1597 973 1652 666
993 1611 1044 1672 ge·

124 1673 325 1751 66666666
347 1674 512 1735 vovebunt.

144 1757 196 1822 80
220 1756 337 1818 Sedut
304 1758 419 1818 661666
453 1757 514 1817 tide
534 1758 605 1817 iusti
639 1762 671 1818 66
658 1755 770 1816 666161
809 1754 964 1861 liberem
978 1757 1045 1816 16616

123 1841 208 1901 votis
230 1840 389 1959 degerent.

145 1925 197 1988 81.
220 1922 271 1982 sio
293 1929 358 1983 tuto
378 1920 477 2019 ι)66
488 1928 582 1982 vovet
615 1929 645 1981 et
683 1921 788 1981 vivit
781 1940 812 1980 66
834 1874 1045 2031 religionibus,

123 2007 177 2086 qui
200 2005 312 2067 tideiu
334 2006 395 2065 11116
419 2007 500 2067 vivit
1077 2064 1084 2081 .

128 2092 197 2152 82
220 2089 262 2148 Et
281 2108 344 2149 uon
370 2107 439 2168 per
436 2109 514 2149 cern
540 2090 631 2147 vitam
655 2088 762 2164 166666,
787 2085 911 2146 66666666
933 2093 965 2147 66
988 2087 1045 2146 661

127 2192 184 2232 vus
206 2171 270 2231 6661
295 2171 430 2232 contidit
563 2214 564 2217 ¹

151 2256 288 2320 831666
313 2273 381 2314 oum
400 2254 547 2333 apostolo
571 2261 708 2313 stercore
730 2250 815 2312 ducit
837 2213 922 2312 1666
914 2273 960 2312 666
963 2253 1045 2313 616166

135 2347 167 2399 66
190 2356 264 2398 6666
266 2339 368 2397 6166166
391 2344 482 2432 propt
484 2357 518 2396 er
539 2338 684 2396 1666161666
707 2334 789 2396 fidei.
1060 2348 1063 2352 ’

148 2423 198 2486 84.
222 2420 421 2500 Sacrilegium
444 2421 548 2498 itaque
578 2419 798 2496 666,6ο66116666
832 2419 1045 2499 religiosorum

132 2514 258 2564 sanctos
280 2502 447 2583 appellare.

150 2589 202 2652 85.
228 2585 293 2646 Uoc
314 2585 423 2665 religio
447 2590 555 2645 6666666
576 2591 608 2644 66
628 2583 890 2645 66666166666666
910 2584 1048 2644 616616616-

126 2671 244 2730 6166666
266 2689 321 2728 666
342 2668 428 2730 fides.

148 2755 200 2818 86.
223 2751 316 2811 Ouios
338 2750 507 2811 sanctitatis
540 2767 653 2808 nomen
691 2768 754 2811 non
782 2751 849 2809 6166
878 2750 1047 2810 animorum

130 2835 318 2914 deceptione
339 2835 406 2894 61116
429 2833 680 2892 communicetur.

150 2917 458 2982 87.]116661661666
494 2915 591 2975 abusu
614 2915 764 2992 nominis,
804 2922 836 2975 ut
870 2921 945 2975 voto
977 2915 1046 2994 plus

129 3010 274 3077 noceant,
298 3019 387 3078 quern
412 3001 515 3059 leuet
485 3007 633 3078 etopera
655 3000 729 3059 6166.
1092 3056 1101 3080 ,

150 3085 201 3148 88.
225 3083 381 3163 Siquidem
402 3083 454 3143 lex
475 3083 585 3142 saltem
611 3090 659 3144 est
680 3081 882 3161 poedagogus
904 3079 944 3139 ad
966 3079 1050 3140 Chri-

129 3175 211 3228 66666
235 3173 268 3226 66
256 3166 380 3226 ttidem
402 3168 479 3225 eius.
644 3200 647 3209 ·

150 3252 200 3314 89
224 3250 266 3308 At
287 3257 340 3308 vot
341 3269 407 3308 um
414 3249 475 3308 hoo
497 3247 590 3308 modo
612 3247 811 3377 poedagogus
830 3251 878 3306 est
865 3214 1050 3306 taOhristo

130 3341 163 3394 et
185 3331 246 3390 fide
270 3331 309 3391 ad
333 3332 444 3427 legent

151 3417 201 3479 90
224 3414 378 3511 Ferentio,
416 3415 478 3473 imo
502 3412 589 3472 661116
610 3372 744 3472 6666666
732 3410 892 3471 661666
845 3412 964 3471 6661666
987 3428 1049 3472 rno-

130 3506 202 3558 nast
204 3499 284 3575 6616,
307 3500 331 3557 61
354 3495 548 3592 paedagogio
570 3503 682 3557 essent.

151 3584 202 3644 91.
225 3580 266 3640 Ut
255 3581 373 3660 tpueri
396 3578 568 3658 adtempus
591 3579 810 3639 erudirentur·
803 3580 891 3638 ineis
915 3576 1049 3637 66161661-

132 3673 213 3723 66666
237 3671 268 3722 66
290 3663 361 3723 fidei
386 3663 568 3722 libertatem

205 3768 236 3830 1)
256 3764 288 3817 ln
308 3766 351 3819 ed.
371 3769 441 3833 orig
346 3749 549 3821 *15212
572 3771 636 3819 tute.
