2346 4208
410 267 444 322 de
463 267 591 325 libertate
610 267 775 322 Christiano.
985 262 1048 331 225

123 475 164 516 en
187 455 251 536 tibi,
272 455 364 516 orede
386 457 416 515 in
431 455 593 535 Christum,
615 456 646 515 in
669 473 729 534 quo
748 456 964 536 promittuntur
986 454 1051 534 tibi,

123 540 310 622 gratiom¹),
332 540 493 618 iustitiam,
522 557 646 620 paoem,
669 538 856 617 libertatem,
884 546 915 600 at
937 539 1051 617 omnia,

122 623 152 682 si
165 621 275 702 aredis,
299 621 437 702 habebis,
460 623 562 683 sinon
577 621 685 701 credis,
708 621 834 686 oarebis.
878 622 955 683 Nom
969 621 1052 702 quod

122 705 180 767 tibi
201 704 391 787 impossibile
413 707 511 765 estin
533 706 680 766 universis
698 705 842 784 operibus
864 705 951 787 legis,
972 723 1052 785 quae

125 788 225 850 multo
256 797 327 849 sunt
348 784 501 849 ettamen
523 788 659 866 inutilia,
686 789 768 848 sacili
790 787 975 869 compendio
999 789 1053 849 im·

124 871 227 954 plebis
264 892 320 953 per
350 871 458 932 tidem:
491 873 563 950 quia
584 871 666 932 Deus
689 871 779 932 Pater
801 873 905 933 omnio
936 873 966 931 in
989 871 1050 931 tide

123 956 243 1037 posuit,
276 962 326 1034 ut,
345 955 482 1035 quisquis
501 945 582 1016 hand
609 954 763 1033 hahuerit,
800 957 904 1016 omnia
926 954 1049 1030 hebeat,

126 1040 180 1119 qui
216 1057 278 1100 non
314 1037 469 1119 habuerit,
505 1036 732 1099 nihil'habeat.¹
775 1038 935 1100 Gonolusit
968 1039 1049 1098 enim

127 1123 235 1183 omnia
263 1120 319 1183 sub
347 1120 577 1199 incredulitate,
616 1128 647 1180 ut
684 1123 819 1181 omnium
861 1123 1050 1197 misereatur,

124 1205 217 1268 Rom.
247 1207 294 1269 11,
347 1205 398 1266 Sio
426 1206 577 1285 promisso
612 1205 669 1265 Dei
703 1204 764 1264 hoo
796 1205 928 1284 donant,
968 1203 1051 1285 quod

126 1295 297 1371 praerepta
320 1289 461 1368 exigunt,
495 1295 526 1348 et
547 1287 692 1368 implent,
715 1288 797 1366 quod
821 1287 870 1348 lex
897 1287 998 1366 iubet,
1019 1294 1053 1347 ut

125 1372 189 1432 sint
218 1372 323 1432 omnia
344 1372 439 1431 solius
462 1372 534 1448 Dei,
568 1378 629 1430 tem
652 1377 819 1451 praecepta
841 1378 871 1431 et
891 1370 1051 1451 plenitudo

125 1473 252 1534 eorum,
286 1455 354 1534 ipse
373 1454 458 1515 solus
480 1453 644 1534 praeeipit,
677 1452 761 1513 solus
791 1472 913 1533 quoque
934 1454 1051 1534 implet.

118 1536 202 1600 'ldeo
215 1539 366 1618 promissa
381 1537 438 1598 Dei
461 1537 613 1616 pertinent
632 1535 671 1596 ad
683 1555 795 1597 novum
810 1536 1051 1616 Testamentum,

124 1623 191 1682 imo
214 1626 284 1680 suot
305 1639 419 1681 novum
441 1619 681 1680 Testamentum.

211 1704 287 1765 Cum
332 1710 434 1764 autem
471 1702 550 1763 haee
581 1703 735 1783 promissa
771 1702 830 1763 Dei
866 1704 927 1762 siot
958 1701 1052 1763 verbo

126 1793 247 1866 saneta,
270 1805 359 1865 vera,
381 1788 476 1864 iusta,
499 1785 610 1864 libera,
630 1793 759 1866 paoato,
782 1793 812 1845 et
835 1787 977 1846 universa
999 1784 1051 1847 bo·

124 1871 223 1932 nitate
245 1869 346 1950 plena,
369 1868 412 1948 fit,
436 1876 468 1929 ut
489 1870 601 1947 anima,
624 1888 703 1949 quae
725 1867 812 1928 firmo
834 1867 895 1929 tide
915 1868 975 1929 iliis
999 1868 1051 1928 ad·

127 1953 245 2032 haeret,
263 1950 314 2013 'sio
335 1953 380 2013 eis
404 1953 534 2031 uniatur,
556 1954 618 2013 imo
641 1953 764 2033 penitus
786 1951 996 2030 absorbeatur,
1018 1957 1051 2012 ut

125 2055 190 2098 non
221 2035 313 2097 modo
344 2037 523 2116 participet,
556 2035 610 2096 sed
633 2041 785 2096 saturetur
822 2043 852 2096 et
884 2035 1051 2096 inebrietur

127 2121 213 2182 omni
235 2121 346 2181 virtute
369 2138 485 2181 eorum.
528 2119 559 2181 Si
578 2120 659 2180 onim
675 2126 771 2180 taetus
786 2117 897 2180 Christi
911 2117 1050 2196 sonabat,

127 2210 245 2283 quanto
268 2204 366 2284 magis
380 2202 430 2262 hio
452 2204 632 2263 tenerrimus
650 2204 681 2262 in
704 2204 819 2284 spiritu,
842 2205 904 2263 imo
927 2201 1052 2282 absorp·

125 2290 171 2348 tio
193 2285 277 2347 verbi
302 2286 415 2363 omnia,
438 2304 516 2366 quoe
539 2287 624 2346 verbi
645 2294 724 2364 sunt,
747 2288 868 2346 animae
884 2287 1050 2346 eommuni-

126 2369 200 2430 oat?
222 2369 290 2430 Hoo
311 2370 403 2450 igitur
425 2368 517 2429 modo
540 2370 643 2429 animo
664 2368 830 2450 perfidem
854 2370 962 2448 solam,
985 2371 1051 2429 sine

125 2451 281 2534 operibus,
304 2472 321 2513 e
343 2451 436 2514 verbo
454 2453 510 2512 Dei
524 2451 713 2530 iustificetur,
736 2452 952 2524 sanctificetur,
977 2453 1052 2512 veri·

124 2535 243 2615 iiootur,
265 2534 459 2616 pacificatur,
481 2533 626 2596 liberatur
645 2541 676 2595 et
697 2537 780 2596 omni
804 2535 885 2597 bono
908 2534 1051 2615 repletur,

124 2639 260 2699 vereque
282 2618 346 2679 fllia
364 2619 422 2679 Dei
443 2617 581 2696 effloitur,
604 2619 682 2678 siout
701 2618 807 2678 Iohoo.
835 2626 859 2681 t.
881 2619 968 2678 dioit:
993 2619 1051 2678 De·

125 2701 172 2763 dit
193 2703 237 2763 eis
259 2709 444 2783 potestatem
467 2700 547 2762 filios
571 2701 624 2760 Dei
647 2699 725 2778 fieri,
747 2703 784 2761 iis
798 2703 848 2780 qui
873 2700 1000 2761 credunt
1021 2703 1051 2761 in

125 2805 255 2847 nomme
279 2804 354 2846 erus.

210 2869 258 2928 Ex
280 2869 316 2928 iis
338 2868 430 2928 facile
453 2874 502 2927 est
524 2867 697 2943 intellectu,
734 2866 813 2927 unde
834 2866 911 2928 fides
934 2874 1050 2927 tontum

125 2953 243 3034 possit,
273 2958 305 3012 et
326 2971 379 3012 our
400 2951 500 3030 nullo,
536 2969 594 3011 neo
628 2951 730 3010 omnia
753 2951 836 3010 hono
865 2970 961 3030 opera
983 2970 1050 3011 eom

124 3036 247 3117 possint
267 3053 414 3115 aequore:
439 3036 510 3114 quio
531 3034 645 3094 nullum
670 3053 748 3114 opus
769 3032 936 3095 adhaerere
957 3032 1052 3095 verbo

127 3119 206 3198 Dei,
243 3138 301 3179 neo
322 3119 352 3178 in
376 3119 479 3177 anima
501 3136 569 3178 esse
592 3124 703 3197 potest.
748 3118 822 3178 Sota
849 3125 950 3178 autem
975 3116 1051 3176 fides

125 3211 159 3263 et
180 3202 305 3264 verbum
327 3203 357 3261 in
378 3219 415 3261 ea
437 3209 581 3281 regnant,
609 3201 699 3279 quale
728 3209 775 3261 est
797 3201 939 3278 verbum,
981 3199 1050 3260 talis

126 3285 166 3347 ab
190 3305 228 3346 eo
251 3285 286 3345 tit
307 3285 425 3363 anima,
462 3303 518 3344 ceu
548 3284 660 3344 ferrum
681 3287 808 3364 ignitum
832 3284 944 3343 oandet
976 3285 1053 3343 siout

126 3370 223 3450 ignis,
246 3372 374 3449 propter
397 3368 541 3428 unionem
565 3368 611 3426 sui
633 3374 664 3428 et
685 3369 784 3448 ignis,
814 3376 846 3427 ut
868 3366 982 3427 olorum
1005 3367 1053 3443 sit,

126 3453 243 3513 homini
260 3451 433 3513 Christiano
457 3469 542 3510 suam
565 3449 656 3511 fidem
670 3450 809 3513 sufficere
823 3469 879 3530 pro
902 3448 1053 3524 omnibus,

126 3554 187 3595 neo
210 3534 355 3618 operibus
378 3535 405 3594 ei
428 3552 506 3614 opus
527 3534 602 3613 fore,
624 3542 658 3593 ut
679 3533 868 3596 iustificetur.
912 3532 1005 3608 Quod
1027 3533 1052 3591 si

201 3675 228 3738 1)
249 3673 280 3727 in
306 3676 347 3727 ed.
378 3675 442 3731 1521
474 3682 501 3728 et
519 3675 578 3729 Jen.
608 3673 674 3725 haee
704 3673 905 3743 italeguntur:
938 3679 966 3728 in
995 3691 1051 3744 quo

124 3748 322 3814 promittuntur
342 3750 390 3800 tibi
410 3749 508 3816 gratio,
529 3746 646 3809 iustitia,
667 3762 731 3812 pax,
752 3745 882 3814 libertas,
902 3753 929 3799 et
948 3750 1051 3815 omnia,

124 3819 148 3871 st
169 3818 267 3887 orodis,
286 3820 402 3874 habebis
422 3824 473 3873 eto.

151 3923 244 3964 nuum
258 3933 310 3972 opp.
324 3924 353 3965 v.
365 3924 392 3964 a
407 3924 436 3964 au
449 3924 490 3964 rer.
503 3923 555 3964 uus
568 3925 583 3964 u
597 3934 616 3972 μ
633 3923 683 3965 vor
694 3923 732 3964 ιν.
853 3897 892 3958 15
