2346 4208
293 285 346 340 pro
365 269 565 324 Laborantiiiua
582 273 611 323 et
628 267 766 324 Oneratia.
934 265 996 332 125

72 456 174 538 per¹)
197 465 393 538 peccatorum
417 457 608 538 exemplum,
639 464 692 517 aut
722 457 814 517 furias
844 475 900 537 per
922 474 995 537 poe·

73 560 182 602 narum
205 547 388 602 tormentum
410 542 576 601 intentans.
626 540 711 600 Haec
744 547 792 600 eet
822 541 902 600 enim
928 539 995 600 ohi-

73 643 179 684 maera
202 631 388 702 monstrum,
421 626 506 683 cuius
529 629 623 704 caput
657 625 826 704 virgineum
856 631 886 684 et
913 621 995 683 blan·

72 707 158 784 dum,
180 715 287 768 venter
308 707 449 768 leoninus
472 716 503 766 et
526 707 728 785 truculentus,
751 706 850 767 cauda
872 725 996 786 serpen·

72 791 139 850 tina
162 795 193 851 et
214 791 385 851 mortifera:
422 791 493 868 quia
520 788 588 850 finis
618 790 721 850 mundi
744 797 806 850 tam
829 789 995 868 voluptatis

73 891 166 953 quam
190 873 360 953 tyrannidis
383 892 535 933 venenum
557 880 589 932 et
611 892 693 933 mors
716 873 912 953 sempiterna.

158 956 243 1017 Sicut
263 976 337 1037 ergo
366 958 398 1016 in
430 957 566 1037 peccatis
599 956 704 1016 mundi
731 957 804 1016 fecit
834 975 892 1016 nos
913 955 996 1014 Deus

73 1039 158 1100 bona
179 1048 283 1101 nostra
304 1041 457 1118 invenire,
489 1041 532 1098 ita
563 1045 596 1098 ut
627 1045 658 1099 et
677 1041 908 1120 persecutiones
929 1038 996 1098 eius

73 1140 138 1183 non
160 1123 221 1182 sint
254 1122 444 1183 frustraneae
472 1130 504 1182 et
537 1123 673 1200 otiosae,
705 1122 884 1183 ordinantur
905 1119 995 1181 nobis
1034 1139 1040 1155 r

72 1204 114 1264 ad
136 1207 356 1266 incrementum
380 1205 530 1266 bonorum
555 1213 747 1282 nostrorum,
778 1213 813 1265 ut
834 1205 895 1264 hoc
916 1206 995 1284 ipso,

73 1306 136 1367 quo
159 1288 247 1349 nobis
270 1295 393 1367 nocent,
416 1295 567 1368 cogantur
588 1287 754 1368 prodesse,
778 1289 856 1348 sicut
878 1288 911 1349 B.
935 1289 995 1347 Au·

72 1373 214 1452 gostinus
238 1371 277 1432 de
299 1371 434 1452 parvulis
457 1371 495 1432 ab
517 1370 641 1432 Herode
663 1370 890 1431 necatiedicit:
914 1371 996 1430 Nun-

72 1472 165 1533 quam
188 1457 341 1535 potuisset
362 1461 479 1515 tantum
502 1453 653 1533 profuisse
666 1455 826 1533 obsequio,
850 1459 996 1532 quantum

73 1537 189 1617 profuit
211 1538 295 1598 odio.
347 1538 387 1598 Et
408 1539 442 1597 B.
465 1536 588 1617 Agatha
620 1536 825 1617 gloriabunda
858 1537 898 1596 ad
932 1556 996 1596 car·

73 1639 175 1680 cerem
207 1629 352 1700 tanquam
386 1620 426 1680 ad
447 1621 555 1700 epulas
587 1621 658 1695 ivit,
690 1638 820 1679 causans
854 1620 885 1678 in
915 1620 996 1679 hunc

74 1703 215 1763 modum:
238 1704 303 1764 Nisi
319 1722 431 1784 corpus
453 1722 554 1764 meum
567 1702 676 1763 feceris
697 1701 921 1762 acarnificibus
937 1704 996 1762 tuis

73 1786 154 1846 bene
176 1788 370 1864 contrectari,
392 1807 455 1846 non
477 1792 580 1866 potest
600 1787 704 1846 anima
726 1804 794 1845 mea
809 1803 878 1845 cum
895 1785 998 1865 palma

73 1868 114 1929 ad
136 1870 310 1950 paradisum
324 1871 459 1930 introire.
504 1870 588 1930 Sicut
610 1888 749 1950 granum,
772 1870 797 1927 si
820 1886 882 1928 non
905 1875 998 1928 exuta

73 1953 166 2012 inerit
187 1953 277 2013 theca
297 1955 363 2012 eius
377 1953 428 2031 ²),
462 1962 492 2012 et
513 1954 544 2012 in
568 1971 641 2012 area
662 1952 781 2012 fortiter
802 1953 997 2031 percutiatur,

74 2055 137 2095 non
161 2038 320 2116 reponitur
342 2037 372 2095 in
396 2037 548 2096 horreum.

160 2118 221 2180 Sed
244 2119 316 2199 quid
338 2119 388 2178 hic
412 2119 722 2197 modicaloquimur,
757 2137 825 2178 cum
858 2119 888 2177 in
917 2117 997 2178 hanc

73 2221 138 2262 rem
161 2209 226 2264 tota
239 2203 403 2283 Scriptura,
426 2204 561 2262 omnium
574 2202 697 2262 Petrum
719 2204 833 2282 scripta
855 2209 886 2261 et
907 2203 997 2278 dicta,

74 2287 211 2346 omnium
236 2287 418 2346 Sanctorum
456 2287 537 2345 iacta
565 2293 596 2345 ct
618 2282 712 2365 ¹gesta
745 2287 903 2345 videamus
926 2304 996 2345 con-

74 2370 209 2429 sonare?
243 2389 311 2429 esse
340 2388 394 2429 eos
418 2370 598 2429 utilissimos
620 2368 830 2446 credentibus,
855 2369 999 2447 quisunt

74 2454 120 2512 eis
142 2455 370 2530 nocentissimi,
411 2452 503 2513 modo
539 2459 624 2511 recte
652 2452 803 2531 ferantur,
838 2461 871 2511 ut
891 2453 997 2512 Petrus

77 2539 104 2598 1ss
127 2535 194 2596 Pet.
219 2540 254 2600 3:
288 2536 328 2595 Et
356 2537 423 2615 quis
457 2541 504 2596 est
532 2536 583 2613 qui
606 2534 694 2595 vobis
716 2543 843 2615 noceat,
876 2536 902 2594 si
924 2535 998 2596 boni

75 2618 281 2679 aemnlatores
304 2614 435 2696 fueritis,
457 2619 536 2678 Paul.
548 2619 588 2681 88
603 2618 656 2694 3);
678 2618 760 2677 Nihil
782 2618 924 2698 proficiet
944 2619 996 2678 ini·

76 2703 172 2760 micus
200 2704 229 2762 in
258 2721 295 2762 eo
325 2710 356 2762 et
377 2701 456 2761 iilius
479 2702 647 2780 iniquitatis
681 2721 744 2761 non
778 2709 916 2781 apponet
946 2721 997 2762 no·

75 2804 146 2845 cere
169 2787 207 2863 ei,
230 2785 386 2864 quomodo
409 2804 472 2845 non
490 2791 591 2863 nocet,
614 2803 682 2844 cnm
695 2786 817 2865 saepius
834 2787 925 2845 etiam
949 2804 999 2845 oc-

75 2868 178 2928 cidat?
208 2871 279 2948 quia
308 2868 426 2928 scilicet
449 2868 590 2928 nocendo
619 2870 751 2928 maxime
773 2868 910 2948 prodest.
954 2869 1000 2928 lta

76 2952 214 3012 videmus
237 2952 373 3031 undique
406 2970 462 3011 nos
485 2953 515 3011 in
538 2952 646 3011 mediis
674 2952 763 3013 bonis
785 2952 940 3031 habitare,
973 2953 999 3012 si

75 3036 241 3115 prudentes
265 3054 378 3113 sumus,
401 3036 490 3095 simul
512 3038 662 3096 tamenin
676 3035 784 3096 mediis
798 3037 895 3116 malis,
918 3038 998 3098 adeo

77 3121 181 3179 omnia
211 3126 282 3179 sunt
318 3121 392 3180 mire
426 3127 596 3198 temperata
624 3120 746 3182 divinae
770 3121 915 3182 bonitatis
938 3143 998 3182 ma-

75 3205 214 3283 gisterio.

77 3340 202 3420 Caput
224 3340 275 3399 VI.
298 3339 341 3399 de
363 3348 519 3418 spectro
542 3348 671 3418 sextu,
694 3341 800 3420 quod
823 3348 883 3401 est
904 3341 1000 3402 dex-

302 3431 410 3502 trum,
434 3442 499 3483 seu
522 3423 566 3482 ad
590 3424 774 3484 dextram.
815 3492 819 3497 .

162 3542 246 3602 Haec
280 3549 326 3601 est
359 3541 491 3600 ecclesia
514 3541 715 3621 Sanctorum,
750 3562 830 3602 nova
863 3549 1001 3603 creatura

150 3813 181 3878 1)
203 3813 233 3863 In
252 3813 366 3867 edJen.
388 3812 479 3865 deest:
499 3829 556 3880 per.
584 3811 617 3878 2)
630 3811 715 3866 ibid:
733 3829 790 3866 sua
809 3812 842 3880 3]
855 3811 938 3865 lbids.
956 3813 1006 3866 89.
