2346 4208
310 263 338 313 at
355 259 536 315 Saoramsnto
554 258 750 316 eucharistias.
948 256 1010 325 437

91 459 247 522 nunquam
269 461 435 526 possumus
456 446 581 527 assequi
615 447 682 522 (est
707 445 789 507 eninr
811 463 868 507 osu
888 445 1012 527 quidam

90 525 205 607 ignitus
228 528 407 606 eominus),
439 535 542 589 tamen
564 546 624 589 nos
645 528 775 606 tolerat,
808 529 834 589 si
863 529 912 591 vel
934 530 1012 591 sain-

91 607 190 670 tillam
212 610 348 671 mritatis
367 612 400 671 in
421 610 511 672 nobis
533 611 670 674 relucere
691 611 804 673 videat

175 691 355 755 Cavendum
377 695 558 774 igiturest,
583 714 652 756 oum
674 713 713 756 ex
734 694 794 756 hoo
816 702 906 775 parte
925 695 1012 757 iuxta

88 793 200 840 omnes
223 775 408 852 laboremus,
431 777 529 838 neda
551 796 706 858 quoquam
727 776 905 850 iudioemus,
929 778 1013 858 quod

91 875 154 920 non
177 859 216 918 sit
238 859 439 922 Christianus.
481 859 585 922 Habes
608 863 689 922 enim
712 861 886 943 exemplum
902 861 1012 923 Christi

90 942 122 1001 in
144 943 319 1022 evangelio,
341 945 392 1022 qui
414 941 493 1005 adeo
509 944 641 1025 benigne
653 943 872 1024 disoipulorum
887 964 1012 1007 suorum

90 1042 211 1085 errores
234 1031 267 1089 et
288 1026 394 1106 lapsus
422 1027 548 1104 tolerat,
580 1036 611 1087 et
640 1047 696 1088 suo
717 1027 870 1107 sapientia
889 1027 1013 1089 illorum

89 1106 239 1169 stultitiae
260 1108 343 1171 aedit
364 1117 395 1170 et
415 1111 519 1186 servit,
541 1129 642 1190 neque
654 1109 842 1172 condemnat
862 1129 917 1174 eos
930 1110 1012 1186 ideo,

90 1189 175 1271 quod
196 1191 258 1252 sint
278 1191 470 1266 infirmiores,
493 1192 548 1254 sed
570 1192 683 1255 blande
699 1193 792 1272 fovet,
815 1201 847 1255 et
866 1192 905 1255 ad
927 1194 1012 1257 illam

88 1271 297 1336 infirmitatem
319 1277 481 1352 connivet,
514 1295 575 1356 quo
608 1296 687 1358 ego,
718 1277 832 1357 inquit,
867 1277 930 1337 iam
961 1295 1011 1352 eo,

88 1355 145 1417 illo
176 1375 234 1419 vos
265 1359 414 1420 assedere
441 1379 503 1420 non
525 1361 673 1440 potestis,
705 1362 778 1421 item
811 1358 851 1421 ad
874 1360 1010 1421 Petrum:

89 1437 182 1514 Quod
214 1459 275 1522 ego
307 1441 402 1519 isoio,
445 1451 478 1502 tu
517 1443 618 1503 neseis
652 1460 749 1519 nuno,
796 1443 876 1503 scies
909 1449 1011 1505 antem

88 1529 208 1602 postea.

172 1603 226 1668 Sio
245 1605 339 1667 effieit
360 1609 484 1683 oaritas,
518 1616 551 1669 ut
576 1606 714 1668 Christus
743 1607 891 1669 iustitiam
914 1627 1012 1688 suam,

87 1687 250 1767 iudioium,
270 1692 458 1770 potentiam,
481 1690 663 1768 rindiotam,
692 1707 842 1771 poenam,
868 1691 941 1752 item
963 1692 1011 1752 ius

88 1791 193 1849 suum,
226 1772 309 1852 quod
340 1780 404 1834 tum
432 1775 464 1835 in
486 1792 560 1852 nos,
595 1779 659 1834 tum
680 1774 710 1833 in
745 1778 875 1853 peooata
905 1780 1012 1835 nostra

87 1855 198 1933 habat,
232 1857 358 1919 omnino
381 1857 528 1938 negligat.
573 1854 748 1919 Merebatur
769 1855 892 1936 quidem
914 1856 1011 1919 stulti-

87 1939 132 1999 tia
153 1945 260 1999 nostra
281 1939 527 2018 damnationem,
563 1959 667 2000 verum
690 1959 754 2001 non
782 1939 908 2002 damnat
942 1958 1010 2018 nos,

88 2029 267 2084 commonet
298 2041 372 2100 nos,
408 2021 490 2102 quod
520 2024 766 2104 peooaverimus,
803 2022 885 2102 quod
918 2023 1010 2084 stulte

89 2105 259 2186 egerimus,
293 2125 356 2166 non
389 2112 492 2167 tamen
521 2105 593 2167 ideo
627 2105 739 2167 abiieit.
789 2104 884 2166 Vides
920 2096 1012 2187 igitur

88 2208 152 2249 non
185 2207 254 2249 esse
289 2190 446 2248 minimum
480 2191 559 2249 inter
592 2191 726 2250 caritatis
766 2187 881 2267 officia,
917 2208 1010 2269 posse

90 2271 223 2332 tolerare
249 2273 381 2351 proximi
403 2271 629 2349 infirmitatem,
662 2273 711 2332 vel
740 2274 768 2332 in
799 2271 875 2349 lide,
910 2273 958 2332 vel
980 2274 1011 2332 in

88 2355 226 2417 oaritate.

173 2436 354 2515 Quanquam
380 2445 481 2497 autem
500 2438 611 2498 Christi
635 2438 809 2518 exemplum
832 2438 1012 2516 habeamus,

90 2521 141 2599 qui
163 2520 243 2581 adeo
266 2519 387 2600 plaoida
410 2540 533 2580 suorum
556 2520 776 2601 discipulorum
802 2528 903 2594 errata
925 2521 1011 2582 tulit:

90 2610 278 2664 nontamen
311 2603 382 2664 ideo
414 2604 464 2663 vel
494 2602 655 2664 infirmitas
670 2605 809 2683 ,proximi
833 2604 881 2664 vel
904 2623 1011 2683 peona-

90 2697 154 2748 tum
177 2692 225 2746 est
238 2685 473 2765 defendendum.
510 2685 561 2747 Sia
574 2688 654 2746 enirn
677 2685 716 2746 ad
729 2686 851 2747 Petrum
873 2685 973 2747 dieit*
983 2703 1011 2757 l:

90 2767 175 2830 Soies
197 2775 322 2849 postea,
345 2769 417 2849 quid
440 2771 500 2829 iam
522 2769 643 2830 faniam.
687 2769 734 2829 nd
757 2776 878 2848 tempus
902 2771 1016 2830 tolera'

90 2854 134 2912 vit
155 2853 220 2912 eius
232 2851 449 2929 infirmitatem,
471 2853 599 2932 perinde
622 2872 659 2913 ao
681 2853 706 2912 si
729 2853 773 2912 sio
795 2853 891 2913 dieat:
914 2851 1011 2913 Tuam

91 2935 250 2995 stultitiam
284 2942 315 2995 et
347 2935 554 2996 infirmitatem
588 2935 671 2996 illam
704 2935 776 2996 fidei
810 2935 950 2997 tolerabo
982 2942 1013 2995 et

91 3037 216 3097 paream
240 3017 312 3097 tibi,
336 3017 429 3078 modo
454 3020 568 3079 sentias
592 3020 714 3100 longius
738 3017 793 3080 tibi
815 3017 1011 3099 progredien-

91 3101 164 3161 dum
186 3119 266 3177 esse,
288 3109 380 3180 atque
404 3121 456 3179 ea,
491 3121 569 3181 quae
591 3104 621 3163 in
644 3103 757 3162 teiam
779 3102 908 3165 haerent
929 3102 1012 3177 vitia,

91 3183 285 3244 emendanda
318 3204 355 3243 ao
388 3185 550 3263 mutanda,
585 3205 625 3246 ne
659 3186 777 3245 otiosus
818 3204 856 3244 ao
888 3204 1011 3245 seourus

132 3286 176 3327 as.

91 3287 131 3348 ag
174 3349 245 3410 Non
258 3350 358 3430 igitur,
373 3357 536 3430 postquam
548 3357 770 3412 sacramentum
786 3351 1013 3431 sumpserimus,

90 3432 286 3513 negligentes
316 3440 368 3493 aut
402 3434 520 3494 otiosos
552 3454 621 3495 esse
655 3436 809 3495 convenit.
859 3433 919 3494 Sed
953 3433 1013 3493 hoo

90 3517 194 3596 potius
216 3515 432 3595 praestandum
456 3525 518 3594 est,
546 3525 580 3577 ut
602 3519 712 3578 oaritas
735 3516 863 3580 subinde
886 3523 1013 3594 arescat,

92 3607 134 3676 ut,
158 3600 183 3660 si
206 3600 318 3678 quain
341 3619 374 3660 re
394 3600 516 3661 laborat
536 3603 710 3680 proximus,
733 3619 791 3660 nos
813 3599 856 3659 illi
878 3600 1013 3660 feramus

137 3722 299 3730 --.-.---.
303 3722 512 3729 *m*

148 3771 179 3839 ⁸)
201 3770 298 3824 Iohan.
319 3771 362 3826 13.
