2346 4208
100 272 105 283 '
171 277 206 332 de
224 276 274 331 illo
293 276 367 331 dicto
386 276 421 330 ad
440 277 505 333 Ebr.
528 276 572 334 13:
592 276 673 333 Dom.
692 277 750 334 Jes.
771 279 832 335 heri
849 285 900 335 ete.
920 248 992 346 '³453

132 467 180 530 10.
203 463 288 525 Sicut
302 468 333 525 et
352 458 421 544 ipsa
438 462 612 526 Christiana
634 464 711 526 fides
725 467 894 529 novissimo
917 474 990 529 tem-

65 567 143 629 pore
165 546 318 628 evangeiii
340 546 489 607 innovata
518 546 638 608 desinet
658 550 688 608 in
713 547 774 610 fine
797 549 911 612 mundi.
947 544 959 557 ”

133 635 179 694 11.
203 631 244 692 Ut
265 636 325 691 stet
344 629 419 689 illud
430 631 590 694 verissime
602 630 741 692 dictums
755 632 892 697 Christus
904 632 990 695 Iesus

66 714 132 774 heri
156 715 187 775 et
208 713 311 792 hodie,
335 714 403 793 ipse‘
425 719 456 774 et
476 714 507 773 in
531 715 645 793 secula,
668 714 778 776 Ebrae.
803 717 851 780 13.

130 798 177 860 12.
202 796 233 858 Si
250 796 361 873 Adam,
383 795 482 876 Noah,
505 803 536 857 et
557 798 608 858 alii
622 797 815 879 patriarchae
839 800 989 860 vixissent

67 880 256 960 temporibus
278 878 438 958 Abrahae,
474 881 712 960 promissionem
743 886 856 943 novam
878 884 989 963 accipi·

67 969 170 1038 entes,
203 963 388 1044 oportuisset
417 981 472 1024 eos
495 962 620 1024 credere
642 985 680 1024 ex
704 963 848 1028 Abrahae
872 968 990 1027 semine

65 1046 198 1106 futurum
223 1046 392 1126 Christum,
422 1053 475 1133 aut
496 1046 595 1107 Deum
619 1050 837 1128 promissorem
862 1049 988 1109 seminis

63 1131 247 1192 amisissent.
390 1147 392 1153 ·
468 1136 473 1145 '

130 1214 176 1277 13.
200 1212 231 1274 Si
253 1212 409 1273 Abraham
423 1213 550 1273 vixisset
562 1213 751 1294 temporibus
764 1213 874 1293 David,
898 1233 988 1294 opor·

66 1297 176 1357 tuisset
198 1295 433 1374 eumeredere,
468 1295 506 1356 de
529 1296 626 1356 fructu
649 1297 763 1357 ventris
786 1296 886 1357 David
908 1297 988 1358 futu·

64 1398 132 1440 rum
154 1397 223 1440 esse
245 1379 408 1458 Christum,
431 1385 484 1440 ant
497 1379 608 1440 frustra
622 1379 803 1441 credidisset
824 1381 855 1440 in
879 1400 985 1442 semen

64 1463 211 1524 mulieris.

11 1563 15 1581 ¹
129 1543 177 1608 14.
201 1542 797 1625 011100100100001100ρο10010οι]ῑο
815 1545 988 1627 Baptistae,

63 1629 254 1709 oportuisset
269 1627 477 1689 enmeredere
499 1627 658 1706 inlesum,
680 1648 787 1689 semen
807 1627 891 1708 filiae
913 1649 988 1690 snae
1036 1673 1041 1687 .

64 1712 192 1790 Mariae,
215 1711 265 1772 vei
288 1713 438 1791 periisset.
705 1730 708 1735 ¹

130 1797 177 1858 15.
202 1794 233 1856 si
261 1795 415 1855 Iohannes
450 1794 589 1874 Baptista
626 1797 698 1875 post
730 1795 986 1856 resurrectionem

60 1877 185 1956 Christi,
207 1879 269 1939 imo
294 1897 350 1939 sno
364 1884 504 1957 tempore
523 1875 711 1954 credidisset,
736 1876 888 1937 Christum
912 1881 985 1939 ven'·

62 1964 182 2038 turum,
205 1980 259 2021 seu
283 1960 419 2021 nondum
442 1961 580 2045 venisse,
604 1960 765 2022 damnatus
786 1960 903 2023 fuisset.
944 1958 948 1963 ’

126 2046 176 2108 111.
198 2044 321 2104 Frustra
342 2044 434 2125 igitur
456 2039 584 2104 oredu'nt
605 2043 709 2104 ludaei
724 2048 727 2053 '
742 2045 773 2102 in
796 2044 894 2103 Deum
916 2063 985 2124 pro·

62 2127 226 2190 missorem
248 2127 400 2206 Messias,
439 2145 499 2207 qua
526 2125 588 2187 tide
617 2127 690 2188 olim
712 2132 797 2188 reete
820 2126 987 2188 eredebant

61 2215 166 2291 patres
190 2229 305 2274 eornm.

125 2297 174 2357 17.
196 2294 318 2353 Frustra
344 2292 463 2353 Tureae
491 2299 521 2353 et
543 2299 651 2373 gentes
684 2292 764 2354 aliae
794 2291 923 2354 credunt
953 2292 985 2354 in

61 2377 161 2438 Deum
185 2383 354 2438 creatorem
379 2374 500 2446 mundi,
539 2375 611 2435 dnm
635 2377 776 2436 nesciunt
815 2393 884 2436 enm
917 2396 985 2437 esse

63 2460 285 2542 promissorem
309 2459 356 2520 vei
380 2457 582 2519 exhibitorem
598 2460 733 2537 seminia,
756 2460 818 2520 imo
843 2458 985 2538 blasphe-

61 2549 165 2622 mant,
198 2562 266 2604 eum
289 2562 352 2603 non
376 2559 444 2601 esse
467 2546 585 2621 patrem
608 2540 719 2601 Christi
748 2542 897 2622 unigeniti
919 2541 983 2603 filii.

127 2627 175 2690 18.
200 2627 323 2686 Frustra
337 2625 466 2686 eredunt
508 2625 627 2704 apiatas
649 2629 680 2684 et
705 2624 863 2704 sophistae
885 2625 984 2685 Deum

61 2714 181 2791 patrem
204 2717 234 2770 et
256 2728 363 2770 omnes
386 2645 531 2768 articuhs
560 2707 638 2768 alios
661 2705 731 2767 fidei
755 2700 889 2788 nostrae,
912 2708 984 2768 dum

15 2790 18 2794 ’
62 2800 213 2874 respuunt
236 2811 314 2873 opus
337 2791 448 2853 Christi
470 2808 526 2872 pro
549 2791 639 2852 nobis
660 2791 828 2871 impletum.

130 2877 178 2941 19.
201 2874 323 2956 Negant
345 2876 426 2941 enim
448 2874 517 2935 sola
539 2871 610 2952 iide,
633 2893 697 2953 seu,
719 2872 802 2952 quod
823 2874 905 2935 idem
928 2881 985 2951 est,

61 2956 157 3020 solius
181 2956 293 3020 Christi
314 2956 409 3038 opere
432 2958 560 3038 impleto
582 2975 640 3018 nos
662 2957 831 3017 iustificari.

125 3044 175 3107 20.
195 3041 269 3103 Sola
291 3044 371 3102 enim
393 3040 455 3101 tide
469 3042 500 3100 in
514 3041 676 3119 Christum,
698 3040 772 3100 olim
787 3040 983 3120 promissum,

61 3143 145 3185 nune
166 3124 352 3204 exhibitum,
377 3130 446 3185 tota
476 3124 608 3184 eeclesia
634 3123 672 3186 ab
695 3124 781 3185 initio
805 3122 910 3183 mundi
936 3144 982 3184 us-

62 3208 175 3289 quein
199 3207 291 3269 finem
313 3206 502 3268 instificetur.
816 3204 822 3227 '

125 3291 174 3354 21.
198 3291 250 3353 sio
279 3291 347 3352 sola
368 3289 443 3370 tide,
475 3296 508 3350 ut
535 3308 634 3369 neque
664 3290 759 3368 ratic,
797 3308 898 3367 neque
920 3288 983 3370 lex,

61 3393 164 3452 neque
186 3374 345 3454 plenitudo
378 3375 446 3455 ipsa
475 3372 572 3455 legis,
611 3392 690 3452 qnae
723 3372 831 3455 dicitur
860 3373 982 3451 caritas,

61 3457 227 3537 quidquam
253 3458 366 3518 saciant
389 3456 429 3517 ad
453 3455 713 3518 iustificationem.

126 3543 174 3604 22.
197 3540 287 3601 Fides
326 3542 407 3600 enim
447 3536 518 3600 ante
552 3558 639 3619 spem
675 3546 705 3598 et
737 3538 894 3598 caritatem
917 3539 985 3597 sola

62 3625 176 3709 accipit
214 3624 429 3684 remissionem
466 3629 683 3703 peecatorum,
722 3628 847 3703 propter
882 3621 981 3680 solum

62 3706 233 3789 Christum,
267 3706 400 3786 facitque
429 3725 485 3786 per
514 3704 645 3765 eundem
666 3724 830 3786 personam
853 3711 982 3786 gratam,
1044 3780 1049 3785 ι

61 3790 135 3851 ante
158 3796 189 3852 et
211 3789 329 3870 absque
352 3787 487 3850 caritatis
510 3788 628 3850 meritc.
