2346 4208
304 255 342 310 ed
358 256 417 312 lob
435 256 548 311 Bcclum
567 255 733 326 responsu.
943 252 986 321 83

64 440 186 504 olesiee
203 440 391 520 Antiatitem,
407 390 493 522 xquae
513 448 566 504 tua
588 448 637 505 est
657 440 833 506 columbina
846 443 987 525 adeoque

63 523 245 606 theologica
267 525 465 605 simplicitas,
489 544 547 587 uos
569 543 692 606 quoque
714 527 831 607 optimo
845 525 877 606 ι)
898 544 988 610 prae

62 606 125 668 auli
144 607 325 687 invidiosos,
348 609 405 669 toti
428 609 503 688 orbi,
526 615 672 688 quantum
692 609 723 669 in
743 614 842 688 tecet,
864 628 986 692 suspcc

62 697 113 752 tos
135 691 221 770 lacis,
243 711 303 753 nor
324 691 515 753 Lutherenos
549 698 581 752 et
601 692 682 752 illius
698 711 835 753 errorum
856 694 986 757 semina

62 781 149 835 tores
170 775 342 856 appellans,
364 775 425 835 hoo
447 781 507 851 est,
531 782 585 836 tuo
605 775 732 853 iudicio,
753 774 986 838 haeresiarchae

62 858 192 938 pessimi
214 858 429 938 subsidiarios,
453 858 616 939 praesidia,
637 859 755 919 amicos
777 867 809 919 et
828 866 986 941 patronos,

62 941 213 1020 velimus,
250 941 385 1002 nolimus
418 943 558 1022 cogimur
588 940 642 1002 tibi
674 941 826 1003 ecclesiae
854 949 985 1023 petrono

63 1028 98 1084 et
128 1025 274 1085 assertori
307 1023 500 1103 filiorumque
526 1023 600 1084 Levi
628 1023 790 1086 conflatori
822 1033 854 1085 et
883 1044 986 1086 emun-

62 1105 167 1167 datori
189 1107 376 1186 reliquentem
409 1109 492 1167 vitae
519 1113 645 1168 nostrae
672 1109 823 1168 rationem
846 1107 986 1190 reddere,

63 1189 91 1249 sl
112 1189 191 1251 torte
212 1189 294 1250 hanc
314 1188 416 1251 labem
433 1190 611 1270 abstergere
633 1190 739 1251 liceat:
763 1192 789 1251 sl
811 1192 933 1270 quidem
954 1194 987 1254 et

63 1278 97 1334 to
118 1271 248 1334 doctore
281 1273 448 1335 haerescos
470 1275 585 1333 crimen
607 1273 779 1354 malignius,
801 1292 893 1354 quam
915 1281 988 1341 uto

63 1353 240 1418 Olrristiana
264 1355 416 1417 modestia
435 1358 588 1436 patienter
607 1356 763 1418 toleretur.
955 1372 958 1377 ‘

148 1436 315 1500 Postremus
336 1446 439 1500 cutem
471 1444 560 1518 (nam
581 1458 640 1499 nec
660 1439 722 1500 hoc
742 1438 874 1501 indoctis
895 1460 987 1523 nega

63 1529 129 1593 tum
152 1529 210 1602 eat,
233 1524 284 1601 qui
306 1528 338 1585 et
357 1523 420 1582 suis
435 1541 656 1601 nonnunquam
678 1522 830 1591 ferociunt
850 1525 983 1600 aculeis)

62 1604 210 1684 exemplo
232 1605 421 1666 strenuitatis
442 1613 515 1667 tuae
535 1604 718 1671 modestiam
738 1607 986 1691 remitteretur

62 1687 203 1756 machari
223 1694 255 1757 et
272 1688 366 1768 plane
387 1687 586 1765 debacchari,
620 1688 679 1747 nisi
705 1694 790 1755 tuum
817 1689 907 1757 uobis
935 1710 986 1757 cx·

62 1770 220 1852 ploratum
252 1771 333 1835 foret
361 1772 527 1852 ingenium.
571 1770 684 1839 Iterum
706 1772 843 1851 quaeris,
877 1772 986 1852 quiem

62 1853 199 1925 watien
213 1861 296 1925 turm
308 1852 430 1921 ultrices
438 1854 452 1892 ²
455 1868 483 1932 J,
496 1856 605 1923 iterum
619 1855 752 1934 quaeris,
767 1873 845 1934 quoe
860 1855 984 1937 insigni·

61 1943 111 2007 ter
132 1931 311 2025 αἶκίζῃςῧ),
334 1945 369 1998 ut
389 1938 543 2007 neminem
562 1956 626 2003 non
648 1939 837 2019 contemptui
859 1938 986 2018 habear,

62 2020 180 2087 nemini
192 2039 312 2100 parces,
334 2021 450 2085 nullum
465 2040 528 2081 non
549 2021 696 2099 lacesses,
720 2029 752 2087 ut
772 2039 842 2087 cum
857 2021 986 2089 lamaele

62 2121 142 2171 uuus
172 2121 333 2185 oppugnes
371 2122 487 2169 omnes.
540 2102 650 2165 Parum
686 2103 740 2169 tibi
768 2105 888 2171 videtur
917 2123 985 2172 oum

63 2185 164 2255 domis
186 2205 295 2266 gerere
315 2186 440 2265 bellum,
462 2185 644 2262 indoctum)
667 2187 758 2253 etiam
771 2207 934 2268 provoces,
956 2196 987 2250 st

63 2269 152 2348 quusi
175 2269 348 2330 confectum
386 2289 455 2329 cum
483 2270 735 2350 praeceptoribus
764 2273 803 2339 sit
824 2273 985 2352 proelium,

63 2353 165 2412 saevis
199 2360 230 2412 et
261 2354 292 2412 in
327 2352 494 2433 discipulos
526 2359 557 2413 et
582 2354 614 2413 in
643 2360 805 2495 patronos,
844 2375 883 2414 ne
912 2356 984 2435 quid

63 2433 174 2513 reliqui
197 2436 271 2513 siet,
294 2435 377 2515 quod
398 2455 461 2496 non
482 2437 623 2516 potentia
665 2435 760 2496 rechii
782 2438 825 2499 tui
847 2446 985 2500 contera-

62 2524 121 2578 tur.
165 2517 302 2597 Deinde,
326 2518 376 2582 ubi
397 2519 448 2579 vel
469 2537 527 2578 nos
556 2521 799 2599 compescueris,
822 2521 871 2581 vel
892 2523 985 2582 etiam

61 2619 126 2661 non
149 2620 206 2682 pro
223 2601 368 2663 arbitratu
392 2610 444 2663 tuo
459 2603 650 2680 successerit,
673 2610 804 2662 caveant
818 2603 874 2664 sibi
899 2612 985 2687 typo·

62 2684 188 2767 graphi,
211 2692 342 2746 caveant
362 2686 464 2766 prele,
494 2691 624 2746 caveant
645 2685 746 2745 vicina
767 2704 924 2767 quaeque,
946 2707 986 2748 ne

61 2768 168 2846 iniquo
196 2767 294 2829 Marte
326 2774 427 2829 tecum
463 2768 626 2846 dimicent,
663 2767 764 2829 adhuc
798 2787 837 2829 ex
869 2771 985 2833 recenti

63 2857 169 2930 strage
190 2850 364 2912 furibundo.
409 2851 550 2912 Ceterum
572 2850 663 2913 nobis
684 2853 892 2913 innocentiam
915 2872 985 2915 can·

64 2933 235 3012 dotemque
256 2941 394 2994 nostrum
418 2936 511 3007 tueri,
543 2953 633 3015 quem
657 2934 892 2996 maledicentiae
915 2944 986 2998 tuce

60 3017 263 3097 respondere,
287 3019 384 3101 magis
406 3017 526 3078 videtur
549 3019 826 3098 operaepretium.

146 3099 301 3180 Principio
335 3103 445 3182 igitur,
483 3121 524 3162 ne
559 3100 745 3163 muliebriter
781 3105 985 3187 continemur,

61 3202 132 3244 cnm
153 3182 267 3244 infitias
288 3184 334 3244 ire
356 3203 420 3245 non
442 3192 541 3264 potes,
564 3193 610 3246 tot
632 3184 868 3266 exemplaribus,
891 3187 983 3249 adeo-

61 3286 124 3348 que
145 3272 198 3328 tuo
220 3269 291 3348 ipso
314 3269 583 3347 convincentibus,
606 3268 684 3329 haec
705 3288 760 3349 per
781 3275 812 3329 te
834 3270 984 3350 epistolae

60 3352 187 3428 inserta,
209 3351 313 3431 profer
333 3352 364 3410 in
377 3351 522 3430 medium,
544 3371 605 3432 quc
625 3353 746 3413 ratione
766 3352 798 3413 id
819 3353 985 3439 laedoriae,

135 3560 166 3629 1)
189 3562 219 3617 ln
239 3561 282 3616 ed.
308 3565 395 3635 crig.:
426 3565 619 3632 pientissimo·
650 3565 679 3616 iu
709 3565 751 3617 ed.
770 3565 829 3622 leo.
849 3572 877 3619 et
896 3564 981 3625 Witt:

60 3634 178 3702 optimo.
214 3632 245 3698 3)
264 3634 295 3686 In
315 3635 443 3691 edient
464 3637 579 3689 altrices.
608 3603 640 3704 d)
663 3638 693 3688 ln
713 3636 856 3709 ed.jorig.:
877 3640 984 3697 ascit-

61 3720 127 3771 ses,
147 3705 190 3756 cui
210 3705 278 3759 haec
297 3713 362 3759 nota
381 3707 540 3775 marginalia
559 3706 654 3760 addite
673 3712 729 3764 eat:
750 3709 867 3773 αἰκίζειν
886 3714 929 3763 est
945 3711 984 3763 in·

58 3779 130 3828 iuria
149 3782 177 3828 et
194 3779 355 3832 verberibus
376 3780 494 3833 allicere.
530 3779 562 3845 4)
584 3777 615 3833 In
632 3779 756 3836 ed..len.:
778 3781 832 3834 niel
847 3780 983 3835 indoctos.
