2346 4208
406 272 504 334 libror.
522 272 612 332 nn.
631 262 753 336 nunaut
966 336 968 341 .
991 266 1056 342 '179

212 463 288 524 Post
320 467 462 524 exactam
505 465 538 524 et
571 462 750 546 diligentem
795 458 1055 525 examinationem

127 547 345 626 comperimus,
367 552 490 627 praeter
510 548 661 628 insignem
682 547 906 609 detractionem
919 545 1055 628 philoso-

127 629 240 710 phiae,
258 635 289 690 et
311 632 447 691 omnium
470 630 657 710 Doctorum,
682 632 736 711 qui
759 631 881 692 fuerunt
903 631 942 691 ab
966 631 1055 690 annis

128 713 377 793 quadringentis,
411 714 514 774 etiam·
531 715 691 774 continere
718 715 905 775 assertiones
944 713 1055 773 multas

127 796 233 874 falsas,
258 795 467 876 scandalosas,
489 796 660 859 haereticas
673 803 704 858 et
715 797 867 860 haeresim
889 797 1055 878 sapientes,

131 878 306 940 uniusmodi
329 885 409 958 sunt,
433 898 513 960 quae
535 887 717 961 sequuntur:

200 961 299 1106 ἕριιε
338 964 453 1024 bonum
496 964 612 1044 optime
647 964 760 1025 factum
802 971 850 1026 est
891 969 1052 1044 peccatum

127 1063 200 1107 vem
230 1063 259 1106 e.

132 1152 135 1173 ³
195 1129 309 1190 “ltemr'
332 1128 380 1189 Ex
403 1147 451 1209 eo,
475 1128 558 1208 quod
572 1129 676 1190 Sancti
696 1130 727 1189 in
745 1130 828 1190 omni
851 1128 934 1191 bono
959 1133 1054 1209 opere

130 1215 232 1273 minus
255 1212 370 1274 faciunt
392 1233 483 1293 quam
507 1212 638 1290 debent,
671 1211 816 1292 quodque
837 1212 939 1273 nullus
961 1211 1052 1274 Sane·

128 1303 231 1358 torum
254 1297 330 1356 vixit
350 1298 381 1355 in
403 1297 462 1356 hac
483 1297 547 1356 vita
560 1298 627 1357 sine
646 1302 787 1376 peccato,
805 1294 971 1375 concludit,
992 1313 1054 1357 me·

126 1381 188 1440 rita
202 1377 386 1440 Sanctorum
408 1379 493 1439 nulla
515 1398 585 1439 esse
607 1377 761 1459 superflua
773 1378 840 1457 sibi,
861 1382 942 1458 'quae
962 1377 1053 1441 nobis

127 1463 237 1524 otiosis
260 1469 457 1541 succurrunt3
491 1462 654 1523 intendens
685 1480 741 1543 per
770 1462 831 1522 hoc
858 1461 1051 1522 manifestum

127 1547 251 1622 facere,
286 1545 369 1624 quod
400 1547 509 1606 merita
531 1545 713 1607 Sanctorum
736 1545 822 1604 nulla
852 1551 938 1618 sunt,
973 1563 1053 1625 quae

128 1630 220 1689 nobis
241 1623 372 1710 possunt
393 1629 629 1707 communicari,
658 1629 731 1708 quin'
761 1635 793 1688 et
814 1626 917 1688 Sancti
938 1626 1052 1688 inillis

127 1730 207 1792 epus
230 1711 346 1772 habent
367 1711 580 1773 misericordia
600 1713 792 1792 ignoscente.

210 1796 295 1856 Haec
317 1795 497 1875 simpliciter
517 1795 632 1855 dixisse
654 1814 717 1856 non
731 1800 779 1854 sat
800 1798 876 1872 erat,
898 1790 1052 1853 sed'haec

126 1879 221 1940 etiam
244 1878 329 1939 addit
350 1879 458 1939 verba:
480 1878 521 1939 Et
541 1885 574 1938 ut
595 1877 761 1957 aliquando
783 1877 886 1937 audax
908 1876 981 1952 sim,
1004 1895 1052 1954 ea,

127 1965 209 2043 qnae
229 1963 290 2022 iam
313 1961 393 2040 dixi,
414 1968 571 2042 protestor
591 1980 641 2022 me
662 1980 725 2022 non
748 1959 901 2033 dubitare,
924 1958 978 2019 sed
1000 1973 1052 2040 pa·

126 2052 211 2106 ratus
233 2047 336 2126 ignem
361 2053 393 2105 et
414 2052 543 2107 mortem
566 2046 722 2127 suscipere
743 2062 799 2126 pro
822 2043 898 2122 illis,
928 2049 959 2104 et
980 2042 1052 2104 hac·

128 2129 258 2191 reticum
281 2147 416 2189 asseram
440 2147 574 2205 omnem,
596 2129 647 2207 qui
671 2134 778 2190 contra
799 2126 943 2207 sapuerit.

213 2212 288 2273 ltem
309 2212 521 2293 indulgentiae
534 2212 607 2271 nihil
629 2211 711 2272 alind
734 2218 813 2290 sunt,
837 2229 926 2290 qnam
949 2208 1049 2270 relex-

128 2296 191 2356 atio
214 2315 353 2377 paenae,
387 2297 511 2357 arbitrio
544 2295 714 2357 sacerdotis
737 2295 786 2355 vel
804 2313 956 2367 canonum
980 2311 1052 2373 poe·

128 2379 333 2439 nitentialium
357 2379 531 2460 impositae,
556 2397 632 2457 quos
655 2385 757 2438 tamen
771 2379 863 2438 etiam
886 2378 952 2458 ipse
974 2378 1048 2437 iate·

127 2469 176 2522 tur
197 2481 252 2543 per
274 2480 335 2523 non
359 2482 444 2523 usum
468 2462 612 2523 abolitos.

209 2546 285 2607 Item
325 2547 406 2606 eirca
435 2551 659 2607 sacramentum
694 2544 904 2623 poenitentiae
933 2560 1051 2603 errores

127 2630 275 2709 seminat,
297 2637 330 2690 ut
352 2629 435 2709 quod
457 2631 523 2690 sine
545 2629 644 2709 gratia
667 2627 734 2705 Dei,
756 2628 855 2706 primo
876 2627 1052 2686 remittente

126 2712 269 2792 cuipam,
304 2731 362 2773 nec
384 2721 488 2774 votum
511 2711 702 2774 remissionis
717 2708 919 2790 'quaerendae
955 2709 1049 2769 homo

126 2794 241 2855 habere
262 2803 375 2875 potest.
405 2811 408 2815 ·

208 2879 284 2939 ltem
307 2879 463 2939 haeretica
488 2885 536 2939 est
564 2876 734 2954 sententia,
768 2894 828 2956 qua
858 2879 1050 2934 sacramenta

128 2980 232 3022 novae
255 2962 331 3043 legis
354 2964 483 3042 gratiam
496 2960 712 3022 iustificantem
734 2958 807 3020 dare
820 2956 961 3018 dicuntur
980 2957 1051 3037 illis,

130 3046 182 3123 qni
204 3064 268 3105 non
291 3052 410 3126 ponunt
433 3044 576 3122 obicem3
598 3044 671 3104 alibi
693 3043 755 3105 hoc
777 3042 868 3103 etiam
892 3041 1051 3122 explicans

109 3126 164 3189 -de
188 3127 351 3207 baptismo

211 3211 300 3272 Circa
321 3213 535 3272 contritionem
557 3209 640 3271 istud
658 3210 711 3285 dat
725 3210 901 3269 consilium:
924 3205 1050 3268 Confes-

124 3312 212 3354 snrns
235 3301 305 3354 ante
327 3296 432 3356 omnia
447 3301 546 3354 tecum
566 3295 678 3375 cogita,
702 3293 774 3372 qnid
790 3293 918 3367 laceres,
940 3292 965 3350 si
987 3309 1049 3350 non

123 3384 208 3436 esset
228 3384 425 3458 praeceptum
450 3375 645 3438 confitendi?
669 3383 699 3436 et
721 3396 759 3436 an
782 3377 828 3435 sic
840 3376 931 3434 ctiam
955 3373 1051 3433 velles

124 3460 279 3539 confiteri,
314 3462 452 3540 conteri,
474 3459 658 3542 poenitere?
702 3456 792 3534 Quod
823 3458 848 3516 si
871 3463 901 3517 te
923 3476 984 3517 non
1007 3456 1051 3517 ita¹

121 3545 254 3620 invenis,
276 3546 337 3604 iam
353 3546 430 3606 scito
444 3551 474 3605 te
484 3564 546 3603 non
563 3563 601 3603 ex
616 3561 722 3603 amore
733 3542 878 3621 iustitiae,
900 3539 953 3601 sed
977 3556 1049 3599 con-

125 3629 290 3688 suetudine
314 3637 345 3688 et
368 3629 478 3687 timore
501 3628 658 3707 praecepti
680 3625 849 3706 poenitere.

205 3713 297 3786 ltem,
327 3712 409 3790 quod
432 3710 528 3789 fides,
556 3728 617 3789 qua
638 3709 770 3769 creditur
792 3706 916 3767 verbum
940 3705 1051 3766 christi

122 3814 247 3855 rernm:
271 3793 490 3873 *Quodcunque
517 3793 647 3853 solveris
681 3799 738 3852 etc.
768 3791 866 3872 magis
888 3790 1053 3868 requiritur

778 3875 845 3940 ta*
