2346 4208
454 166 465 193 r
591 184 598 199 .-

123 241 187 309 194
323 245 483 314 Disputatio
501 244 614 314 Lipsiae
632 245 726 298 habita
744 260 771 300 a.
791 244 855 301 xix

121 430 205 511 quod
222 432 372 492 contritio
394 431 507 492 nullius
528 433 568 492 sit
588 431 744 512 utilitatis,
763 427 902 493 nitidat
922 429 955 489 in
972 427 1044 489 cart

53 520 60 529 ‘
122 522 194 580 tete
215 513 420 594 Hocquidem
442 534 558 594 verum,
581 514 637 575 aed
660 515 831 577 secundum
845 512 1044 593 Augustianos

121 597 162 657 ad
182 599 342 658 oariwtem
363 616 426 659 non
449 599 634 677 pervenitur,
657 599 716 659 nisi
738 598 972 679 pertimerem.
1002 592 1044 655 tt·

121 699 189 742 mor
211 680 467 742 medicamentum
490 688 547 760 ast,
570 683 681 743 coritas
709 684 836 742 sanitas,
876 678 1045 745 Menon

121 764 290 825 accedente
325 764 452 824 cecitate
480 782 589 826 omncs
617 765 698 826 bene
728 768 883 826 noverunt
909 764 1045 835 massi

122 846 207 907 illum
231 845 483 926 insufficientem,
514 854 682 928 propterea
702 849 734 909 in
756 850 809 909 vie
828 845 917 907 illum
938 844 1045 911 nasa

120 936 218 1008 tuont,
240 948 303 990 non
325 931 356 990 in
378 931 518 993 termino.
960 970 964 977 -

203 1029 253 1090 Ad
274 1031 425 1090 rationem
443 1048 482 1090 ex
502 1029 538 1091 B.
552 1029 705 1110 Dionysio
725 1022 880 1110 sumptam
902 1030 973 1089 tran

121 1112 177 1174 aed
199 1132 262 1173 non
285 1114 405 1195 operuit
426 1113 463 1174 D.
485 1112 586 1190 Pater,
609 1131 678 1172 cum
700 1119 865 1192 peceatum
886 1111 1046 1189 sit-imunt

121 1203 153 1257 et
175 1197 286 1256 caritas
309 1199 458 1276 superius,
481 1194 567 1278 quod
590 1197 629 1257 eit
651 1194 786 1256 medium
808 1192 1047 1281 perveniantur

120 1287 249 1360 peccato
272 1279 303 1338 in
326 1276 494 1358 duritatem,
517 1284 548 1339 et
570 1279 710 1359 proiecto
732 1278 816 1338 aliud
838 1277 915 1339 dare
934 1276 1049 1361 nequiit
1073 1300 1076 1311 ·

121 1378 216 1441 quem
245 1363 392 1441 Basilius,
422 1361 522 1441 Beda,
560 1362 767 1443 Augustinus,
795 1360 992 1441 Bernardns,
1012 1358 1048 1427 Ι·

121 1462 250 1508 morem.
1027 1462 1041 1479 ¹¹

203 1542 322 1605 Deinde
345 1545 474 1605 assumit
494 1546 624 1626 gretiam
646 1546 829 1624 praevenire
860 1540 1051 1613 timorem&

122 1642 276 1707 amorem,
306 1626 388 1708 quod
415 1629 441 1687 ai
462 1628 598 1707 loquitur
620 1626 660 1690 de
681 1629 781 1708 gratia
810 1628 967 1688 motionis¹
983 1620 1049 1689 uisi

122 1731 190 1789 nae,
213 1730 274 1790 qua
295 1710 379 1771 Deua
401 1728 459 1771 nos
482 1708 647 1791 aspirando
671 1710 848 1791 praevenit,
867 1710 971 1772 fateor
990 1704 1049 1791 qui·

121 1795 191 1854 dem
214 1803 312 1872 tnn03
348 1794 373 1853 ai
406 1800 507 1854 eutem
538 1792 674 1873 loquitur
711 1795 750 1854 de
780 1792 879 1875 gratia
908 1788 1047 1873 canati,

120 1876 196 1938 illud
218 1895 281 1937 non
304 1883 449 1956 eccepto,
473 1877 545 1956 quia
567 1877 664 1954 illius,
694 1892 774 1956 quae
795 1882 880 1937 recte
904 1874 1048 1957 sapientis

21 1986 24 1991 ¹
123 1962 153 2020 in
177 1956 341 2040 Scripturia
368 1958 562 2039 appelletur,
594 1960 715 2019 initium
737 1965 784 2020 est
806 1960 898 2020 timor
919 1954 1047 2037 Domini,

122 2044 262 2123 quemvis
285 2044 377 2102 timor
398 2042 456 2102 iste
478 2042 596 2122 absque
618 2044 745 2103 caritate
775 2044 815 2103 ait
835 2042 1045 2121 infructuosus

204 2143 318 2222 Porro,
343 2142 425 2222 quod
449 2141 662 2223 Ambrosium,
685 2142 887 2225 (haganum,
916 2150 949 2203 et
975 2134 1046 2206 alios

122 2224 266 2288 doctores
295 2223 437 2304 admittit,
460 2225 515 2286 sed
538 2248 601 2288 non
623 2232 733 2287 contre
749 2224 937 2308 Apostolum
958 2224 998 2287 de
1017 2224 1055 2287 ii·

123 2329 208 2370 more
222 2308 311 2390 legia,
334 2310 527 2389 nescioquas
545 2308 677 2370 offundit
690 2310 828 2371 nebulas.
851 2309 944 2370 Dicat
961 2308 1045 2385 claro,

122 2398 176 2453 eut
196 2392 247 2452 isti
275 2390 305 2456 S.
320 2392 433 2452 ‘Patres
462 2413 518 2473 per
540 2413 589 2453 me
619 2392 746 2474 allegati
767 2399 944 2473 repugnent
965 2384 1045 2461 disis

122 2474 284 2556 Apostoli,
307 2475 357 2536 vel
379 2477 488 2536 minus.
529 2476 561 2536 Si
589 2482 764 2556 repugnant
792 2477 875 2537 dieto
898 2460 1045 2557 Apossii‘,

121 2558 182 2620 hoo
205 2559 368 2637 ostendat,
404 2558 487 2638 quod
509 2578 665 2639 nunquam
695 2556 760 2619 fieri
787 2578 882 2641 posse
913 2556 1045 2637 arbitron

123 2663 192 2703 oum
226 2630 261 2703 irs
285 2643 379 2702 sacris
415 2642 578 2723 seripturis
605 2642 718 2702 fuerint
747 2641 994 2705 exercitatissimi
1019 2634 1076 2703 'tl

123 2724 237 2807 Spiritu
270 2731 377 2786 sancto
418 2726 544 2806 repleti,
582 2724 758 2804 apostolum
788 2724 917 2786 Paulum
1013 2736 1046 2797 us

122 2808 210 2869 bene'
224 2808 443 2889 intelligentes,
466 2810 543 2868 siout
565 2828 633 2870 nos.
657 2808 773 2869 Sinon
797 2812 973 2889 repugnant
1010 2802 1044 2867 io

123 2891 161 2951 tia
183 2891 283 2971 Pauli,
322 2899 381 2951 stet
409 2910 515 2951 eorum
549 2892 742 2971 sententiae,
770 2899 801 2952 et
821 2888 1044 2972 praedicatores

124 2975 248 3036 modum
281 2975 473 3057 contritionis
504 2984 536 3034 et
565 2974 775 3054 poenitentiae
804 2972 979 3057 praefatum
998 2972 1044 3043 do·

123 3065 228 3119 centes
250 3078 313 3119 non
334 3057 507 3138 improbet,
540 3077 598 3118 neo
620 3058 663 3131 ab
687 3058 861 3118 hominibus
883 3052 1045 3138 peccaiofl·

124 3142 180 3203 bus
219 3140 393 3201 huiusmodi
427 3143 568 3201 timorem
598 3141 739 3201 servilem
769 3138 873 3201 utilem
903 3149 934 3202 et
968 3136 1044 3225 quoti

123 3225 331 3285 necessarium
355 3224 488 3284 medium
510 3223 663 3285 excludet.

206 3341 275 3402 Non
304 3343 421 3403 relevat
449 3360 539 3420 eum,
569 3341 652 3420 quod
675 3342 830 3401 existimat
851 3341 960 3404 habita
980 3340 1047 3421 ccii·

124 3432 187 3486 tate
210 3428 327 3486 moveri
360 3432 494 3486 mentem
517 3425 556 3485 ad
579 3427 736 3503 timorem,
757 3426 905 3505 quoniam
924 3425 988 3486 hoo
1007 3442 1047 3487 ot·
1074 3440 1076 3447 '

124 3516 172 3570 set
198 3510 343 3570 cancrino
382 3527 469 3570 more
493 3508 681 3588 retrogredi,
719 3516 827 3568 contra
853 3509 889 3568 B.
911 3505 1046 3590 Gregorii
1073 3510 1076 3521 '

62 3658 66 3667 ¹
124 3594 309 3652 sententiam
340 3593 392 3653 lib.
421 3597 451 3656 2.
484 3592 612 3652 homilia
635 3594 683 3655 19.
721 3611 813 3671 super
846 3591 1045 3654 Ezechielem.

124 3675 254 3736 Constat
274 3676 382 3755 procul
404 3675 509 3752 dubio,
532 3677 604 3753 quia
626 3695 645 3735 a
665 3677 777 3736 timore
805 3674 846 3735 ad
867 3676 1044 3756 septennio

123 3758 309 3836 ascenditur,
330 3779 393 3820 non
416 3767 520 3820 autem
541 3758 725 3838 saepientic
746 3757 787 3818 ad
809 3759 954 3841 dmorcan
972 3755 1044 3819 redi·
