2346 4208
123 257 189 326 220
314 292 318 299 -
436 262 580 316 Tractatus
598 261 712 317 Luthcri

124 456 180 512 tes.
225 449 293 527 Quo
316 458 418 512 autern
440 450 610 512 faciliorem
632 451 712 510 viam
741 449 870 512 rudibus
897 451 1025 526 (nsm”
1006 471 1039 512 ru

123 535 198 597 solis
220 534 340 617 servio)
364 536 509 631 aperiam,
534 535 594 596 duo
615 533 694 595 hacc
715 533 852 594 themata
873 535 1040 659 praemittq

125 618 164 678 da
185 617 327 679 libertate
349 626 380 679 et
401 619 546 678 servitute
568 619 655 714 spirit
656 638 702 678 us.

178 701 397 761 Christianus
433 701 526 762 homo
556 702 691 762 omnium
713 700 865 761 Dominus
888 706 938 761 est
957 699 1041 762 liber·

206 786 317 863 rimus,
350 785 424 845 nulli
449 783 618 861 subiectus,
653 784 843 844 Christianus
864 783 962 845 homo
984 802 1042 845 om·

208 869 291 927 nium
314 886 419 928 servus
450 874 496 927 est
518 867 777 946 officiosissimus,
811 865 956 929 omnibus
978 867 1053 930 snia‘

205 951 312 1012 iectus.

205 1034 291 1094 Haec
313 1052 495 1113 quamquam
509 1053 646 1115 pugnare
664 1032 833 1110 videantur,
856 1038 975 1112 tamen,
998 1033 1042 1096 ubi

124 1118 290 1177 convenire
312 1119 438 1177 inventa
458 1117 583 1187 fircrint,
619 1116 744 1196 pulchre
765 1116 882 1177 facient
903 1116 942 1176 ad
965 1117 1043 1177 insti·

123 1205 220 1260 tutum
242 1206 389 1260 nostrum.
433 1199 510 1261 Sunt
531 1202 610 1259 enim
634 1200 728 1279 ipsius
743 1199 829 1259 Pauli
853 1205 985 1279 utraque
1006 1198 1042 1260 di·

125 1285 222 1343 centis
247 1288 274 1345 1.
292 1283 428 1343 Corinth.
453 1285 481 1346 9:
505 1282 580 1343 Οιιιιι
603 1281 680 1343 liber
703 1301 813 1361 essem,
836 1284 977 1342 omnium
999 1301 1048 1357 nra=

123 1385 243 1425 servum
266 1367 341 1445 feci3
369 1367 457 1429 Rom.
482 1369 535 1430 13:
565 1366 685 1426 Nemini
709 1365 874 1444 quidquam
898 1364 1043 1446 debeatis,

122 1449 180 1508 nisi
219 1456 252 1509 ut
272 1450 404 1511 invicem
438 1449 580 1530 diligatis.
624 1450 719 1508 Amor
746 1458 820 1509 vero
853 1456 967 1509 natura
993 1468 1043 1510 sus

123 1530 279 1592 officiosus
308 1536 354 1593 est
378 1539 409 1593 et
435 1533 608 1612 obsequens
638 1534 685 1609 ei,
709 1531 790 1610 quod
823 1537 955 1598 amatur.
999 1532 1043 1593 sic

123 1621 154 1674 et
185 1615 337 1692 Christus,
367 1635 550 1695 quamquam
581 1617 715 1675 omniurn
745 1615 913 1686 Dominus,
950 1616 1042 1676 factus

123 1704 225 1758 tamen
249 1719 288 1758 ex
311 1699 451 1775 muliere,
481 1699 578 1759 lactus
601 1706 648 1759 est
670 1698 725 1757 snb
747 1698 832 1777 lege,
856 1699 949 1758 simul
972 1698 1043 1760 liber

122 1787 154 1841 et
176 1801 291 1861 servus,
314 1782 403 1841 simul
425 1783 454 1841 in
479 1783 577 1842 forma
600 1783 655 1842 Dei
680 1783 761 1841 etin
783 1782 884 1841 forma
904 1783 997 1842 servi.

206 1866 324 1926 Altiore
339 1872 370 1924 et
386 1867 536 1926 crassiore
558 1864 697 1946 petamus
718 1867 778 1924 istc
798 1864 964 1944 principio.
988 1863 1043 1926 Ησ-

122 1966 173 2007 ιιιο
197 1949 278 2008 enim
301 1947 413 2028 duplici
437 1954 560 2009 constat
580 1954 698 2026 natura,
721 1947 869 2027 spirituali
894 1955 1043 2030 etcorpo-

123 2030 188 2091 rali.
232 2031 326 2091 Juxta
348 2032 550 2110 spiritualem,
579 2050 670 2110 quam
694 2030 798 2091 dicunt
819 2031 974 2110 animam,
996 2050 1043 2091 vo·

123 2119 209 2173 catur
230 2113 412 2194 spiritualis,
442 2116 583 2191 interior,
609 2134 707 2175 novus
730 2114 837 2192 hom03
871 2114 963 2174 iuxta
985 2132 1043 2175 cor·

122 2196 277 2276 poralem‚
311 2217 401 2275 quam
435 2217 556 2257 carnem
587 2197 710 2274 dicunt,
744 2203 873 2256 vocatur
904 2198 1044 2274 carnalis,

124 2281 266 2356 exterior,
289 2280 488 2341 vetushomo.
512 2282 628 2360 Dequo
643 2280 801 2359 apostolus
825 2282 853 2340 2.
864 2279 1007 2343 Corinth.
1018 2283 1043 2342 4:

121 2362 207 2421 Licet
229 2364 270 2440 is,
305 2365 355 2441 qui
377 2364 450 2423 ioris
474 2370 537 2440 est,
574 2370 679 2424 noster
705 2363 799 2424 homo
823 2371 1044 2445 corrumpatur,

121 2451 224 2504 tamen
247 2446 287 2523 is,
318 2448 368 2524 qui
396 2449 476 2506 intus
499 2453 560 2519 est,
584 2453 748 2507 renovatur
769 2445 807 2506 de
829 2445 879 2505 dia
902 2446 933 2506 in
959 2447 1044 2506 diem.

120 2527 207 2588 Haec
241 2528 400 2589 diversitas
434 2530 521 2605 lacit,
561 2538 594 2590 ιιι
623 2532 653 2588 in
683 2529 844 2671 Scripturis
877 2531 1044 2610 pugnantia

122 2610 160 2672 de
182 2611 293 2672 eodem
316 2612 440 2673 homine
463 2613 566 2672 dicant
555 2619 617 2689 tur,
642 2631 710 2671 cum
733 2619 763 2671 et
784 2613 841 2691 ipsi
864 2611 929 2673 duo
952 2613 1043 2674 homi·

122 2713 177 2754 nes
199 2697 229 2754 in
253 2694 363 2754 eodem
386 2695 511 2755 homine
534 2695 591 2755 sibi
614 2702 761 2776 pugnant,
740 2694 854 2755 tdum
878 2714 955 2756 caro
978 2715 1042 2757 con·

123 2779 254 2857 cupiscit
242 2778 421 2838 tadversus
445 2780 633 2858 spiritum,e
634 2780 789 2863 tapiritus
811 2775 963 2839 adversus
987 2798 1043 2838 car·

123 2880 201 2923 nem.
225 2860 324 2923 Galat
305 2865 376 2924 ιδ.

206 2944 337 3003 Primum
362 2963 399 3004 au
404 2950 462 3003 tem
486 2946 661 3004 interiorem
691 2944 846 3004 hominem
871 2945 1041 3024 apprehen·

121 3025 229 3104 dimus,
253 3028 354 3106 visuri,
377 3046 508 3107 quanam
531 3029 650 3088 ratione
670 3029 777 3105 iustus,
799 3026 887 3106 liber,
910 3045 1041 3108 vereque

121 3109 320 3184 Christianus,
333 3110 394 3170 hoc
407 3117 462 3186 est,
485 3111 658 3190 spiritualis,
673 3130 781 3187 novus,
804 3110 934 3170 interior
953 3110 1042 3171 homo

121 3191 183 3252 fiat.
226 3193 267 3254 Et
302 3201 438 3271 constat,
479 3193 593 3253 nullam
627 3212 752 3273 prorsus
797 3212 898 3252 rerum
947 3202 1041 3254 exter·

121 3295 244 3355 narum,
268 3295 452 3356 quocunqne
474 3282 658 3337 censeantur
679 3277 819 3353 nomine,
855 3276 975 3354 aliquid
996 3277 1042 3337 ha·

121 3358 193 3419 bere
216 3361 363 3420 momenti
391 3360 429 3419 ad
457 3361 601 3419 iustitiam
632 3365 684 3419 aut
705 3359 875 3420 libertatem
902 3359 1041 3420 Christis

23 3483 26 3488 -
121 3461 202 3518 nam,
226 3441 304 3503 sicut
325 3461 384 3503 nec
405 3443 443 3503 ad
459 3443 647 3517 iniustitiam,
670 3442 912 3503 autservitutem
938 3463 1041 3523 parau-

122 3520 211 3588 dam(
245 3525 335 3600 Quod
357 3526 534 3586 inductione
557 3525 637 3586 facili
651 3524 681 3601 1)
707 3523 917 3606 persuadetur.

205 3607 284 3685 Quid
314 3611 394 3670 enim
427 3608 576 3690 prodesse
599 3615 691 3688 queat
713 3611 848 3686 animae,
885 3610 912 3692 si
933 3628 1040 3691 corpus

134 3730 302 3743 a-——uu—v--u

193 3781 226 3848 1)
247 3781 277 3834 ln
297 3781 339 3835 cd.
358 3762 436 3835 Jcnss:
456 3779 546 3834 facila.
