2346 4208
121 241 182 307 1⁶22
324 246 432 301 Tesser.
454 247 566 303 Consul.
589 248 621 301 D.
640 249 675 304 ll.
695 250 816 305 Lutheri·

123 439 183 499 lem
208 440 324 520 theg.
349 445 397 518 rs,
421 461 459 500 ne
481 443 610 520 amplius
624 442 744 502 Saulem
768 443 896 522 lugeret,
920 442 1047 503 dicensi

123 522 227 601 Usque
250 543 310 601 quo
325 533 355 583 tu
369 525 465 604 luges,
489 525 570 600 Saul,
594 545 660 585 cum
685 546 743 605 ego
758 527 942 604 proiecerim
965 545 1044 602 eum,

123 626 162 665 ne
185 617 291 686 regnet
314 627 405 684 super
426 608 541 666 lsrael?
573 610 658 686 quasi
682 609 815 669 diceret:
837 608 971 669 Adeone
993 628 1043 669 vo·

124 689 224 749 luntas
250 709 318 749 mea
349 690 400 749 tihi
429 691 583 769 displicet,
617 699 649 750 ut
682 692 818 753 hominis
854 692 1047 753 voluntatem>

125 772 196 831 mihi
219 773 394 851 praeferas?
431 775 570 851 Denique
604 776 681 834 haec
710 781 757 835 est
785 775 838 835 illa
858 795 922 836 vox
945 775 1044 836 laudis

123 862 154 915 et
174 856 277 936 gaudii
300 877 354 935 per
376 864 473 916 totum
506 859 700 936 psalterium5
728 859 810 937 quod
832 859 985 918 Dominus
1007 860 1045 918 sit

122 938 214 998 iudex
236 939 394 998 viduarum
418 949 448 1000 et
470 947 556 1019 pater
570 942 786 1020 orphanorum,
809 942 891 1020 quod
909 942 1045 1002 facturas

122 1024 161 1080 sit
183 1022 347 1082 vindictam
370 1042 538 1103 pauperum
575 1032 605 1083 et
635 1025 778 1084 iudicium
808 1026 927 1103 inopis,
962 1024 1044 1102 quod

122 1105 346 1165 confundentur
368 1107 493 1184 inimici,
516 1107 681 1184 perdentur
703 1109 801 1186 impii,
836 1115 866 1167 ct
888 1108 1044 1167 multami-

123 1189 215 1247 milia.
263 1187 353 1262 Quod
387 1192 412 1248 si
447 1191 512 1267 quis
547 1192 737 1269 generationi
773 1191 818 1250 illi
850 1192 1044 1270 sanguinum,

123 1288 201 1349 quae
224 1271 336 1331 occidit
357 1274 454 1334 iustos
479 1275 587 1341 (etiam
612 1274 719 1333 Filium
742 1274 837 1350 Dei),
872 1280 903 1333 et
935 1274 1044 1353 impio·

121 1374 186 1413 rum
209 1355 332 1414 cumulo
356 1356 429 1415 velit
451 1357 543 1415 stulta
566 1356 776 1416 misericordia
798 1359 949 1435 compati,
984 1358 1044 1416 iam

121 1438 293 1497 invenietur
316 1458 422 1498 eorum
445 1439 640 1518 congaudere
662 1441 830 1518 iniquitati,
859 1447 890 1499 et
911 1439 1045 1518 probare

121 1539 168 1597 ea,
190 1539 269 1599 quae
291 1525 467 1601 gesseruut,
508 1522 617 1602 dignus
650 1524 701 1600 qui
732 1542 800 1582 cum
829 1524 873 1581 eis
906 1523 1047 1582 similiter

123 1611 244 1682 pereat,
269 1624 395 1683 quorum
422 1613 549 1684 peccata
572 1606 648 1665 nolit
680 1606 843 1665 vindicari:
877 1604 1046 1684 audietque

122 1686 197 1746 illud
219 1689 247 1748 2.
271 1687 350 1749 Sam.
378 1690 431 1751 19:
455 1688 563 1768 Diligis
586 1688 726 1748 odientes
749 1697 778 1748 te
800 1696 830 1748 et
852 1687 924 1748 odio
948 1688 1047 1748 hebes

122 1768 284 1849 diligentes
306 1779 346 1831 te.
390 1770 440 1831 Sic
462 1773 542 1831 euim
559 1772 586 1850 Ι)
612 1771 684 1832 loab
716 1771 755 1831 ad
778 1771 875 1832 David
908 1770 1045 1846 dicebat,

121 1853 244 1931 quaudo
277 1853 427 1914 Absalom
456 1856 582 1934 impium
616 1854 801 1914 homicidam
838 1874 926 1914 suum
955 1855 1046 1914 nimis

121 1936 256 2016 lugebat.

204 2019 306 2095 Quare
326 2021 356 2078 iu
379 2020 439 2080 hoo
461 2027 583 2100 spectro
616 2021 873 2100 congaudendum
910 2024 959 2083 est
980 2021 1046 2080 nui-

112 2099 423 2164 ⁴versaeSanotorum
447 2105 562 2182 pietati,
586 2110 616 2162 et
638 2104 772 2163 iustitiae
786 2105 853 2179 Dei,
876 2121 957 2181 quse
980 2122 1046 2183 per·

120 2192 277 2247 secutores
300 2189 421 2266 pietatis
444 2189 609 2246 iustissime
633 2188 737 2265 punit„
772 2195 802 2245 ut
836 2186 949 2246 liberet
971 2205 1044 2246 suos

122 2271 237 2330 electos
260 2270 298 2329 ab
321 2271 374 2330 sis.
419 2271 520 2348 Atque
556 2272 597 2328 ita
626 2270 711 2329 vides
745 2289 807 2329 nou
841 2288 954 2348 parva,
990 2267 1045 2328 sed

122 2373 241 2413 summa
263 2353 344 2413 bona
366 2355 395 2411 in
421 2354 547 2412 mortuis
570 2359 601 2411 et
622 2353 773 2412 damnatis
796 2353 908 2428 lucere,
931 2371 1046 2430 nempe

120 2435 303 2496 vindicatam
334 2437 468 2496 omnium
500 2436 681 2496 Sanctorum
708 2436 864 2511 iniuriam,
900 2441 932 2494 et
962 2441 1047 2494 tuam

122 2537 256 2597 quoque,
280 2521 304 2578 si
326 2521 421 2578 iustus
445 2538 487 2594 es,
510 2538 578 2578 cum
603 2520 655 2578 eis.
712 2517 792 2592 Quid
820 2537 893 2597 ergo
925 2519 1047 2591 mirum,

124 2604 148 2661 si
172 2609 202 2662 et
224 2623 279 2682 per
302 2610 385 2662 tuum
408 2621 554 2681 praesens
568 2602 680 2661 malum
705 2601 838 2661 vindicet
859 2600 982 2660 hostem
1004 2609 1047 2659 tu-

123 2706 184 2764 um,
206 2686 236 2745 id
261 2692 316 2761 est,
340 2692 498 2763 peccatum
521 2687 659 2763 corporis
681 2685 745 2743 tui?
768 2684 832 2743 lmo
848 2683 1048 2762 congauden-

123 2768 195 2829 dum
218 2769 269 2828 tihi
291 2771 322 2828 iu
345 2769 406 2828 hoc
428 2767 532 2827 officio
557 2769 692 2847 optimae
712 2768 845 2826 iustitiae
869 2766 925 2825 Dei
935 2785 1049 2846 ‚quae

125 2853 217 2912 etiam
239 2857 270 2911 te
292 2871 353 2912 uon
375 2860 505 2947 rogante
534 2852 711 2994 ptessimum
735 2858 817 2909 tuum
846 2849 985 2924 hostem
1018 2849 1050 2910 id

124 2941 180 3012 est,
203 2941 312 3016 peceat
314 2956 363 2994 um
387 2936 500 2993 tuum
492 2940 665 3013 meipso
688 2932 858 2993 sicoccidit
847 2939 916 2990 tao
938 2933 1050 3011 perdit

126 3019 181 3078 Oui
205 3020 229 3078 si
251 3026 375 3159 eomprpt
376 3019 456 3093 iaris
480 3019 596 3076 amicus
611 3018 729 3097 peceati
752 3021 782 3074 et
770 3015 877 3074 tthos
858 3021 895 3072 trs
911 3017 1050 3076 iustitiae

124 3102 208 3161 inte
233 3107 362 3196 operant
363 3102 388 3159 is
410 3101 585 3175 invenieris,
608 3099 691 3178 quod
715 3099 769 3158 tibi
793 3116 912 3157 summe
935 3117 1049 3158 caven

125 3185 196 3244 dum
219 3185 266 3259 sit
290 3192 363 3244 net
351 3184 403 3243 tibi
428 3202 550 3262 quoque
573 3182 706 3244 dicatur.
728 3181 837 3260 Diligis
851 3180 995 3241 odientes
1011 3191 1051 3258 ιθ,

109 3275 157 3328 -et
179 3267 246 3328 odis
270 3267 434 3346 diligentes
459 3273 497 3328 te.
541 3265 625 3326 Siout
646 3284 719 3345 ergo
747 3265 882 3324 iustitiae
908 3266 939 3323 iu
963 3271 1051 3324 tuum

126 3357 286 3430 peccatum
311 3350 453 3409 servienti
469 3346 501 3422 ²)
532 3367 600 3406 oum
630 3347 742 3428 gaudio
768 3347 976 3426 congratulari
1001 3348 1052 3408 de·

52 3429 54 3434 ’
128 3433 197 3509 hes,
232 3436 274 3492 ita
303 3432 402 3492 eidem
431 3431 651 3511 congratuleris
683 3432 713 3490 in
751 3437 947 3510 peccatores,
989 3451 1053 3491 om-

127 3518 210 3577 nium
228 3515 260 3599 ³)
284 3536 321 3576 ac
344 3517 397 3575 Dei
426 3515 542 3592 hostes,
568 3515 727 3574 saevienti.
776 3512 871 3573 Vides
891 3514 1001 3591 itaq-ue
1022 3515 1053 3574 iu

133 3659 540 3668 —-*———--——.-.-—-—-.-

199 3717 228 3778 1)
248 3717 279 3768 lu
317 3716 357 3769 ed
388 3716 448 3769 Jen
484 3714 574 3767 deest.
610 3715 692 3765 enim.
739 3711 771 3772 2)
793 3709 875 3825 lhida
909 3715 1054 3767 saevienti.

129 3789 160 3853 3)
181 3786 264 3842 Ibida
284 3787 438 3841 homiuum
766 3823 769 3831 .
880 3819 883 3826 a
959 3820 962 3830 .
