2346 4208
352 39 442 103 uum,
479 39 622 106 misitque
643 39 787 107 epu-unm
820 39 977 104 sanetum,
1012 39 1044 87 et
1066 44 1171 88 omnin

352 116 386 171 ut
407 108 541 171 offinium
562 110 624 171 hoe
645 119 728 172 esset
749 110 1017 179 officiosissimum.

436 190 526 267 Quod
549 195 574 254 si
597 196 670 254 satis
694 202 754 273 est,
775 214 831 274 per
853 195 946 255 alium
961 193 1091 271 dooere,
1109 192 1171 273 quit

353 275 434 357 plius
445 278 520 337 tinnit
531 278 706 357 episeopus,
727 297 819 357 quum
834 277 953 347 lanus?
975 276 1088 337 Nonne
1100 274 1152 345 rel

351 365 456 438 potent
476 359 581 421 iubere
604 368 658 428 aut
665 362 854 440 permittere,
875 367 909 420 nt
929 360 1007 419 nlius
1029 358 1171 439 diligete

352 442 438 503 nent?
467 442 546 517 Quid
568 463 642 523 ergo
665 463 793 504 neeesse
810 444 866 503 fuit
885 442 992 520 Petro,
1015 449 1062 503 tot
1082 440 1171 513 vieibr

352 526 455 605 petitis
478 526 625 587 mandere
647 527 708 589 hoe
729 527 877 605 officium,
908 533 940 586 et
960 534 1022 586 tem
1044 526 1171 595 instent«

352 609 449 689 gere?
471 608 527 669 Est
539 612 598 670 iste
610 610 720 671 modus
739 611 891 691 evangelii
911 605 1149 688 interpretandi:

353 711 428 753 oves
451 711 545 770 meas,
567 692 597 752 id
620 701 676 772 est,
698 696 857 772 permitte,
879 693 965 770 iube,
987 699 1021 752 ut
1041 692 1121 765 aliue
1152 717 1157 744 ι

353 774 386 837 si
407 775 460 836 iile
484 775 562 835 nlius
589 777 663 837 item
685 796 740 856 per
762 777 854 837 aliurn
877 781 1001 855 paseat,
1031 782 1064 835 et
1091 774 1162 845 terti

356 865 496 938 quartum
527 877 565 918 ne
586 860 631 919 ein
658 860 725 919 nine
752 859 813 920 tine
838 878 934 938 usqne
956 858 997 919 ud
1017 858 1165 919 nemine

354 947 458 1001 manet
480 941 606 1002 verbum
630 943 762 1003 Christi?
784 943 847 1003 Aut
868 962 928 1021 qua
950 942 1093 1003 decentia
1113 960 1151 1005 ue

354 1043 467 1104 quates
490 1033 634 1104 pascent,
671 1026 794 1106 quando
817 1027 983 1106 primores,
1021 1032 1052 1084 et
1074 1025 1127 1103 qui
1146 1022 1171 1105 ρ’

354 1107 478 1184 debent,
499 1127 563 1168 non
584 1109 734 1188 pascunt?
758 1109 818 1169 Cur
833 1108 970 1169 Christus
988 1127 1051 1169 non
1073 1106 1171 1171 feeit‘

353 1209 407 1251 our
428 1191 534 1257 Petrus
557 1211 620 1252 non
642 1194 734 1253 etiam
757 1195 871 1255 otiatus
893 1212 948 1272 per
969 1191 1047 1251 elios
1070 1192 1157 1272 pavit

433 1274 543 1353 Igitur,
566 1277 591 1334 si
613 1277 673 1337 iste
694 1275 789 1345 verba
813 1276 852 1335 ad
874 1275 1063 1355 pontificium
1085 1282 1169 1355 pote

354 1375 449 1437 cogas
471 1360 594 1438 servire,
617 1361 648 1419 in
671 1379 797 1420 nervum
814 1378 865 1419 res
888 1364 940 1420 tua
961 1357 1037 1437 ibit,
1059 1369 1092 1418 et
1105 1377 1157 1419 et<

353 1460 372 1501 a
395 1451 534 1521 tempore
555 1441 697 1522 Gregorii
720 1442 822 1523 Magni
852 1461 915 1504 non
938 1442 1031 1502 fuisse
1061 1460 1146 1521 pas·

351 1525 496 1585 Romana
516 1526 656 1587 ecelesia.
701 1526 758 1585 Hie
768 1528 849 1587 enim
873 1526 937 1587 fere
949 1524 1073 1585 ultimus
1096 1530 1167 1587 ent

353 1609 405 1686 qui
427 1627 531 1668 sacres
555 1610 658 1671 literas
681 1616 898 1671 tractaverunt.
942 1608 1059 1687 Quare,
1082 1607 1109 1668 si
1129 1606 1171 1689 gt«

355 1693 471 1752 dietum
493 1711 563 1752 esse
584 1693 691 1757 Petro:
725 1694 834 1773 Diligis
856 1712 906 1752 me
927 1692 996 1772 plus
1019 1692 1073 1769 iis,
1096 1690 1169 1755 hen

353 1776 414 1835 hnc
436 1784 468 1837 et
489 1777 585 1854 vives,
608 1774 701 1858 dilige
725 1776 792 1855 plus
817 1778 937 1854 ceteris,
959 1793 1054 1855 pesce
1067 1774 1171 1854 pinse

352 1858 394 1918 Et
412 1859 577 1919 induentur
605 1861 716 1921 arietes
739 1861 856 1938 ovium,
889 1863 921 1921 et
947 1858 1045 1920 velles
1073 1857 1168 1919 nbuu

352 1942 523 2008 frumento,
558 1943 734 2004 clamabunt
755 1951 787 2003 et
808 1944 955 2008 hvmnum
977 1941 1091 2005 dicent
1142 1946 1157 2002 ¹,
