2346 4208
183 270 206 334 2
560 271 691 339 lipia&

184 462 366 535 innotuisse,
390 459 421 518 id
443 460 525 538 quod
548 459 697 518 lutherus
719 460 786 538 ipse
808 461 837 517 in
860 458 993 538 epistola
1013 477 1107 536 quam

185 543 378 602 laudavimus
399 543 522 603 indicat.
557 543 939 621 ltaquellieronymns
959 540 1107 617 Hmser,

184 627 266 686 luris
283 625 433 685 Canouiei
445 625 642 703 licentiatus,
664 627 716 703 qui
738 638 811 683 tunc
832 624 915 704 apud
925 624 1106 704 Georgium,

185 709 342 769 Saxoniae
371 709 505 784 Ducem,
544 708 664 768 scribae
692 722 785 786 atque
820 710 952 768 oratoris
979 726 1108 766 munere

184 792 369 872 fungebatur
398 804 428 850 et
455 803 526 870 poet
553 794 792 871 disputationem
821 791 1028 870 lipsiensem,
1057 791 1108 848 eui

184 877 253 956 ipse
274 877 436 949 intererat,
462 875 501 933 ab
523 875 607 934 Hecii
642 877 780 954 partibus
809 875 925 948 stabat,
961 874 1107 933 loanni

184 958 304 1032 Zaclr,
342 959 450 1016 iurium
472 958 619 1035 Ductori,
653 958 825 1017 catholicae
857 958 1009 1016 eeclesiae
1037 956 1108 1015 Pru-

184 1043 289 1121 gensis
311 1040 563 1100 Administratori
586 1060 622 1101 ac
634 1041 903 1101 litliomerieenais
914 1041 1107 1119 Praeposito,

184 1124 288 1183 Idibus
319 1126 467 1202 Augustis
496 1143 525 1184 a.
550 1127 630 1187 1519
658 1125 822 1203 epistolam
854 1126 948 1199 misit,
978 1141 1039 1201 qua
1067 1121 1109 1181 de

185 1208 395 1285 disputatione
416 1205 569 1285 lipsiensi
592 1208 730 1265 scribens
761 1207 790 1265 id
819 1209 1012 1286 potissimum
1036 1225 1108 1286 age

184 1290 253 1350 bat.
282 1301 314 1348 ut
336 1289 482 1349 Bobemis
506 1291 598 1348 istam
632 1290 783 1350 adimeret
817 1292 1013 1369 opinionem,
1047 1307 1111 1367 qua

185 1372 345 1452 superbire
367 1391 405 1431 ac
427 1371 484 1431 sibi
506 1372 693 1452 persuadere
716 1373 912 1446 videbantur,
941 1372 1108 1431 Lutberum

186 1455 345 1515 doctrinae
366 1455 541 1515 Hussitieae
574 1459 750 1515 consentire
779 1466 809 1515 et
844 1465 947 1535 partes
968 1456 1109 1534 ipsorum

185 1539 313 1597 multum
338 1539 418 1597 velle
439 1541 554 1599 iuvare.
596 1539 676 1598 Huic
698 1540 858 1618 epistolae,
883 1558 961 1617 quae
983 1537 1110 1616 Lipsiae

184 1624 313 1701 primum
327 1641 389 1681 uuo
401 1621 622 1699 dimidiamque
641 1625 843 1701 quaternione
856 1622 912 1681 sub
935 1622 996 1681 hoc
1017 1621 1110 1681 titulo

185 1706 314 1784 prodiit:
365 1705 420 1764 De
464 1705 743 1784 disputatione
787 1704 875 1783 Lip·
903 1709 908 1780 Ι
937 1705 1109 1763 siccasi:

186 1800 366 1866 quantum
404 1788 449 1846 ad
472 1788 642 1848 Boemos
676 1788 804 1848 obiter
840 1788 1003 1848 deflexa
1032 1794 1109 1846 est:

184 1870 267 1949 Epi·
286 1878 290 1948 t
310 1871 414 1931 stola
430 1870 658 1949 Hieronymi
681 1871 823 1932 Emser.
850 1871 968 1947 tfslet
989 1870 1111 1932 nPan·

183 1973 236 2014 zer
258 1956 338 2015 Anu.
362 1963 425 2033 typ.
449 1953 515 2029 Vll,
536 1956 605 2015 212.
632 1954 739 2033 122),
769 1955 974 2034 Hieronymus
997 1952 1112 2013 Hmser

184 2038 327 2117 primum,
349 2037 380 2094 id
404 2036 486 2114 quod
509 2046 618 2114 postea
642 2038 784 2097 omnibus
808 2039 870 2096 suis
893 2037 1004 2097 libellis
1027 2036 1110 2097 sole-

187 2121 248 2197 bat,
270 2121 402 2198 insignia
415 2139 470 2177 sua
493 2117 633 2197 praefixit
646 2120 807 2200 gentilitia,
829 2120 991 2200 inquibus
1014 2139 1111 2199 cuper

186 2204 300 2261 saliens
334 2212 365 2261 et
402 2202 545 2261 cornibus
578 2212 687 2281 petens
722 2203 977 2282 conspiciebatur.
1020 2202 1111 2262 Haec

185 2287 253 2365 ipsa
290 2304 369 2364 qnae
403 2285 584 2344 dicebantur
615 2306 721 2345 arma
756 2287 985 2366 Hieronymi
1020 2285 1111 2344 Em-

184 2369 261 2427 oeri
294 2376 382 2428 erant
415 2370 444 2426 in
476 2387 603 2441 caussa,
637 2389 689 2428 cur
708 2369 859 2430 Lutherus
892 2378 1003 2449 postea
1038 2389 1110 2429 eum

184 2453 306 2530 saepius
330 2462 548 2531 aegocerotem
574 2452 638 2511 sive
661 2455 893 2533 capricornum,
914 2453 1111 2533 germanice:

185 2534 272 2594 Book
295 2554 356 2594 von
380 2535 514 2615 Leipzig,
537 2535 623 2594 Book
646 2535 766 2611 Emser,
789 2536 970 2615 appellaret.

269 2617 434 2695 Lntherus,
463 2621 510 2678 cui
533 2617 694 2678 Emserum
733 2619 864 2678 subdola
900 2638 937 2678 ac
972 2617 1112 2698 maligna

186 2710 290 2761 mente
312 2702 391 2760 hunc
413 2701 575 2781 epistolam
600 2704 812 2780 composuisse
824 2722 1005 2783 persuasum
1033 2713 1111 2780 erat,

186 2792 320 2844 exeunte
364 2805 469 2844 mense
502 2783 674 2863 Septembri
718 2805 745 2846 a.
783 2790 861 2850 1519
896 2786 925 2846 ei
962 2789 1113 2865 opposuit

186 2867 339 2929 libellum:

229 3005 281 3066 Ad
316 3004 603 3084 Aegocerotem
638 3002 909 3065 Emserianum
932 3003 1067 3064 blLu-

501 3088 603 3146 theri
625 3085 792 3146 additio.

269 3203 334 3264 Nos
357 3202 474 3264 Emseri
498 3205 660 3284 epistolam
683 3206 764 3284 typis
787 3203 1000 3264 excudendum
1023 3223 1109 3264 cura-

187 3289 286 3347 vimus
325 3287 494 3347 secundum
528 3287 694 3349 editionem
728 3287 807 3367 Opp.
840 3287 963 3348 Lutheri
996 3287 1111 3348 lenen-

187 3391 251 3430 cem
275 3389 302 3430 a.
329 3374 428 3447 1556,
451 3372 535 3431 cuius
559 3378 677 3431 textum
702 3371 888 3432 contulimus
919 3389 988 3430 cum
1022 3376 1110 3432 textu

186 3453 361 3530 Loescheri,
384 3455 434 3532 qui
457 3455 487 3513 in
510 3454 658 3515 Actorum
681 3455 921 3515 Reformationis
944 3453 1033 3513 Tum,
1059 3454 1109 3530 llI,

186 3559 216 3617 p,
231 3542 291 3603 660
302 3554 379 3615 sqq,
403 3536 464 3597 hoc
486 3537 631 3616 scriplum
655 3558 694 3599 ex
716 3538 852 3598 editione
876 3537 1018 3617 originali
1043 3537 1109 3616 Lip-

187 3621 280 3681 sienei
314 3618 456 3680 reddidit.
515 3620 674 3682 Lutheri
726 3621 776 3681 ad
810 3619 1108 3701 Aegocerotem

186 3703 460 3763 Emeerianum
506 3703 753 3765 additionem
795 3706 875 3785 typis
909 3704 1109 3783 repetivimus

186 3806 224 3847 ex
249 3786 384 3847 editione
407 3786 559 3867 originali,
582 3790 667 3847 cuius
688 3787 740 3848 hic
762 3787 867 3848 titulus
890 3793 963 3848 estz·
