2346 4208
275 265 326 319 pro
345 249 545 304 Laborantibus
563 255 591 303 et
610 236 750 304 Onerstlsss·
919 244 978 312 127

61 444 93 498 et
116 453 224 496 omnes
247 435 419 512 Christiani,
441 436 519 494 siout
541 433 614 494 dicit
626 431 680 517 *):
714 432 772 509 Qui
795 434 893 513 tangit
915 451 980 511 vos,

61 521 163 599 tangit
190 518 336 598 pupillam
367 519 446 578 oculi
482 519 552 577 urei.
603 519 649 577 lta
677 537 754 576 onus
785 536 885 576 meum
913 536 981 596 por·

61 601 212 678 tantalii,
235 601 354 660 illorum
380 603 473 660 virtus
496 620 564 659 mea
602 610 656 660 est.
707 600 797 659 Fides
831 599 981 660 ecclesiae

60 703 152 745 meae
174 683 371 763 trepidationi
395 687 555 761 succurrit,
594 683 719 742 castitas
742 682 870 742 aliorum
895 702 981 742 meac
1032 706 1035 711 ⁴

61 768 196 830 libidinis
220 768 421 827 tentationem
456 767 575 842 suffert,
607 766 735 825 aliorum
766 767 880 825 ieiunia
912 782 982 825 mea

60 852 149 912 lucra
169 857 255 927 sunt,
284 850 406 909 alterius
431 851 528 908 (natio
551 867 606 929 pro
629 868 677 908 me
706 849 839 908 sollicita
860 858 921 925 est,
950 858 982 907 et

61 935 204 1009 breviter,
226 935 269 993 ita
290 933 422 992 invicem
446 932 577 992 sollicita
597 939 668 990 sunt
688 932 841 1008 membra,
875 940 908 990 ut
929 932 982 990 ho·

60 1018 198 1077 nestiora
221 1017 313 1075 etiam
336 1016 499 1076 inhoneste
524 1021 637 1094 tegant,
660 1022 793 1091 servent,
817 1015 981 1091 honorent,

60 1101 141 1161 sicut
164 1104 191 1162 1.
214 1098 350 1160 Corinth.
374 1103 400 1162 6.
417 1097 445 1178 ¹)
471 1099 597 1177 pulchre
619 1097 785 1158 describit.'
818 1100 918 1176 Atque
940 1099 983 1156 ita

60 1201 137 1243 vere
171 1181 295 1263 gloriari
328 1201 452 1261 possum
491 1182 521 1239 in
550 1181 678 1240 aliorum
715 1181 803 1240 honis
836 1188 980 1260 tanquam

61 1268 139 1326 meis
161 1266 302 1344 propriis.
347 1266 448 1342 Atque
484 1272 555 1323 tunc
589 1283 660 1323 vere
693 1270 724 1323 et
753 1264 821 1322 mea
842 1271 927 1341 sunt,
957 1265 981 1322 si

62 1349 202 1430 gratulm·
232 1357 263 1407 et
300 1347 483 1427 congaudeo
519 1349 571 1408 eis.
625 1347 697 1406 Sum
727 1365 800 1425 ergo
828 1348 923 1426 turpis
953 1355 983 1406 et
1031 1349 1032 1353 ’

61 1431 182 1509 foedus,
201 1438 234 1491 at
254 1431 307 1505 illi,
326 1449 403 1508 quos
426 1449 507 1507 amo,
530 1429 639 1508 quibus
662 1429 834 1508 applaudo,
855 1428 983 1489 formosi

62 1515 229 1592 decorique
251 1520 330 1574 sunt.
363 1513 432 1587 Quo
446 1531 551 1572 amore
574 1513 646 1571 mihi
668 1531 730 1572 nou
754 1513 852 1571 solum
876 1530 981 1572 eorum

62 1598 155 1674 bona,
177 1597 231 1656 sed
255 1615 310 1655 eos
331 1597 417 1675 ipsos
438 1596 518 1655 facio
541 1613 644 1671 meos,
674 1613 768 1673 quare
797 1595 852 1652 sub
874 1595 982 1654 horum

61 1681 162 1761 gloria
194 1679 284 1738 facile
314 1698 383 1738 mea
418 1678 618 1739 honorabitur
655 1679 839 1757 ignominia,
876 1696 982 1738 eorum

63 1762 251 1825 abundantia
275 1781 343 1821 mea
370 1762 545 1841 implebitur
577 1763 697 1840 inopia,
734 1779 838 1820 eorum
877 1763 984 1820 merita

64 1848 141 1906 meis
166 1845 367 1905 medebuntur
390 1846 535 1924 peccatis.

134 1928 221 2002 ¹Quis
243 1947 318 2008 ergo
341 1936 434 2006 queat
462 1927 626 2006 desperare
660 1928 691 1985 in
726 1927 883 2006 peccatis?
914 1929 982 2005 quis

63 2030 125 2072 non
149 2013 283 2091 gaudeat
304 2013 334 2070 in
359 2013 482 2090 poenis,
507 2013 557 2088 qui
586 2029 642 2069 sua
663 2019 792 2089 peccata
814 2020 844 2069 et
866 2029 982 2090 poenas

63 2097 124 2155 iam
147 2114 247 2173 neque
270 2101 385 2173 portat,
409 2104 471 2172 aut,
493 2095 518 2152 si
540 2100 658 2172 portat,
680 2112 742 2153 non
766 2095 850 2152 solus
873 2101 983 2172 portat,

62 2180 185 2238 adiutus
208 2186 254 2237 tot
275 2180 388 2236 sanctis
411 2177 478 2236 liliis
502 2178 568 2254 liei,
589 2179 657 2256 ipso
681 2176 813 2255 denique
837 2178 985 2237 Christo?

63 2263 163 2321 Tanta
196 2281 245 2320 res
281 2269 327 2321 est
360 2263 536 2319 conrmunio
568 2259 748 2319 Sanctorum
791 2267 821 2319 et
854 2261 985 2320 ecclesia

63 2345 186 2405 christi.
230 2343 319 2417 Quod
343 2346 368 2402 si
392 2346 458 2420 quis
482 2343 559 2402 haee
581 2360 643 2404 non
668 2342 733 2402 lieri
760 2353 812 2402 aut
834 2346 898 2424 geri
922 2354 984 2403 ehe-

64 2427 174 2504 dat2),
195 2428 244 2486 hic
265 2426 397 2486 infidelis
420 2436 484 2503 est,
518 2427 669 2485 Christum
694 2434 725 2485 et
746 2428 908 2486 ecelesiam
932 2447 982 2487 ne·

62 2512 157 2592 gavit.
200 2511 277 2569 Nem
301 2512 357 2570 etsi
381 2529 443 2569 non
467 2510 629 2585 sentiatur,
664 2528 736 2568 vere
768 2518 869 2569 tamen
893 2510 997 2585 ital)-

63 2595 179 2674 agitur,
211 2595 272 2654 imo
311 2595 377 2672 quis
417 2612 478 2651 non
514 2592 645 2651 sentiat?
692 2592 769 2651 Nam
809 2593 891 2671 quod
921 2613 983 2653 non

63 2677 228 2756 desperas,
261 2676 343 2755 quod
378 2697 438 2735 non
472 2676 636 2754 impatiens
672 2674 820 2753 efficeris,
855 2678 922 2754 quis
951 2678 981 2736 in

64 2779 158 2820 causa
180 2763 249 2819 esti
269 2759 333 2818 'lua
358 2761 471 2819 virtus?
494 2759 704 2836 Nequaquam,
729 2758 781 2818 sed
806 2761 981 2819 communio

63 2844 261 2919 Sanctorum,
295 2844 429 2920 alioquin
459 2861 517 2901 nee
545 2841 665 2901 veniale
691 2851 850 2920 peecatum
879 2842 984 2919 ferres,

62 2946 123 2986 nec
136 2927 260 2986 verbum
274 2925 406 2986 hominis
419 2935 526 2986 contre
540 2933 570 2984 te
585 2927 760 3002 sustineres,
785 2925 864 2985 adeo
887 2943 984 3005 prope

63 3019 112 3069 est
133 3009 271 3069 Christus
294 3017 324 3068 et
347 3010 487 3070 ecelesia.

147 3092 215 3152 Hoc
247 3102 308 3168 est,
338 3093 420 3171 quod
455 3093 598 3151 dicimus:
645 3091 745 3151 Credo
783 3092 813 3149 iu
839 3089 983 3170 Spiritum

63 3185 216 3253 sanctum,
238 3185 375 3235 sanctam
405 3176 566 3235 ecclesiam
594 3175 787 3234 catholicam.
837 3172 985 3246 quidest

62 3259 190 3320 eredere
212 3261 373 3319 eeclesiam
397 3268 548 3337 sanctam,
583 3277 672 3336 quam
697 3258 877 3317 Sanctorum
902 3275 984 3316 eom·

64 3345 264 3402 munionem?
316 3343 384 3417 Quo
434 3345 664 3402 communicant
712 3350 814 3401 autem
857 3340 982 3399 Sancti?

63 3427 184 3506 Nempe
215 3426 302 3485 bouis
337 3436 367 3487 et
389 3429 476 3486 unalis
500 3428 603 3485 ornnia
627 3435 698 3485 sunt
719 3428 872 3501 cronium,
906 3426 984 3482 sicut

83 3605 184 3613 ῤ-
195 3603 289 3610 ----.-
300 3605 357 3609 —--
378 3605 434 3609 ..---
446 3604 497 3610 -..,.-

139 3709 165 3774 i)
184 3709 213 3832 lZn
234 3708 277 3833 epi.
289 3707 365 3834 gen:
387 3709 429 3762 12.
450 3707 568 3771 2llbid.:
589 3705 683 3759 credit.
704 3706 982 3768 ambianensem.

142 3784 166 3843 *t
210 3796 241 3833 ao
262 3820 269 3833 .
309 3820 313 3831 .
