2346 4208
176 267 239 341 m
421 268 465 327 lile
492 266 611 325 ›Gencic
630 266 860 324 decantamus

177 463 390 537 argumentum
413 461 475 533 est,
505 471 609 533 aeque
635 452 726 514 fidem
749 472 851 532 usque
873 453 1003 532 primam
1026 470 1097 511 cou-

176 539 342 601 fessicnam
367 556 470 603 veram
494 556 573 599 esse.

612 668 661 732 111.

258 788 363 850 Tertia
395 789 550 851 confessio
586 795 652 866 ast,
690 808 782 868 quam
812 788 899 869 Pepe
932 784 1099 866 mundavit,

176 870 355 942 auricularia
384 871 452 949 illa,
486 891 567 952 quae
598 872 633 932 fit
664 891 767 933 curam
799 871 970 933 sacerdote.
1021 873 1098 933 Eam

175 956 260 1017 Deus
289 975 350 1016 uun
369 957 555 1035 >praecepit5
589 973 693 1016 verum
715 955 800 1034 Pepe
829 955 870 1016 ud
900 972 967 1014 eam
996 957 1100 1036 coegit

175 1038 327 1100 hemines.
371 1037 450 1098 Sunt
479 1044 581 1098 autem
608 1039 638 1098 in
662 1058 700 1099 ee
721 1040 806 1098 varie
827 1046 1026 1118 pcccatorum
1045 1057 1097 1118 ge·

176 1139 250 1185 uera
273 1128 304 1180 et
325 1119 503 1182 discrimine
523 1120 665 1197 conficta,
688 1121 798 1200 quibus
822 1123 933 1183 misere
955 1130 1099 1201 urgentur

177 1211 208 1267 ct
238 1205 454 1265 excruciantur
486 1206 705 1268 conscientiae.
756 1203 807 1264 Sic
838 1206 846 1264 i
871 1206 929 1264 itur
962 1203 1000 1264 de
1038 1204 1098 1265 hcc

177 1295 334 1367 pestremo
357 1288 562 1348 confessionis
583 1306 697 1367 genere
719 1224 912 1349 sentientiam
936 1296 993 1361 eat,
1015 1287 1099 1347 Deus

178 1371 346 1444 nemiuem,
383 1384 484 1450 usquc
516 1371 555 1430 ed
585 1370 668 1431 illam
698 1372 827 1449 primum
858 1370 1099 1445 confessionem,

177 1472 256 1532 quae
277 1473 383 1514 corum
406 1454 473 1515 Dec
496 1452 545 1532 fit,
567 1473 668 1532 neque
689 1453 727 1513 ad
750 1454 835 1513 iilam
857 1453 996 1530 aiteram,
1020 1472 1098 1532 quae

176 1535 211 1597 ut
232 1555 335 1597 coram
355 1538 516 1616 proximo,
538 1538 639 1616 cogit,
663 1537 728 1596 vult
749 1541 782 1596 ut
804 1544 835 1596 te
856 1544 909 1597 tua
929 1543 1024 1615 cogat
1046 1555 1096 1596 vc-

176 1619 294 1696 luutas‚
316 1626 350 1678 ut
372 1627 466 1700 cogat
488 1626 517 1679 tc
539 1625 610 1679 tuac
634 1620 740 1679 salutis
761 1620 859 1698 ratic,
884 1621 957 1680 item
977 1619 1100 1679 divinae

177 1703 294 1784 gratiae
327 1704 402 1764 sitis.
445 1702 515 1762 Non
545 1721 618 1781 ergo
646 1703 730 1762 Deus
761 1702 931 1761 delectatur
960 1702 1012 1778 iis,
1047 1711 1100 1761 aut

177 1784 288 1866 probat
318 1804 389 1862 ecs,
413 1786 464 1864 qui
485 1787 572 1847 inviti
601 1786 643 1852 ita
666 1783 865 1860 confitentur,
900 1785 965 1845 vult
985 1786 1098 1864 potius,

177 1877 212 1928 ut
233 1868 373 1928 volentes
395 1887 432 1928 ec
454 1887 493 1927 ex
516 1869 619 1927 animo
642 1867 672 1926 id
696 1868 854 1927 iaciemus.

261 1951 372 2010 Verum
406 1951 491 2031 Papa
528 1949 680 2010 diversum
712 1950 803 2028 iecit,
837 1964 938 2029 neque
972 1951 1099 2026 curavit,

177 2034 318 2095 uolentes
334 2050 378 2092 v‘eu
396 2033 482 2092 iuviti
505 2033 733 2112 confiterentur,
757 2032 812 2093 sed
827 2033 986 2093 mandevit
1008 2034 1100 2108 serie,

108 2132 111 2136 “
178 2123 211 2176 ut
232 2117 290 2176 nisi
312 2118 378 2194 quis
401 2122 485 2175 certo
508 2123 649 2195 ternpore
676 2116 903 2184 confiteretur(
927 2117 955 2175 is
977 2116 1008 2174 iu
1031 2123 1099 2195 pro-

176 2199 249 2260 ieu‘c
295 2199 365 2259 loca
409 2208 498 2258 extre
539 2199 695 2279 pubiicum
738 2201 906 2259 coemiterii
941 2199 1098 2259 humetur:

177 2282 303 2360 perinde
325 2289 418 2360 etque
441 2283 465 2340 si
488 2291 630 2362 ageretur
643 2301 691 2342 res
711 2284 742 2342 in
765 2283 891 2361 politica
908 2272 1098 2343 administra-

177 2365 272 2439 tione,
294 2365 324 2423 in
348 2382 407 2442 qua
430 2365 458 2424 vi
481 2373 632 2446 coguntur
652 2364 804 2425 homiues.

260 2445 373 2506 Verum
395 2448 478 2507 Deus
512 2467 573 2508 ucu
610 2448 722 2527 probat
754 2466 830 2509 cam.
857 2448 1097 2524 confessionem,

175 2537 228 2590 eut
250 2529 344 2589 ullum
366 2530 448 2590 eliud
473 2542 567 2610 opus,
598 2533 624 2590 si
646 2532 760 2592 invitus
781 2530 857 2590 illud
878 2531 984 2591 facies.
1028 2530 1095 2591 Iruc

176 2619 313 2692 praestat
334 2615 460 2675 omnino
485 2633 547 2674 nou
571 2614 720 2692 cantitari,
743 2633 833 2692 quem
856 2615 984 2673 invitum
1004 2613 1099 2673 conii-

175 2697 240 2758 teri.
282 2696 390 2776 Neque
412 2697 493 2756 cuitu
516 2704 601 2777 petet
621 2696 663 2756 u'd
685 2697 784 2757 Deum
813 2696 913 2756 ctiitus
934 2694 1014 2769 iltis,
1046 2697 1096 2775 qui

175 2794 237 2842 acu
259 2799 314 2839 sue
337 2786 448 2859 sponte
470 2780 632 2839 voluntarii
661 2779 821 2860 adipsum
843 2780 981 2839 veniunt.
1025 2778 1097 2838 Nori

176 2864 268 2961 ifftur
289 2865 359 2943 cogi
383 2862 496 2922 debent
517 2863 668 2924 homines.

224 2981 226 2985 .
260 2945 324 3005 Etsi
348 2947 398 3024 qui
420 2952 547 3025 propt-er
569 2946 672 3025 Papae
700 2945 879 3005 mandatum
903 2943 1099 3020 confitentur,

174 3027 218 3087 iili
241 3030 333 3088 etiam
356 3038 487 3110 peccare
509 3048 541 3089 se
563 3030 674 3105 scient,
697 3047 871 3108 quenquam
894 3027 1034 3088 videmus
1056 3028 1099 3087 ita

176 3112 288 3189 cessim
310 3112 371 3170 iam
387 3110 462 3189 fieri,
487 3120 518 3171 ut
542 3131 650 3172 omnes
673 3111 758 3171 uuile
772 3113 831 3172 alia
852 3112 982 3187 ratione,
1005 3127 1097 3189 quam

175 3193 323 3272 quocica
343 3194 520 3254 mandatum
551 3202 599 3254 est
619 3213 638 3253 e
660 3196 760 3274 Papa,
797 3194 836 3255 ad
869 3193 1097 3254 consessionem

174 3287 271 3336 metit.
606 3299 609 3305 ·

207 3372 209 3376 ⁴
258 3360 338 3419 Vere
363 3361 455 3440 igitur
476 3360 551 3420 illud
575 3366 695 3440 teinpus
718 3377 737 3419 e
758 3359 920 3420 Germanis
943 3351 1097 3439 passionis

174 3440 344 3502 hebdomas
356 3443 543 3523 eppeliatum
559 3450 622 3520 est,
647 3443 757 3503 misere
772 3443 854 3502 euim
866 3441 869 3446 ’
879 3440 1098 3502 excarnifican-

174 3533 234 3592 tut,
270 3524 330 3585 hcc
359 3529 537 3606 praesettim
568 3532 727 3606 tempore,
762 3526 991 3599 conscientiae,
1027 3534 1097 3584 cum

173 3615 287 3689 magno
315 3611 483 3670 animarum
512 3627 549 3669 ac
578 3610 683 3670 uelutis
706 3608 852 3689 periculo.
896 3607 936 3668 Et
958 3607 1097 3668 Christus

112 3738 118 3747 t
173 3697 296 3771 musque
325 3691 418 3773 louge
439 3694 563 3775 gravius
590 3711 629 3753 ac
665 3691 919 3753 contumeliosius
953 3709 992 3752 eo
1017 3697 1098 3752 *tem-

168 3781 249 3855 pure
270 3777 478 3856 excruciatur,
512 3793 603 3856 quem
630 3779 713 3855 tum,
752 3785 820 3836 cum
849 3776 880 3836 iu
903 3791 994 3837 cruca
1021 3782 1097 3856 petr·
