2346 4208
289 270 429 342 parandus
450 273 558 326 unimus
578 272 613 326 ad
632 277 760 327 mortem.
933 269 995 337 457

76 456 199 519 illorum
221 457 393 520 recordatio
422 459 544 539 gravius
576 457 632 519 sibi
653 458 747 518 faciat
767 457 902 518 divinum
922 457 997 520 iudi·

77 541 169 602 cium.
207 541 282 602 Tum
307 542 386 603 anim
411 544 503 602 sentit
524 542 652 619 animus,
676 542 773 602 Deum
796 541 891 622 longe
911 561 998 622 prae·

77 625 228 686 stantiora
251 632 281 685 et
303 627 401 706 magis
423 644 546 704 quoque
567 644 644 704 pura
666 643 762 704 opera
783 645 802 685 a
823 625 912 685 nobis
935 626 997 686 cxi·

78 726 163 787 gere,
185 726 275 786 quam
299 709 362 785 illa,
385 728 464 787 quae
486 708 624 783 fecimus,
645 709 766 768 1111111.

160 789 343 852 Necessario
375 792 467 872 igitur
500 793 636 870 sequitur
669 790 771 851 odium
808 792 932 866 mortis,
968 797 1002 852 11

77 874 197 933 animus
228 873 351 935 divinae
381 875 531 935 voluntati
567 894 630 934 uon
658 873 822 950 obediens,
857 873 1000 953 adeoque

77 963 205 1016 aeterna
236 957 403 1018 damnatio
446 957 553 1036 Neque
578 957 875 1018 euimcommodum
898 957 1002 1018 idest

77 1046 215 1118 tempus,
251 1059 319 1101 cum
352 1040 440 1101 nobis
470 1040 659 1116 moriendum
695 1047 756 1117 est,
789 1059 849 1119 quo
880 1041 999 1118 peccati

78 1123 258 1182 memoriam
290 1143 439 1185 revocare
470 1125 501 1183 in
531 1124 665 1184 animum
695 1123 914 1197 conveniebat,
946 1123 1000 1184 1111

77 1205 226 1285 cogitatio
251 1225 313 1266 nou
335 1207 367 1266 iu
388 1208 525 1286 periculo
548 1208 643 1284 vitae,
676 1205 834 1284 sedtum,
863 1226 930 1267 cum
954 1226 999 1266 es-

76 1307 179 1348 semus
200 1289 388 1367 incolumes,
421 1290 586 1350 sollicitare
608 1307 666 1351 nos
689 1288 829 1351 debebat.
875 1291 1000 1361 Perver-

78 1371 114 1432 tit
134 1370 227 1452 igitur
257 1374 392 1432 omnium
425 1394 525 1433 rerum
555 1373 692 1433 ordinem
723 1371 833 1435 Satan:
865 1373 936 1432 dum
958 1374 999 1434 vi·

34 1457 40 1469 “
78 1454 194 1532 vimus,
217 1462 429 1534 peccatorum,
463 1457 569 1527 mortis
604 1462 634 1516 et
654 1457 764 1516 inferni
786 1455 895 1517 faciam
916 1476 1000 1536 pror·

79 1555 130 1596 sus
153 1556 194 1599 cx
215 1538 312 1598 oeulis
334 1546 482 1600 removet.
526 1540 619 1618 Atqui
641 1537 858 1616 conveniebat,
881 1545 915 1599 ut
937 1546 1000 1599 tum
1044 1548 1047 1552 ’

79 1639 116 1679 11
137 1639 196 1681 nos
218 1622 366 1701 cogitatio
389 1629 564 1698 exerceret,
599 1623 676 1681 sicut
697 1621 820 1682 Psalmo
843 1625 893 1686 51.
929 1621 1001 1682 dici-

79 1710 142 1763 tur:
171 1703 332 1784 Peccatum
356 1724 457 1766 meum
480 1724 583 1765 coram
607 1722 657 1766 me
681 1711 728 1764 est
748 1723 879 1782 semper.
923 1705 1001 1765 1111-
1080 1751 1087 1757 .

78 1805 130 1844 111
153 1805 223 1846 cum
245 1788 436 1848 moriendum
460 1793 515 1864 est,
538 1794 569 1848 11
584 1787 788 1868 concipienda
809 1792 875 1847 erat
896 1789 999 1848 animo

78 1874 204 1929 aeterna
225 1871 304 1948 vita,
339 1873 437 1950 gratia
464 1878 495 1931 et
516 1870 689 1948 beatitudo,
709 1869 919 1930 fraudulentus
941 1871 1001 1949 spi-

11 1952 17 1956 ’
77 1952 152 2010 ritus
172 1959 300 2030 peccata
320 1961 383 2013 tum
406 1954 509 2014 animo
526 1954 640 2029 obiicit,
663 1955 694 2013 in
717 1973 755 2012 ea
769 1959 894 2014 nostrae
916 1973 1001 2013 men·

77 2036 116 2094 tis
138 2035 235 2095 aciem
260 2038 425 2113 convertit,
458 2043 491 2097 ut
519 2032 687 2116 conspectu
709 2043 907 2115 peccatorum
931 2055 1001 2115 pro·

77 2116 165 2177 hibiti
186 2118 225 2177 ad
250 2120 343 2179 vitam
373 2127 404 2180 et
423 2122 551 2200 gratiam
575 2121 729 2200 respicere
751 2139 814 2178 non
837 2121 1000 2198 possimus.

162 2199 295 2278 Octavo,
323 2204 458 2262 internus
489 2223 613 2282 quoque
648 2211 710 2262 tum
742 2204 880 2282 augescit
908 2210 939 2262 et
966 2201 1002 2261 tit

79 2284 219 2363 amplior,
243 2288 267 2345 si
291 2286 388 2345 maior
414 2294 444 2346 et
466 2286 641 2366 diligentior
663 2286 702 2346 de
725 2306 762 2345 eo
786 2287 934 2364 cogitatio
957 2287 1000 2344 in·

80 2368 300 2445 opportuniore
323 2375 461 2447 tempore
490 2370 622 2428 animum
651 2374 789 2448 occupet.
807 2410 818 2425 2
833 2369 999 2427 Maximum

79 2454 180 2508 autem
203 2449 241 2508 ad
264 2451 344 2510 hane
366 2472 428 2511 rem
453 2459 642 2512 momentum
666 2451 770 2527 affert,
796 2451 878 2530 quod
901 2453 1001 2512 nesci-

78 2551 145 2590 mus
168 2532 224 2592 Dei
244 2533 399 2593 iudicium.
442 2534 535 2594 Satan
564 2534 654 2613 igitur
682 2533 827 2594 sollicitat
854 2554 912 2595 nos
935 2554 998 2594 uon

78 2614 177 2673 solum
199 2618 292 2695 impia
316 2624 346 2676 et
368 2637 457 2694 vana,
480 2617 532 2677 sed
557 2618 646 2676 etiam
667 2616 924 2695 periculosissima
946 2617 1000 2677 illa

79 2717 152 2756 cura
173 2697 212 2759 de
235 2699 347 2760 iudicio
370 2701 444 2760 Dei:
475 2721 546 2758 num
571 2700 664 2758 simus
687 2699 905 2778 praedestinati
929 2720 999 2760 nec·

78 2799 127 2839 ne.
171 2781 214 2840 Et
239 2803 314 2842 sane
343 2784 374 2842 in
406 2784 465 2842 hac
493 2784 663 2842 tentatione
686 2801 793 2842 omues
816 2801 886 2841 suaa
909 2785 1000 2862 vires,

78 2865 160 2922 artes
182 2871 213 2923 11
235 2865 325 2925 dolos
347 2865 439 2926 Satan
463 2865 598 2926 effundit.

163 2945 263 3020 Quare
287 2949 377 3008 etiam
402 2951 458 3008 nisi
481 2957 590 3008 caveat
610 2949 724 3027 homo,
755 2948 901 3027 paulatim
930 2967 998 3007 eum

81 3048 173 3106 supra
194 3031 294 3090 Deum
318 3031 444 3109 evehat,
477 3039 509 3092 ut
540 3038 666 3110 quaerat
688 3033 776 3111 signa
803 3031 924 3090 divinae
947 3050 999 3090 vo

79 3111 213 3189 luntatis,
236 3120 267 3172 et
289 3115 485 3193 impatienter
506 3116 592 3190 ferat,
615 3114 696 3193 quod
722 3133 783 3175 non
808 3120 906 3173 certus
930 3133 998 3174 esse

77 3195 175 3272 possit
210 3195 249 3255 de
278 3217 333 3256 sua
362 3197 461 3258 salute
491 3205 522 3257 11
550 3198 587 3257 de
616 3197 774 3258 voluntate
796 3197 852 3257 Dei
877 3215 997 3258 arcana.

78 3277 171 3337 Venit
193 3279 284 3358 igitur
307 3281 395 3340 nobis
417 3283 447 3339 in
471 3282 676 3359 suspicionem
695 3274 798 3356 'Deus,
834 3298 870 3339 11
892 3281 916 3338 11
940 3298 997 3339 nos

77 3359 212 3439 odisset,
247 3370 277 3421 et
307 3382 345 3422 eo
368 3364 530 3424 feneratio
552 3363 752 3442 pertrahitur,
786 3369 819 3421 ut
842 3364 945 3442 cupiat
969 3368 1000 3423 et

79 3449 166 3521 optet
192 3445 253 3504 iam
278 3445 369 3504 alium
392 3447 500 3509 Deum.
545 3445 624 3520 Quid
658 3444 758 3505 multis
788 3445 911 3506 moror?
940 3446 998 3506 hac

77 3527 267 3605 cogitatione
301 3547 357 3590 ceu
386 3530 504 3589 turbine
532 3529 665 3607 quodam
689 3529 865 3608 dispergere
888 3537 918 3589 et
941 3549 997 3589 ex-

77 3610 235 3688 stinguere
258 3631 394 3671 amorem
408 3612 464 3672 Dei
489 3619 519 3671 et
531 3613 591 3672 Dei
615 3612 717 3671 odium
747 3613 882 3671 excitare
904 3612 998 3673 Satan

74 3692 189 3751 nititur.

161 3774 285 3848 Quanto
313 3777 404 3857 igitur
426 3771 594 3858 plus‘huic
628 3778 809 3859 cogitationi
837 3776 998 3840 indulserit
