2346 4208
161 260 165 273 ·
225 314 230 321 .
287 260 315 321 ρ
402 262 421 301 a
437 214 703 347 innumerosae
918 214 1023 323 ’212

120 434 192 497 uales
212 453 269 516 pro
288 394 423 516 peccctb
446 432 565 497 debitas
587 453 650 495 non
674 442 744 495 ess's
766 453 884 517 apapa
904 434 956 497 val
977 454 1024 498 aa·

96 517 229 581 ¹cerdote
249 517 460 581 remissibiles.
502 516 545 579 At
575 518 606 578 in
634 517 681 579 his
703 518 826 581 remitto
848 539 898 581 me
920 518 960 581 ad
980 519 1024 581 iu·

121 600 203 680 duas,
230 608 357 683 paratus
380 607 500 663 mutare
521 592 729 679 senteutiam,'
753 602 780 663 si
802 620 852 663 mc
872 602 962 665 aliter
983 602 1024 665 ad
1122 648 1126 656 .

121 684 212 747 muas
234 684 409 753 docuerint.

123 766 201 829 tnta
222 772 295 829 sunt
315 767 396 829 haec
417 766 498 831 XIV.
510 764 571 835 ,die
594 766 678 847 iulii,
706 766 918 842 horafoctcva
938 787 1024 849 prac-

235 857 327 913 aents
348 851 501 929 frequenti
524 851 678 912 concione
702 849 888 913 auditorum.
926 858 930 867 ‘

105 972 108 977 -
182 932 245 997 Soli
264 935 337 997 Deo
359 933 462 997 honor
482 937 515 995 et
536 932 645 1015 gloria.
691 933 784 996 Anno
806 933 945 999 leXlX.

466 1170 652 1183 ..ι-...αι-

386 1366 538 1460 Sermo
560 1362 742 1460 Latiari

125 1516 224 1597 lipsiae
255 1520 287 1579 in
318 1537 391 1583 arce
425 1517 618 1597 praedicatus
632 1517 665 1594 ²⁸⁸)
701 1490 750 1576 ins
765 1517 847 1578 feriis
879 1516 961 1579 Petri
992 1522 1024 1579 'et

128 1599 210 1681 laub,
243 1621 327 1663 anno
361 1600 500 1682 MDXJX.
532 1608 672 1682 tempore
712 1599 927 1681 disputationis
960 1600 1024 1663 illic
1115 1660 1119 1667 .

124 1680 242 1764 babilae,
264 1704 327 1746 una
348 1702 418 1745 cum
441 1685 644 1757 excusatione
671 1683 791 1762 aliquot
816 1685 1023 1762 articulorum,

200 1792 209 1805 ·
286 1787 307 1828 a
329 1766 490 1829 malevolis
512 1767 592 1829 falso
615 1769 845 1829 intentatorum.
897 1764 906 1782 “

186 1884 275 1945 Haud
298 1884 390 1947 dubie
411 1884 566 1965 plerisque
579 1885 722 1945 omnibus
743 1890 850 1944 notum
874 1887 928 1959 est,
951 1900 1024 1961 quo-

125 1965 197 2027 uodo
223 1988 284 2049 ego
311 1969 458 2028 Martinus
485 1968 635 2029 Lutherus
658 1967 786 2028 abusum
815 1966 1023 2027 Romanarum

126 2046 365 2131 indulgentiarum
387 2053 537 2123 tonatim,
570 2059 697 2131 urgente
727 2069 777 2110 me
805 2050 845 2110 ad
866 2049 947 2110 hanc
969 2048 1025 2108 ler-

127 2148 178 2191 nam
206 2133 447 2215 aggrediendam
482 2134 656 2195 Christiano
695 2132 796 2194 studio
829 2138 859 2194 et
889 2150 1025 2193 commo·
1077 2141 1079 2145 ’

127 2210 198 2275 dandi
219 2219 278 2297 piis
301 2236 417 2293 amore,
440 2236 508 2276 cum
531 2217 665 2277 viderem
690 2224 752 2276 tam
775 2218 886 2276 misere
908 2215 1023 2294 aliquo-

127 2313 174 2355 nm
207 2301 463 2361 concionatorum
501 2292 611 2360 insano
650 2300 788 2359 instituto
829 2300 1024 2379 promiscuae
1081 2357 1084 2362 .

95 2436 100 2443 .
128 2382 211 2458 populi
246 2383 432 2442 multitudini
471 2385 609 2462 imponi,
642 2384 726 2442 cuius
759 2382 947 2461 simplicitati
979 2382 1022 2440 illi

128 2471 264 2536 praetextu
288 2466 545 2547 indulgentiarum
568 2467 687 2545 perdite
706 2465 936 2543 insidiabantur,
960 2485 1022 2524 non

128 2545 202 2607 solum
234 2567 303 2608 curn
329 2550 497 2608 animarum
521 2549 698 2629 dispendio,
738 2548 791 2608 sed
815 2549 906 2609 etiam
930 2548 1022 2608 victui

129 2634 277 2691 necasaria
300 2633 363 2691 suis
386 2633 561 2711 praestigiis
584 2633 703 2692 miseris
726 2631 944 2692 subtrahendo.
974 2630 1023 2689 Ex

129 2723 170 2784 quo
187 2734 344 2794 propenso
368 2733 436 2773 meo
459 2716 669 2776 incommune
690 2714 791 2775 studio
811 2714 936 2774 multum
961 2713 1022 2773 odii

128 2797 281 2874 et'periouli
305 2797 378 2856 mihi
402 2799 560 2871 contraxi,
595 2798 707 2858 multos
738 2798 860 2858 labores
883 2798 1021 2869 sustinui,

129 2877 199 2938 uuita
228 2882 386 2958 insumpsi.
431 2880 479 2940 Ad
514 2880 593 2940 haec
623 2882 755 2941 nominis
788 2881 864 2955 mei7
902 2886 933 2939 et
961 2898 1023 2939 non

129 2961 311 3041 negligendae
326 2963 499 3023 Christiano
524 2965 759 3024 existimationis
781 2982 905 3043 gravem
929 2964 1022 3022 iactu-

129 3055 173 3101 rum
191 3047 265 3123 feci,
298 3066 366 3104 curn
396 3049 511 3126 passim
535 3047 711 3106 traducerer·
732 3066 750 3105 a
772 3045 951 3124 quibusdam
976 3065 1021 3104 sa-

131 3123 258 3196 pientibus
298 3135 330 3188 et
366 3129 511 3189 sanctulis
547 3149 603 3209 pro
633 3137 796 3210 suggestu,
829 3131 859 3189 in
892 3129 1022 3208 angulis,
1105 3138 1108 3143 '

130 3203 229 3287 plateis,
264 3218 295 3270 et
323 3211 373 3270 ubi
402 3213 491 3272 non?
524 3213 615 3291 idque
637 3214 833 3293 gravissime,
855 3212 938 3290 quod
961 3212 1021 3270 iam

90 3364 92 3369 Ι
131 3286 157 3344 td
174 3290 320 3353 biennium
344 3296 419 3354 citra
440 3290 697 3356 intermissionem
722 3296 848 3355 duravit.

90 3418 92 3423 -
188 3375 366 3456 Quanquam
399 3379 428 3435 in
465 3379 511 3437 his
541 3380 682 3439 omnibus
715 3378 789 3438 illud
819 3380 951 3438 maxime
974 3396 1022 3436 ure

90 3488 92 3521 ι
134 3455 247 3533 turbavit,
270 3460 353 3539 quod
376 3482 430 3540 per
453 3462 605 3522 eiusmodi
628 3463 779 3522 clamores
802 3469 832 3520 et
854 3461 1022 3520 calumnias

90 3546 93 3635 p
136 3536 167 3592 lot
182 3539 335 3603 Christiani
372 3546 517 3604 cominoti
554 3552 624 3604 sunt
651 3552 681 3606 et
703 3546 824 3605 accensi
846 3544 885 3604 ad
908 3543 1023 3621 odium,

158 3671 369 3689 **·Q-.—.‚.-......
379 3683 432 3688 ...-
446 3683 524 3689 -..ρ-.-

177 3758 200 3825 ⁸)
217 3763 315 3820 Textus
335 3767 459 3821 redditus
479 3772 575 3821 estex
595 3769 660 3822 edit.
678 3768 738 3820 Jeu.
759 3784 781 3821 a.
804 3766 880 3825 1556.
