2346 4208
121 228 185 295 130
253 240 257 258 “
352 230 462 289 Tcasnr.
483 228 595 286 Comot
612 228 647 288 u.
667 230 702 283 ll.
721 230 831 289 turbari

120 426 266 498 peccator
284 438 362 496 sum,
385 417 439 479 sed
462 417 558 478 vehor
578 419 610 478 in
633 419 697 476 eius
719 419 844 496 iustitia,
867 417 1041 497 quaemihi

120 502 193 562 data
209 507 264 561 est.
295 501 474 562 Immundus
497 521 573 580 sum,
597 500 651 560 sed
675 499 879 562 sanctificatio
904 521 974 561 mea
997 508 1042 561 est

56 612 65 637 s
121 605 177 644 sua
204 585 366 661 sanctitas,
395 586 425 644 in
454 605 515 664 qua
539 585 673 644 suaviter
694 584 799 644 vehor.
843 584 961 646 Stultus
983 603 1041 665 ego

121 688 198 746 sum,
220 668 281 733 sed,
297 670 449 747 sapientia
471 670 536 728 eius
558 668 641 728 vehit
664 688 723 728 me.
753 668 947 731 Damnabilis
966 687 1043 744 sum,

120 751 175 812 sed
200 751 326 813 libertas
353 753 419 811 eius
449 752 622 831 redemptio
645 771 715 811 mea
736 759 785 811 cst
804 751 975 830 plaustrum
998 770 1043 813 ce

122 835 329 895 curissimum:
361 836 406 894 ila
433 848 465 894 ut
495 835 685 895 Christianus
723 834 834 907 (modo
861 834 894 894 id
920 833 1043 912 credat)

122 917 162 979 de
184 919 299 979 meritis
316 917 430 988 Christi
452 925 483 977 et
504 916 647 979 omnibus
670 918 734 977 eius
757 917 846 978 bonis
869 936 934 979 non
957 917 1046 979 aliter

121 1007 216 1079 queat
236 1000 378 1079 gloriari,
407 1020 498 1078 quam
520 1003 545 1060 si
567 1002 698 1080 ipsemet
720 1000 912 1071 ealecisset.
955 1000 1045 1065 Adeo

121 1091 192 1145 sunt
219 1086 285 1144 eius
311 1085 453 1163 propria,
484 1085 527 1144 ita
557 1092 590 1143 ut
620 1085 680 1143 iam
711 1103 834 1143 securus
865 1086 960 1145 etiam
988 1084 1046 1145 Dei

119 1166 265 1227 iudicium
289 1176 470 1246 exspectare
492 1167 621 1242 audeat,
652 1167 735 1245 quod
766 1175 869 1228 tamen
890 1169 1045 1229 insusten-

120 1249 214 1320 ubils
236 1255 293 1312 est.

205 1332 305 1392 Tanta
330 1350 379 1393 res
408 1338 456 1393 est
484 1331 577 1410 fides,
610 1336 696 1394 tanta
725 1332 807 1393 bona
836 1332 929 1395 nohis
957 1333 1047 1412 parit,

123 1422 185 1476 tem
201 1416 356 1495 gloriosos
372 1415 431 1475 Dei
452 1414 533 1475 filios
556 1417 724 1476 constituit.
755 1416 864 1495 Neque
886 1417 970 1476 enim
995 1415 1047 1477 filii

122 1518 192 1563 esse
229 1518 411 1579 possumus,
452 1499 509 1557 nisi
544 1508 673 1578 paterna
711 1499 794 1560 bona
828 1499 1046 1565 hereditcmus

122 1582 216 1645 Dicat
238 1601 312 1663 ergo
336 1581 527 1642 Christianus
551 1601 619 1642 cnm
641 1581 769 1642 fiducia:
813 1583 872 1644 Ubi
892 1590 942 1643 est
964 1600 1047 1647 mors

122 1666 250 1735 uictoria
278 1665 351 1725 tua?
383 1665 435 1725 ubi
463 1674 511 1725 est
537 1684 620 1725 mors
651 1666 791 1725 stimulus
820 1674 906 1744 tuus,
938 1665 971 1725 id
1003 1671 1048 1727 est

123 1748 307 1828 peccatum?
336 1747 482 1809 Stimulos
500 1750 582 1812 enim
596 1750 704 1809 mortis
727 1755 887 1828 peccatum
911 1756 970 1827 est,
994 1750 1047 1811 vin

122 1839 171 1892 tus
194 1838 297 1892 autem
319 1831 540 1911 peccatilex..
567 1832 635 1892 Deo
658 1839 761 1892 autem
783 1833 899 1912 gratim
923 1833 977 1911 qui
999 1832 1046 1892 dc

122 1914 167 1979 dit
194 1914 283 1977 nohis
313 1916 472 1975 victorium
499 1935 555 1994 per
581 1915 683 1975 lesum
705 1914 856 1976 Christum
879 1916 1045 1977 Dominum

123 2004 272 2058 nostrum.
307 1997 375 2059 Hoc
397 2004 453 2075 est,
475 1999 527 2058 lex
549 1997 622 2057 facit
644 2017 702 2059 uos
724 2006 916 2077 peccatores,
940 2017 1047 2078 pecca·

123 2090 186 2141 tum
216 2080 292 2141 facit
316 2101 375 2140 nos
402 2100 472 2142 reos
502 2083 619 2142 mortis.
663 2080 737 2155 Quis
767 2082 846 2143 haec
868 2081 930 2143 duo
954 2081 1047 2142 vicit?

123 2164 237 2223 Nostra
251 2164 387 2223 iustitia?
409 2172 514 2224 nostra
535 2164 619 2224 vital
642 2184 715 2242 non,
739 2164 793 2224 scd
806 2167 891 2225 lesus
905 2164 1047 2229 Christus

124 2267 143 2309 a
164 2254 262 2306 morte
285 2265 464 2327 resurgenS,
494 2254 655 2327 peccalum
679 2257 710 2308 et
733 2257 862 2309 mortem
885 2243 1047 2325 damnans,

124 2349 211 2389 suam
235 2331 381 2390 iustitiam
404 2330 493 2391 nobis
515 2332 712 2409 impartiens,
742 2351 798 2391 sua
825 2333 937 2392 merita
958 2332 1047 2394 nohis

123 2411 260 2491 donans,
293 2433 379 2472 suam
399 2433 522 2473 manum
544 2434 636 2492 super
658 2434 715 2474 uos
740 2434 879 2496 ponens,
909 2422 942 2475 et
971 2417 1048 2476 hene

123 2495 281 2574 habemus,
305 2504 336 2557 et
349 2497 449 2576 legem
471 2498 644 2576 implemus,
667 2505 699 2556 et
719 2506 878 2577 peccatum
904 2506 1047 2561 mortem·

123 2596 184 2656 quc
205 2599 393 2659 superamus.
437 2581 484 2639 De
507 2599 568 2658 quo
593 2582 633 2640 sit
653 2581 770 2659 honor,
791 2582 859 2641 laus
882 2589 915 2642 et
937 2583 1046 2662 gratia

124 2681 189 2722 rum
213 2664 294 2723 actio
318 2663 385 2725 Deo
408 2664 440 2723 in
462 2663 567 2723 secula
589 2664 771 2725 seculorum.
800 2666 911 2725 Amen.

208 2745 277 2806 Hoc
304 2765 378 2825 ergo
404 2747 614 2825 spectaculum
633 2767 825 2827 supremum,
847 2750 878 2808 in
903 2767 967 2826 quo
990 2750 1047 2809 iam

124 2847 188 2889 non
218 2829 311 2889 modo
340 2849 433 2908 supra
468 2829 549 2890 mala
584 2838 703 2909 nostra,
742 2831 796 2891 sed
829 2833 922 2891 etiam
958 2851 1048 2913 supra

125 2910 208 2973 bona
228 2919 334 2974 nostra
358 2913 470 2973 elevati
492 2932 614 2991 sumus,
636 2920 668 2974 et
690 2913 833 2974 sedemus
856 2917 918 2975 iam
942 2917 976 2976 in
999 2914 1047 2978 bc·

125 2996 172 3055 nis
194 2995 312 3074 alienis,
335 2996 437 3056 alieno
459 2996 566 3057 labore
588 2998 694 3076 partis,
717 2999 769 3075 qui
792 2999 875 3077 prius
898 2999 1047 3059 iacuimus

124 3079 155 3141 in
178 3078 275 3157 malis,
297 3079 399 3141 alieno
422 3087 551 3158 peccato
574 3082 770 3158 conquisitis,
792 3087 823 3141 et
844 3089 954 3142 nostro
982 3101 1047 3143 auc

124 3162 172 3222 tis.
216 3161 375 3239 Sedemus,
396 3163 537 3241 iuquam,
559 3164 729 3223 iniustitia
752 3164 873 3241 Christi,
899 3184 964 3244 qua
985 3167 1047 3246 ipse

123 3245 220 3304 iustus
247 3252 309 3320 est,
340 3247 418 3323 quia.
437 3247 508 3305 huic
535 3265 593 3306 uos
622 3247 839 3325 adhaeremus,
872 3267 929 3327 per
959 3267 1046 3328 quam

124 3328 191 3407 ipsc
215 3329 282 3390 Dec
305 3328 416 3407 placet,
443 3337 475 3388 et
495 3348 551 3408 pro
573 3330 662 3390 nobis
685 3330 837 3391 mediator
859 3333 1046 3411 interpellat,

125 3418 157 3471 ct
177 3418 275 3473 totum
299 3430 333 3471 se
355 3418 492 3472 nostrum
515 3412 587 3473 lecit
609 3415 742 3492 optimus
773 3413 920 3474 sacerdos
946 3425 982 3476 et
1002 3435 1046 3497 pa

129 3501 244 3556 tronus.
289 3493 387 3568 Quam
411 3515 484 3575 ergo
508 3496 699 3574 impossibile
721 3503 777 3575 est,
801 3504 834 3556 ut
856 3497 1002 3560 Christus
1021 3501 1046 3560 iu

124 3596 180 3636 sua
193 3579 382 3639 iustitianon
401 3579 533 3658 placeat,
557 3586 617 3639 tam
641 3579 832 3659 impossibile
854 3587 912 3657 est,
936 3590 974 3644 ut
996 3600 1045 3644 uos

123 3658 184 3719 fide
200 3668 315 3738 nostra,
337 3677 398 3740 qua
414 3662 495 3722 illius
517 3663 651 3722 iustitiae
671 3664 875 3741 inhaeremus,
899 3685 967 3726 uon
992 3668 1045 3748 pla-
