2346 4208
120 231 185 317 284
451 239 533 295 Bnlla
550 239 650 295 Leonis
668 240 700 294 x.
742 288 745 297 ,

124 427 301 505 deberec),
322 427 428 490 harum
463 431 543 490 seria
571 428 763 490 decernimus
795 432 827 489 et
848 426 1047 508 declaramus,

125 509 342 583 inhibentesd)
367 513 396 572 in
428 513 537 575 virtute
560 519 687 573 sanctae
708 510 906 575 obedientiae
937 530 976 571 ac
996 511 1047 572 snb

127 595 253 657 maioris
269 597 596 658 excommunicationis
610 596 691 657 latae
712 596 897 673 sententiae,
920 614 1046 655 necnon

126 677 228 757 quoad
252 678 479 746 ecclesiasticas
501 686 532 740 et
553 679 710 759 regulares
733 697 901 758 personas,
923 678 1048 758 Episco-

127 761 282 842 paliume)
307 764 463 840 omnium,
487 764 579 824 etiam
600 761 875 839 Patriarcbalium,
895 761 1048 843 Metropo-

127 845 289 905 litsnarum
313 852 345 904 et
365 844 492 906 aliarum
510 845 730 924 cathedralium
751 844 970 922 ecclesiarum,
989 845 1049 906 llo

127 928 330 988 austeriorum
352 947 476 1007 quoque
498 935 530 990 et
550 929 757 1005 Prioratnum,
793 929 886 988 etiam
911 927 1049 991 Ouarna-

126 1009 268 1086 mallum,
291 1017 322 1071 et
343 1009 629 1093 quorumcunqnes)
649 1011 829 1092 dignitatum
859 1018 915 1071 aut
938 1010 1048 1073 bened·

127 1094 243 1154 ciorum
267 1093 556 1173 ecclesiasticorum,
579 1094 771 1171 secularium,
793 1102 847 1155 ant
868 1095 1050 1173 quorumvis

127 1175 267 1238 ordinum
289 1177 490 1255 regularium,
526 1178 706 1259 privationis
736 1184 767 1239 st
787 1176 993 1239 inhabilitatis
1013 1176 1050 1238 ad

126 1261 179 1321 illa
201 1266 232 1318 et
252 1257 319 1320 alia
336 1261 366 1320 in
390 1268 547 1340 posterum
570 1259 746 1325 obtinenda.

167 1346 205 1416 a)
228 1341 275 1402 Ne
297 1340 423 1404 abutere
444 1353 599 1424 potestate
621 1353 673 1407 tua
693 1342 921 1422 inl'dvangelio.
946 1343 1050 1405 Memi-

168 1424 249 1487 neris
270 1433 372 1487 autem
395 1428 481 1488 iuxta
503 1428 634 1489 eundem
656 1426 797 1500 Paulum,
826 1426 906 1485 nibil
927 1425 1052 1487 minna-

169 1508 262 1569 tionis
286 1528 355 1570 esee
377 1510 423 1587 iis,
447 1512 498 1589 qui
522 1519 594 1572 sunt
614 1513 645 1571 ia
668 1510 788 1572 Christo
810 1509 891 1583 lesn,
915 1511 969 1588 qni
991 1528 1051 1571 non

168 1591 328 1652 ambulant
349 1594 515 1655 secundum
545 1614 679 1656 carnem.
717 1592 757 1672 b)¹
777 1592 856 1653 Vide
878 1591 965 1676 Leo,
994 1593 1052 1654 nei

168 1675 363 1737 autoritatem
387 1695 448 1755 quo
469 1678 500 1737 in
524 1678 606 1739 facto
629 1695 754 1756 arroges
777 1675 840 1749 tibi,
857 1681 896 1735 vet
919 1694 960 1737 ne
983 1675 1053 1739 abu-

168 1759 240 1818 taris
262 1766 427 1838 potestate,
451 1779 541 1839 qnam
561 1761 665 1822 tribuit
677 1759 731 1821 tibi
745 1759 897 1821 Dominus
918 1759 952 1818 in
975 1758 1053 1821 aedi-

167 1840 354 1919 ficationem,
378 1862 440 1903 non
462 1845 493 1903 in
516 1843 780 1909 destructionem..
809 1840 902 1903 Certe
926 1843 980 1921 qni
1004 1861 1052 1923 po·

168 1931 309 1989 testatem
345 1925 477 1987 adsumit
509 1926 565 1986 sibi
605 1928 732 2001 iniuste,
769 1923 875 1985 odium
911 1933 1053 1989 metatur.

167 2006 268 2069 Etiam
306 2016 461 2071 memento
479 2029 543 2071 non
580 2028 649 2070 esse
682 2011 712 2069 in
735 2007 868 2068 bominis
900 2014 1053 2088 potestate

169 2090 330 2151 consilium
354 2092 423 2168 Dei,
447 2094 497 2171 qui
522 2094 680 2153 veritatem
703 2092 839 2169 requirit,
861 2091 1055 2154 ctretribnet

168 2173 361 2234 abundanter
382 2175 564 2247 facientibus
598 2174 781 2255 snperbiam.
825 2171 861 2255 c)
886 2173 972 2235 Nihil
996 2174 1053 2237 effl-

169 2257 241 2317 oies.
285 2256 321 2324 di
348 2258 418 2319 Non
443 2278 617 2333 movemur,
652 2259 808 2337 quianon
832 2257 945 2336 sapis,
979 2277 1054 2338 quae

169 2350 239 2399 sunt
261 2340 332 2417 Dei,
362 2340 415 2400 sed
439 2360 518 2420 quae
541 2350 610 2402 sunt
632 2341 799 2402 hominnm.
823 2339 858 2421 e)
882 2340 991 2421 Regni
1012 2341 1052 2402 sni

169 2427 322 2502 satrapras
358 2432 528 2486 enumerat.
578 2427 606 2502 l)
632 2423 743 2486 Omnia
778 2422 881 2483 deleta
930 2424 1053 2501 mavult,

168 2525 259 2584 quam
282 2508 408 2585 rapinae
430 2528 504 2568 snae
525 2510 735 2569 intercessum.

210 2587 278 2663 Quo
301 2609 375 2650 vero
398 2590 437 2651 ad
460 2591 654 2669 Conventus,
694 2588 835 2669 Oapitnla
857 2608 914 2649 een
945 2589 1052 2651 domos

128 2683 181 2733 aut
198 2673 249 2751 pia
264 2672 342 2749 loca,
365 2674 557 2751 secularium,
580 2674 629 2734 vel
645 2672 840 2754 regularium,
861 2674 958 2734 etiam
979 2693 1053 2736 men·

129 2754 311 2832 dicentium,
351 2776 410 2816 nec
437 2774 499 2817 non
522 2757 737 2819 Universitatis
767 2755 858 2815 etiam
883 2756 1051 2820 studiorum

128 2839 328 2914 generalium,
352 2859 603 2919 quorumcunque
618 2839 855 2920 privilegiorum,
866 2838 1052 2903 indultorum

128 2919 290 3001 aSedea]
322 2922 507 3001 Apostolica
536 2924 584 2984 vel
620 2924 684 2984 eins
712 2922 853 3001 Legatis,
889 2931 945 2983 ant
985 2924 1054 2987 alias

128 3004 403 3080 quomodolibet1)
428 3006 601 3068 habitorum
624 3007 675 3067 vel
698 3005 921 3081 obtentorum,
961 3008 1053 3069 onius·

129 3104 249 3165 cunque
272 3089 387 3149 tenoris
410 3091 556 3151 existant:
581 3109 638 3150 nec
662 3108 722 3150 non
746 3088 895 3162 nominis,
921 3098 955 3151 et
978 3097 1053 3170 pote

128 3169 215 3227 statis
231 3169 261 3238 ²)
288 3170 420 3231 studium
445 3173 591 3253 generale
614 3171 754 3248 tenendi,
791 3171 935 3252 legendi,
960 3194 999 3234 ac
1018 3175 1054 3234 io·

129 3253 316 3330 terpretandi
339 3256 462 3332 quasvis
485 3256 630 3317 scientias
653 3263 685 3316 et
707 3255 867 3315 facultates
888 3264 922 3317 et
943 3257 1053 3318 inhabi-

130 3334 223 3395 litatis
245 3336 283 3395 ad
308 3336 370 3412 illa,
395 3338 507 3399 atalia
529 3341 560 3398 in
584 3346 741 3418 posterum
762 3337 952 3401 obtinenda:
978 3359 1054 3421 prae

129 3416 292 3478 dicationis
316 3439 439 3499 qnoque
459 3421 563 3498 officii,
585 3441 623 3491 no
644 3421 820 3482 amissionis
842 3423 938 3484 studii
971 3443 1054 3506 gene

128 3499 200 3559 ralis
223 3509 254 3562 ct
276 3504 412 3565 omnium
437 3505 668 3585 privilegiorum
692 3504 840 3567 eiusdem.

129 3687 287 3826 p'tul)1¹¹
317 3692 380 3746 edit.
405 3692 530 3747 biduom:
567 3694 630 3747 aliis
666 3693 863 3761 quorumlibet.
903 3696 938 3756 2)
975 3687 1050 3751 ibid:

149 3775 174 3813 re
215 3776 248 3817 rs.
962 3814 965 3819 .
