2346 4208
160 273 224 342 402
453 273 473 329 t
490 272 597 330 boneio
617 274 645 326 D.
665 273 700 329 ii.
720 272 797 326 Luth.

45 443 49 451 ¹
162 459 277 520 Varum
299 474 365 517 sum
387 459 584 540 baptizatus,
622 464 653 518 et
675 458 760 534 scio,
799 454 881 535 quod
903 455 1001 532 Deus,
1030 453 1083 532 qui

162 541 283 602 mentiri
305 559 367 600 nou
390 548 504 623 potest,
526 561 581 622 per
602 540 786 620 baptismum
811 557 845 599 se
856 538 930 599 mihi
952 535 1082 599 obstrin-

160 624 249 701 xerit,
272 623 355 702 quod
377 625 456 686 nolit
475 630 605 705 peccata
624 623 700 684 mihi
720 624 881 703 imputare,
903 619 958 681 sed
979 619 1082 701 potius

162 724 201 768 es
219 709 251 766 in
274 725 324 768 me
346 706 531 769 mortificare
553 713 584 768 et
604 705 740 768 abolere.

243 789 348 851 Tertio
373 790 509 870 decimo,
543 789 689 870 intelligis
723 789 815 870 igitur
836 792 973 847 nostram
996 786 1084 845 inno·

162 874 315 950 centiam,
337 875 367 934 iu
391 892 452 953 qua
475 894 493 934 a
514 873 669 954 baptismo
693 889 818 950 sumus,
842 875 938 930 totam
961 867 1084 929 divinae

163 956 390 1018 misericordiae
412 957 535 1035 deberi,
565 975 644 1035 quae
673 975 731 1016 uos
759 959 942 1036 peccatores
963 952 1085 1031 tolerat,

162 1036 262 1118 neque
282 1039 413 1120 imputat
435 1040 523 1100 nobis
545 1044 683 1120 peccata,
706 1036 834 1118 perinde
855 1041 947 1115 atque
969 1036 995 1095 si
1017 1035 1085 1095 sine

162 1123 298 1202 peccatis
321 1141 468 1186 essemus.

244 1203 324 1265 Hinc
346 1224 469 1284 quoque
489 1204 647 1284 intelligis,
670 1223 765 1284 quare
781 1203 948 1266 Christiani
969 1201 1086 1261 miseri·

163 1285 290 1348 cordiae
311 1286 375 1367 filii,
397 1288 531 1368 populus
553 1289 679 1367 gratiae,
701 1289 775 1348 item
798 1286 950 1364 homiues,
973 1282 1085 1364 quibua

162 1369 246 1430 Deus
269 1369 347 1431 bene
368 1371 452 1450 velit,
474 1373 505 1431 iu
528 1372 622 1430 sacris
644 1371 739 1432 literis
762 1370 988 1450 appellentur.'
1009 1366 1084 1428 Ideo

163 1452 297 1529 scilicet,
325 1454 407 1533 quod
438 1456 469 1515 iu
492 1454 645 1534 baptismo
670 1455 827 1534 coeperint
856 1450 1025 1533 purificari,
1055 1455 1086 1510 et

163 1537 282 1616 peccati
314 1537 462 1617 reliquiae
499 1538 540 1612 (si
562 1555 642 1616 quae
664 1538 695 1597 in
725 1537 769 1598 eis
791 1533 990 1615 remaneant)
1021 1551 1085 1594 non

163 1618 373 1682 condemnant
400 1641 464 1682 eos.
509 1621 585 1680 Tum
618 1619 742 1680 demum
771 1625 873 1680 autem
897 1619 1023 1680 omnino
1045 1615 1086 1678 ab

164 1701 304 1763 omnibus
327 1706 462 1785 peccatis
485 1703 571 1764 liberi
593 1705 719 1783 vivent,
754 1721 823 1762 cum
845 1702 957 1762 mortui
977 1701 1009 1760 in
1031 1717 1086 1760 no·

163 1785 288 1927 gesimo
311 1786 361 1848 dia
381 1793 551 1867 resurgent,
572 1785 604 1846 id
626 1786 709 1866 quod
732 1785 874 1866 baptismi
896 1785 1019 1866 signum
1041 1784 1085 1843 in-

195 1873 256 1930 cat.

213 1966 217 1977 ·
244 1950 353 2032 Longe
374 1952 466 2032 igitur
488 1959 606 2029 errant,
635 1954 661 2012 si
685 1953 736 2032 qui
758 1956 876 2031 putant,
897 1951 959 2010 iam
982 1955 1046 2010 turn
1067 1968 1088 2009 a

164 2033 317 2115 baptismo
346 2053 380 2094 se
409 2033 448 2094 ab
471 2035 612 2096 omnibus
636 2036 771 2116 peccatis
791 2032 958 2094 mundatos
987 2051 1025 2093 au
1052 2031 1089 2093 li·

164 2117 296 2194 beratos,
319 2117 393 2177 facit
415 2119 496 2177 enim
517 2119 569 2179 iile
592 2137 688 2198 error,
710 2120 744 2180 ut
757 2117 855 2178 securi
877 2115 1088 2194 obambulant,

164 2216 264 2279 neque
292 2219 426 2278 unquam
456 2200 495 2261 de
523 2200 743 2263 mortificandis
772 2201 909 2281 peccatis
938 2199 1086 2280 cogitent.

164 2281 301 2361 Siquod
315 2281 504 2344 admiserunt
516 2291 688 2365 peccatum,
711 2304 744 2345 se
766 2303 829 2344 ncn
852 2301 1001 2362 peccasse
1023 2283 1087 2363 opi-

164 2373 289 2443 nantur,
302 2380 305 2385 ’
320 2366 364 2426 ita
385 2374 487 2428 autem
510 2367 561 2445 iit,
592 2373 625 2427 ut
652 2370 683 2427 in
706 2368 841 2448 peccatis
863 2366 1031 2446 perdurent
1051 2384 1089 2425 ae

163 2466 288 2528 prorsus
309 2450 448 2510 inutilem
478 2451 537 2512 sibi
559 2451 743 2530 baptismum
766 2449 907 2511 reddant.
949 2448 1089 2509 Haerent

163 2531 244 2592 enim
272 2532 303 2591 in
333 2534 468 2593 externis
491 2539 608 2595 tantum
638 2533 799 2615 operibus,
830 2533 885 2593 sub
909 2530 1018 2612 quibus
1040 2549 1087 2593 se·

162 2613 249 2694 pulta
271 2617 430 2696 superbia,
453 2616 567 2696 odium,
591 2618 713 2697 aliaque
735 2617 811 2677 vitia
841 2615 939 2697 magis
962 2633 1000 2676 ac
1024 2634 1086 2676 rna-

162 2697 209 2778 gis
230 2698 305 2779 ipsis
326 2699 540 2780 ignorantibus
563 2708 715 2765 crescunt.

245 2781 359 2842 Verum
402 2801 464 2843 uon
501 2784 545 2844 ita
572 2783 748 2844 faciundum
777 2791 837 2860 est,
876 2800 1005 2842 necesse
1040 2787 1088 2842 est

163 2865 263 2941 enim,
285 2871 319 2925 ut
344 2873 495 2945 peccata,
527 2868 600 2927 item
623 2869 753 2927 vitiosos
776 2865 903 2926 affectus
925 2884 982 2945 pro
1005 2865 1086 2926 ven's

162 2948 297 3027 peccatis
319 2967 478 3029 agnoscas.
512 2947 603 3024 Quod
626 2957 728 3011 autem
750 2949 805 3010 illa
827 2956 858 3009 te
878 2947 1086 3009 condemnare

162 3031 382 3110 nonpossint,
420 3031 496 3092 iilud
519 3039 616 3094 toturn
641 3033 765 3093 divinae
787 3030 1017 3092 misericordiae
1037 3048 1086 3092 re·

162 3110 241 3175 feres
264 3122 436 3194 acceptum,
458 3135 559 3195 neque
581 3117 661 3176 enim
678 3117 762 3177 Deus
779 3135 816 3176 ea
838 3115 904 3175 vuit
924 3115 1086 3194 imputare,

162 3196 205 3257 ita
227 3202 348 3274 tamen,
383 3204 417 3259 ut
445 3206 478 3258 tu
500 3217 623 3279 quoque
645 3218 714 3259 cum
745 3200 789 3259 eis
812 3198 971 3279 depugnes
995 3215 1086 3258 cruce

163 3284 195 3339 et
215 3278 305 3340 bonis
327 3279 482 3361 operibus,
504 3282 606 3343 donec
628 3303 684 3363 per
704 3289 834 3342 mortem
858 3282 985 3343 omnino
1008 3281 1082 3342 abo·

163 3360 292 3424 leantur.
335 3363 421 3424 Haec
442 3366 493 3443 qui
515 3385 578 3426 non
601 3367 732 3439 faciunt,
762 3365 822 3426 illis
845 3383 908 3425 non
929 3365 1086 3426 remitten-

162 3451 210 3504 tur
230 3455 367 3526 peccata.
389 3447 498 3528 Neque
524 3451 605 3509 euim
627 3448 781 3547 baptismo
804 3455 835 3509 et
850 3448 979 3526 foederi,
1003 3447 1085 3528 quod

162 3545 230 3589 cum
253 3528 321 3590 Deo
343 3531 517 3611 iunxerunt,
541 3533 741 3610 satisiscrunt,
763 3531 819 3592 sed
841 3533 998 3612 inceptum
1022 3536 1085 3592 turn

161 3609 229 3690 Dei,
251 3618 315 3672 tum
338 3612 481 3694 baptismi
504 3635 581 3696 opus
603 3622 805 3677 remorantur.

245 3693 361 3769 Quarto
377 3695 508 3778 decimo,
532 3716 595 3759 non
617 3705 718 3760 autem
743 3698 869 3760 multum
893 3697 941 3757 his
963 3696 1086 3759 abeimi·

161 3776 207 3838 les
228 3785 309 3859 sunt,
332 3781 383 3860 qui
404 3780 664 3845 satisfactionibus
685 3788 816 3865 peccata
844 3780 949 3843 delere
969 3797 1086 3843 consu·
