2346 4208
403 268 497 318 contra
514 277 623 318 errores
642 263 675 317 Μ.
694 262 773 316 burh.
858 302 860 308 -
984 254 1045 325 281

161 470 309 530 reremus,
332 452 511 533 praesertim
534 452 616 514 mala
635 452 759 533 quando
780 453 926 531 imperas,
947 456 981 510 ut
997 454 1046 511 to-

161 537 200 596 tis
221 536 282 596 iarn
306 537 400 598 tribus
416 537 515 612 anuis,
538 556 578 597 ne
599 537 713 598 veritas
736 534 864 613 colatur,
887 541 941 594 aut
961 548 1047 611 vero,

163 620 190 680 si
212 627 243 680 te
264 637 471 699 sequeremur,
492 621 696 699 pessimorum
716 619 865 679 scelerum
881 618 1047 694 lieentiam,

162 702 326 783 peouniam
349 710 468 782 paetus,
491 703 615 781 quando
637 705 767 783 irrogas,
789 699 1047 781 quemadmodum

163 788 196 847 in
218 785 397 864 tuisBullis,
421 801 547 864 quarum
570 787 663 869 plens
686 794 733 847 est
744 785 920 860 Germania,
941 783 1047 844 videre

131 912 134 917 -
164 869 248 930 lieet.
270 866 299 951 i)
326 869 463 930 Voeares
486 887 581 929 sanae
602 871 723 947 montis,
746 869 797 948 qui
820 869 864 928 sie
884 867 1022 934 faceret?

172 980 176 999 ε
214 951 280 1012 Nos
301 952 395 1032 igitur
414 952 444 1011 in
467 954 658 1031 praemissis,
679 959 787 1032 utpote
808 951 1051 1032 gravissimisa),

120 1035 306 1118 propensius
330 1033 382 1116 (ut
403 1035 537 1110 deeetb)
562 1036 747 1116 proaedere,
779 1054 841 1096 neo
862 1053 924 1095 non
948 1034 1049 1093 huius-

122 1118 208 1180 modi
237 1119 317 1197 pesti
339 1117 509 1197 morboque
531 1136 716 1198 canceroso,
743 1139 783 1179 ne
802 1119 833 1178 in
856 1136 931 1198 agro
955 1116 1049 1176 domi·

120 1203 211 1264 aione
219 1216 230 1272 t
240 1210 386 1279 tanquam
397 1198 535 1281 veprist)
545 1203 657 1263 noeirs
668 1203 795 1263 ulterius
803 1199 952 1283 serpate),
967 1201 1049 1259 viam

122 1280 560 1367 praecluder01Joupisnter,
593 1285 742 1368 habiae)
767 1304 858 1365 super
886 1282 1050 1364 praedietis

123 1366 277 1429 erroribus
305 1377 337 1426 et
369 1385 475 1429 eorum
511 1368 639 1449 siugulis
671 1368 809 1449 diligenti
841 1368 1049 1440 trutinatione,

123 1451 331 1528 diseussione,
366 1469 404 1511 uo
425 1449 563 1512 districto
586 1453 744 1530 examine,
776 1457 954 1530 maturaque
976 1449 1051 1508 deli-

123 1533 295 1612 borstione,
318 1531 521 1612 omnibusque
531 1536 588 1595 rite
606 1536 752 1614 pensatis,
776 1553 813 1594 ao
834 1534 956 1612 saepius
979 1551 1051 1592 ven-

124 1617 221 1678 tilatis
243 1634 320 1676 oum
343 1615 569 1677 venerabilibus
598 1615 783 1692 fratribush)
808 1618 936 1694 nostris,
965 1633 1052 1675 sano·

126 1711 181 1761 tae
199 1699 290 1761 Rom.
310 1699 465 1759 eeclesiae
486 1698 709 1775 Oardinalibus,
733 1719 770 1760 ao
784 1700 979 1780 Regularium
1003 1717 1051 1758 or·

124 1784 231 1844 diuum
253 1781 417 1859 Prioribus,
439 1799 494 1842 seu
508 1782 653 1843 Ministris
675 1783 880 1864 generalibus,
903 1779 1051 1861 pluribus-

125 1865 221 1946 quei)
245 1865 312 1925 aliis
345 1882 452 1925 saurae
473 1865 682 1947 Theologiae,
713 1884 772 1927 neo
805 1885 867 1926 non
896 1865 1052 1942 utriusque
1147 1890 1151 1901 ·

125 1949 203 2011 luris
225 1947 471 2023 Professoribus,
493 1949 560 2009 sive
581 1949 750 2030 Magistris,
779 1947 953 2028 etquidem
976 1947 1054 2026 peri-

125 2031 272 2107 tissimis,
299 2028 515 2114 reperimusk)
538 2032 665 2094 eosdem
692 2051 811 2094 errores
844 2026 1048 2110 respectivel)

126 2122 175 2186 (nt
195 2114 383 2195 praefertur)
407 2121 460 2173 aut
481 2114 626 2176 articulos
649 2135 711 2176 non
735 2110 1051 2194 esseestholioosm),

127 2194 231 2279 neon)
257 2204 403 2275 tanquam
426 2196 504 2256 tales
521 2217 591 2258 esse
614 2198 880 2279 dogmatizandos,
902 2196 957 2257 sed
980 2215 1051 2255 eon·

128 2283 221 2358 troo)
246 2279 419 2340 catholicae
441 2279 634 2365 eeclesiam)
659 2283 846 2356 doctrinam,
875 2282 940 2340 sive
961 2278 1052 2339 tradi-

128 2366 256 2440 tionem,
278 2369 371 2442 atque
382 2360 505 2443 adeo²l
526 2384 630 2424 reram
644 2365 813 2425 divinarum
829 2364 1051 2444 seripturarum

127 2452 285 2527 receptam
308 2446 609 2525 interpretationem,
645 2450 730 2507 ouius
752 2449 908 2508 autoritati
936 2443 979 2504 ita
1001 2463 1051 2503 uo·

128 2527 350 2610 quiescendum
374 2526 538 2611 oensuitp)
562 2530 768 2610 Augustinus,
807 2540 839 2589 ut
861 2529 988 2603 dixerit,
1017 2547 1051 2586 se

125 2610 301 2692 Evangelio
323 2629 386 2671 non
409 2610 503 2670 fuisse
526 2612 728 2690 crediturum,
751 2614 808 2672 nisi
831 2612 981 2672 eeclesiae
1003 2629 1051 2669 oa-

125 2695 264 2757 tholiose
296 2694 513 2754 intervenisset
545 2697 701 2757 autoritas.
745 2696 824 2755 Nam
857 2714 897 2754 ex
934 2692 1050 2752 eisdem

127 2777 300 2855 erroribus,
338 2777 389 2837 vel
412 2796 517 2837 eorum
541 2778 663 2857 aliquo,
692 2780 741 2838 vel
775 2777 926 2855 aliquibus
949 2775 1051 2858 palam

126 2861 322 2940 sequiturq),
345 2859 475 2920 eundem
488 2862 662 2939 eeclesiam,
686 2873 801 2941 quaer)
816 2860 928 2939 Spiritu
943 2866 1051 2918 saneto

125 2945 253 3027 regitur,
276 2958 378 3003 errare
399 2950 430 3003 et
452 2963 575 3023 semper
596 2964 724 3008 enasse.
767 2943 857 3018 Quod
880 2950 927 3002 est
948 2942 1053 3019 ntique

127 3029 276 3104 canoas)
291 3025 376 3102 illud,
399 3026 482 3105 quod
495 3027 631 3088 Christus
647 3028 802 3107 discipulis
816 3028 877 3085 suis
894 3026 924 3084 in
947 3043 1051 3083 aseen-

127 3112 218 3171 sioue
252 3127 312 3170 sua
335 3114 386 3183 (ut
418 3111 449 3169 in
471 3111 772 3192 sanotollvangelio
794 3108 900 3169 Matth.
922 3109 1050 3187 legitur)

127 3193 271 3274 promisit
292 3192 414 3252 disens:
436 3192 505 3273 Ego
535 3193 777 3254 vobiscumsnm
794 3210 897 3272 usqne
919 3189 958 3250 ad
982 3208 1052 3249 oon-

128 3276 368 3336 summationem
391 3273 541 3358 seeulit):
575 3293 634 3337 nse
661 3297 724 3338 non
746 3290 855 3339 eontra
876 3280 1051 3334 sanatorum

128 3359 252 3420 Petrum
282 3358 615 3437 determinationesu),
647 3360 854 3420 Consiliorum
878 3364 1054 3437 quoqne-et

129 3460 318 3503 summorum
351 3441 533 3502 Pontifiourn
566 3462 730 3522 expressas
758 3443 967 3503 ordinationes
997 3458 1052 3499 seu

129 3526 284 3604 Oenones,
309 3524 416 3605 quibus
437 3544 501 3586 uon
520 3525 767 3606 obtemperasse,
790 3527 924 3586 omnium
948 3524 1052 3583 haere·

149 3758 166 3810 b
222 3687 249 3753 l)
268 3685 395 3740 Ibidem:
421 3685 554 3761 eeclesiae
579 3685 740 3742 catholicae.
776 3685 804 3756 2)
828 3684 947 3738 Ibidem:
971 3690 1054 3756 utque

131 3775 148 3810 s
186 3772 228 3810 ea.
