2346 4208
402 286 421 322 a
438 270 561 324 Notariis
582 279 710 339 excepta.
779 272 786 327 l
945 266 987 333 49

67 457 128 516 sine
149 457 316 517 autoritate
333 455 455 536 loquor,
478 455 599 516 adduco
624 458 651 516 ei
673 455 859 518 Richardum
880 456 987 516 Amar-

67 557 184 612 csunm,
206 538 259 598 lib.
282 545 310 604 7.
333 556 403 618 cap.
425 540 454 602 3.
477 539 517 599 de
538 539 742 619 quaestionib.
758 539 986 614 Armeniorum,

67 622 165 681 locum
186 623 281 681 istum
303 623 347 682 its
366 622 599 702 intelligentem,
622 623 656 685 B.
678 622 791 682 Leonis
812 623 986 682 autoritate.

66 703 271 783 litquodhoc
291 706 331 764 sit
345 725 460 772 verum.
483 705 738 766 verbaindicsnt:
762 704 802 764 Et
824 704 874 783 qui
888 705 987 765 maior

65 795 108 847 est
142 789 226 848 inter
254 807 311 848 vos
341 795 398 848 etc.
431 787 515 869 Ergo
543 787 816 868 praesupponebat
847 786 985 846 Christus

64 870 195 949 aliquem
219 889 290 930 esse
306 872 465 932 maiorem.
488 869 563 944 Quis
575 877 780 931 autem-esset
792 871 898 946 maior,
923 889 986 928 non

66 960 131 1013 tunc
152 953 322 1030 indicavit,
344 953 400 1014 sed
422 955 584 1033 posterius,
608 973 676 1014 cum
695 953 786 1013 Petro
808 951 926 1012 diceret
947 952 986 1011 de

65 1036 217 1096 daemone
240 1055 295 1097 eos
317 1043 502 1116 expetente,
531 1045 578 1097 et·
594 1035 750 1114 quomodo
784 1042 910 1111 rogaret
929 1053 986 1114 pro

65 1138 108 1197 eo,
129 1129 164 1178 ut
175 1137 347 1179 conserens
369 1117 564 1179 confirmaret
586 1119 693 1180 fratres
716 1136 800 1195 snos,
823 1117 874 1177 ubi
894 1119 986 1176 maio·

64 1205 182 1262 ritatem
205 1203 272 1262 eius
294 1200 471 1262 declaravit.

95 1402 189 1464 ilaue
211 1403 300 1464 Hora
319 1402 387 1463 m
410 1403 458 1463 die
480 1402 597 1473 Mutis,
620 1420 700 1480 qnae
724 1409 792 1468 erat
813 1405 850 1467 V.
872 1405 953 1467 Julii.

391 1567 430 1626 Μ.
451 1566 658 1629 Lutherus.
697 1650 699 1654 Ι

140 1721 364 1782 Consulaturus
404 1721 638 1800 responsionem
666 1723 781 1803 egregii
818 1722 855 1784 D.
879 1722 917 1785 D.
953 1724 984 1783 in

64 1822 161 1882 causa,
185 1803 226 1864 ad
247 1802 323 1862 illud
336 1807 361 1865 1.
376 1801 513 1863 Corinth.
527 1805 560 1866 3:
581 1803 660 1879 Quid
683 1813 730 1865 cst
752 1805 888 1864 Paulus?
912 1806 983 1885 qnid

65 1898 106 1947 est
117 1887 244 1968 (lephna
259 1885 314 1963 ll?
336 1886 413 1945 dixit
426 1886 468 1945 ibi
491 1905 552 1946 non
576 1906 644 1948 esse
666 1889 816 1948 intentam
834 1889 985 1968 principa·

63 1970 186 2046 litatem,
207 1968 268 2029 sed
290 1968 532 2048 singularitatem
555 1989 718 2050 personae,
741 1971 833 2050 idque
853 1970 983 2030 indicari

62 2073 113 2132 per
134 2051 231 2113 verba
264 2052 453 2130 schismatis,
481 2052 679 2132 respondeo:
712 2055 761 2114 Me
788 2053 857 2134 plus
881 2061 985 2114 movet
1044 2108 1049 2119 .

61 2138 123 2215 ipae
145 2142 250 2195 textus
268 2135 364 2210 Pauli,
388 2153 479 2213 qnam
503 2142 563 2194 tam
585 2137 722 2197 violenta
744 2147 774 2197 et
797 2145 917 2197 extorta
941 2138 982 2196 di-

62 2220 193 2296 stincti0,
213 2238 293 2296 quae
316 2217 389 2277 nulli
412 2237 534 2296 prorsus
548 2221 651 2278 nititur
673 2219 891 2298 autoritati2),
915 2240 983 2279 cum

62 2310 161 2361 tamen
187 2301 261 2361 velit
283 2321 301 2360 e
322 2301 426 2359 divino
450 2303 514 2360 inre
536 2322 673 2381 arguere.
719 2304 840 2363 Clarum
864 2313 911 2363 est
932 2324 982 2363 au-

63 2394 129 2461 lem,
153 2385 385 2445 contentionem
409 2402 514 2443 eornm
547 2385 640 2445 luisse
662 2386 700 2444 de
721 2387 909 2465 praestantia
933 2386 982 2446 vel

62 2468 285 2547 principalitate
306 2486 527 2546 personarum,
550 2467 632 2546 qnod
655 2468 769 2542 indicat
790 2470 857 2548 ipsa
880 2469 955 2529 conf
975 2503 983 2511 ·

63 2553 133 2610 tatio
158 2551 265 2625 Pauli,
294 2568 348 2628 per
370 2551 526 2627 tapinoses
549 2560 579 2609 et
601 2553 848 2630 comparationes
872 2572 982 2632 urgens

63 2641 90 2693 et
103 2633 228 2694 dicens:
254 2632 333 2706 Quid
349 2642 396 2692 est
409 2632 529 2712 Cephas
539 2633 593 2710 ll?
617 2633 688 2711 quid
701 2635 834 2694 Paulus?
844 2635 983 2709 Ministri,

63 2736 114 2795 per
135 2736 216 2795 quos
239 2714 416 2775 credidistis.
460 2716 566 2794 Itaque
601 2718 650 2795 qui
681 2718 800 2798 plantat
822 2724 853 2777 et
875 2720 925 2796 qni
946 2719 983 2776 ri-

62 2808 129 2879 get,
168 2819 260 2858 unum
285 2806 362 2861 sunt.
406 2798 513 2876 Neque
547 2800 597 2878 qui
621 2800 753 2877 plantat,
788 2807 835 2861 est
856 2800 982 2877 aliquid,

62 2901 161 2961 neque
185 2883 352 2961 quirigat,
376 2888 423 2940 est
444 2882 578 2960 aliquid,
608 2882 662 2941 sed
686 2885 736 2962 qui
758 2884 982 2942 incrementum

62 2965 120 3043 det,
140 2966 235 3024 Deus.
280 2965 308 3023 ln
332 2984 392 3044 qno
415 2965 576 3024 manifeste
599 2965 731 3026 detrahit
751 2985 926 3045 personam,
950 2965 979 3023 id

62 3058 114 3126 est,
139 3050 336 3108 occasionem
360 3047 541 3119 schismatis.
565 3048 728 3122 Quomodo
752 3057 782 3108 el
803 3049 842 3108 ad
865 3048 932 3109 Gal.
953 3051 981 3110 ¹2.

63 3150 128 3190 cnm
152 3131 241 3190 titulo
263 3132 469 3210 praestantiae
493 3132 571 3190 Petri
608 3133 793 3192 stallorum
826 3131 983 3211 apostolo·
1040 3142 1043 3146 ’

63 3234 124 3273 rum
147 3213 278 3274 Galatae
302 3221 404 3273 essent
426 3214 552 3290 seducti,
575 3215 667 3274 audet
689 3225 719 3273 et
742 3215 834 3274 dicit:
859 3213 918 3287 Qut
940 3216 980 3273 vi·

64 3297 211 3357 dabantur
232 3297 277 3373 ³),
299 3297 405 3374 quales
428 3297 592 3376 aliqnando
616 3297 736 3372 luerint,
760 3297 790 3356 id
813 3304 869 3372 est,
891 3315 981 3374 quarn

65 3382 173 3460 magni,
197 3380 270 3438 nihil
294 3400 363 3438 mea
383 3381 483 3452 refert,
507 3381 588 3439 Dens
611 3382 692 3439 enim
708 3379 977 3458 personamhomi-

64 3464 107 3521 nis
143 3482 206 3523 non
236 3465 357 3543 accipit.
402 3462 495 3537 Quasi
518 3462 648 3523 diceret:
694 3462 764 3523 Sive
794 3464 901 3522 Petrus
934 3462 981 3521 vel

114 3728 145 3790 l)
161 3725 334 3795 lned.orig.:
354 3724 470 3794 Cephae.
504 3725 538 3788 2)
562 3698 589 3777 ln
608 3723 650 3777 ed.
669 3721 749 3776 den:
788 3722 865 3774 nulla
884 3748 916 3757 -
936 3735 982 3772 au·

65 3800 177 3850 latitate.
216 3801 245 3859 3t
268 3801 295 3850 ln
313 3798 357 3850 ed.
377 3798 452 3854 lem:
474 3797 638 3850 videbantur
657 3812 717 3849 esse
737 3793 851 3865 aliquid.

91 3904 176 3943 Lutherl
188 3915 236 3949 opp.
257 3905 277 3942 V.
290 3904 316 3939 A.
329 3902 361 3938 ad
371 3901 411 3938 ret
424 3901 474 3938 alar.
490 3900 505 3940 l.
519 3912 543 3950 p,
563 3903 609 3943 Vol,
620 3904 662 3945 ω,
797 3876 818 3941 4
