2346 4208
320 255 391 314 xiil.
410 255 445 312 ds
464 260 601 327 potestate
619 256 719 326 Papae.
926 246 996 319 ’363

76 441 192 504 alasiae
214 443 322 525 vigore
343 444 468 504 istarum
491 441 604 524 legum,
626 441 696 523 plus
709 441 783 502 satis
791 437 823 524 ¹)
846 436 997 503 videmus.
1028 504 1034 519 Χ

74 526 142 588 Nec
163 527 225 587 hoc
247 528 332 603 satis,
347 527 384 601 ¹in
407 526 473 588 dies
497 532 667 608 augescunt
687 523 839 587 eiusmodi
860 522 943 604 libri,
966 529 997 585 at

74 616 178 672 tamen
201 610 277 671 nihil
298 611 430 684 iaciunt,
461 611 518 670 nisi
541 609 623 690 quod
648 609 751 690 plures
772 607 932 670 animabus
953 607 995 668 la·

73 713 172 773 queas
201 699 329 774 ponunt.
372 693 448 754 lude
470 694 752 773 dispensationum,
787 691 995 753 confessiona-

73 778 164 855 lium,
187 775 390 854 indultorum,
418 778 649 857 exemptionum
673 777 868 857 turpissimae
889 773 996 834 nundi·

74 880 142 922 nae,
174 860 249 920 lude
271 862 516 941 episcopatuum,
539 860 792 936 sacerdotiorum,
814 857 996 937 officiorum,

74 943 255 1025 palliorum,
289 951 469 1005 annotatum
497 944 641 1024 rapinae,
674 950 705 1004 at
725 942 920 1004 venditiones
941 942 995 1001 im-

74 1025 325 1107 pudentissimas.
368 1026 444 1088 lude
460 1046 626 1106 censurae,
648 1028 760 1106 minas,
780 1025 918 1102 fulmina,
940 1025 996 1104 vis,

75 1111 168 1188 lraus,
190 1108 297 1188 dolus,
331 1115 363 1171 et
383 1110 504 1174 infinita
525 1117 681 1187 monstra,
717 1128 846 1190 quorum
868 1107 997 1188 nullum,

75 1199 128 1255 aut
149 1192 259 1254 saltem
281 1212 384 1254 rarum
406 1200 498 1274 esset,
521 1194 546 1254 si
561 1194 713 1275 epistolae
735 1191 897 1268 eiusmodi,
919 1192 999 1253 sicut

74 1277 227 1358 oportuit,
259 1277 340 1338 intra
364 1277 492 1338 annales
523 1283 553 1338 et
583 1282 721 1358 regestas
743 1277 929 1355 mansissent
950 1292 997 1336 se·

75 1361 207 1441 positae,
230 1367 261 1420 et
271 1359 444 1440 Evangelio
467 1361 498 1420 iu
521 1361 645 1441 publico
669 1361 771 1420 locum
789 1358 996 1438 reliquissent.

158 1442 292 1503 Proinde
315 1442 495 1505 traditiones
507 1444 665 1505 Romanas
687 1443 909 1522 nunquamne
930 1461 997 1504 san-

76 1527 115 1587 sit
136 1525 286 1603 mundus,
319 1534 353 1586 ut
378 1526 411 1586 in
440 1528 529 1588 annis
551 1528 616 1588 istis
639 1525 879 1606 quadringentis.
922 1523 997 1587 Ideo

76 1615 174 1672 totum
198 1629 304 1671 eorum
326 1609 465 1690 pondus,
487 1615 519 1672 et
541 1629 664 1671 omnem
696 1611 758 1670 vim
782 1607 934 1691 Gregorio
956 1608 999 1670 IX

75 1692 268 1753 tribuendum
292 1694 453 1771 existim0,
489 1712 545 1775 per
574 1712 665 1773 quem
693 1692 778 1754 velut
805 1698 898 1753 natae
927 1697 999 1752 sunt

77 1784 109 1834 et
130 1781 226 1838 ortae.
269 1775 317 1836 Ab
339 1773 445 1856 hoo²)
483 1778 564 1838 enim
594 1796 667 1837 usus
694 1794 799 1837 eorum
828 1775 921 1836 robur
949 1793 998 1836 aa

76 1860 160 1939 cepit
180 1866 211 1918 et
231 1856 416 1936 invaluit2),
448 1866 482 1920 ut
500 1858 620 1941 legibus
640 1861 706 1921 istis
730 1866 762 1920 et
782 1857 998 1920 traditionibus

75 1943 120 2002 ita
141 1943 204 2002 sint
225 1943 361 2001 omnium
385 1940 503 2021 officia,
536 1949 651 2004 statuta
673 1941 840 2021 ecelesiae,
873 1939 997 2003 ordines

76 2027 107 2085 in
129 2044 223 2084 unum
252 2026 347 2086 cahos
371 2026 516 2105 confusa,
548 2029 628 2087 iutra
655 2028 734 2088 istos
756 2024 998 2106 quadringentos

76 2126 192 2186 annos,
214 2115 248 2167 ut
269 2107 432 2190 Babylone
452 2111 521 2189 ipsa
542 2111 699 2171 confusior
719 2111 760 2170 sit
779 2108 929 2170 hodierna
951 2126 998 2169 ec·

76 2192 181 2252 alesia.
224 2191 323 2252 Nemo
356 2193 387 2252 in
416 2212 471 2253 suo
501 2193 609 2254 ordine
630 2193 760 2271 incedit,
790 2193 919 2273 quilibet
941 2191 998 2252 sibi

77 2295 116 2334 ex
139 2273 211 2335 urbe
235 2275 336 2354 legem
361 2277 442 2353 emit,
466 2294 527 2354 qua
548 2279 642 2353 vivat,
665 2276 716 2337 ille
739 2281 916 2356 exemptus,
939 2276 998 2335 iste

78 2357 307 2438 privilegiatus,
329 2360 388 2418 iste
411 2359 578 2437 familiaris,
601 2362 658 2420 iste
683 2359 843 2437 officialis,
866 2360 926 2420 iste
947 2377 999 2418 ne·

77 2442 206 2520 scioquo
230 2441 338 2516 titulc,
368 2461 475 2502 omnes
497 2442 670 2504 libertatern
693 2442 844 2522 quidlibet
865 2441 999 2522 essendi,

79 2524 221 2602 faciendi,
243 2524 376 2584 audendi
397 2525 512 2587 habent
533 2545 589 2605 per
610 2527 665 2586 has
686 2527 843 2587 Romanas
864 2526 960 2606 leges.

160 2607 227 2667 Nec
250 2608 370 2667 Romae
392 2608 475 2668 aliud
499 2615 630 2688 curatur,
653 2629 743 2689 quam
767 2616 801 2668 ut
821 2609 881 2669 hac
902 2609 999 2670 eccle·

79 2692 143 2750 siae
167 2710 287 2750 summa
309 2691 485 2751 calamitate
507 2692 669 2753 roboretur
690 2699 827 2772 potestas
851 2699 881 2752 et
903 2691 999 2752 domi·

78 2775 164 2834 natio
200 2794 255 2833 sua
289 2774 320 2832 in
354 2777 437 2834 omni
465 2774 623 2836 individuo
652 2795 708 2837 suo
737 2775 814 2837 sola.
857 2775 896 2835 Et
918 2775 1000 2834 hunc

78 2858 230 2917 ecclesiae
253 2875 407 2936 occasum,
431 2859 456 2917 si
479 2858 602 2937 quando
617 2860 777 2940 gemimus,
801 2860 825 2918 si
848 2858 999 2935 dolemus,

78 2942 103 3000 si
126 2940 331 3020 querulamur,
354 2941 500 3001 haeretici
523 2962 637 3022 sumus,
659 2943 862 3003 irreverentes
883 2942 914 3001 in
937 2941 997 3002 Ru-

79 3043 199 3083 manam
224 3024 387 3082 ecelesiam
411 3044 514 3084 sumus
537 3026 728 3096 scandalosi,
752 3026 908 3104 seditiosi,
930 3042 999 3104 pro·

78 3126 169 3168 canes
191 3126 305 3169 sumus.
350 3105 429 3181 Quia
456 3108 601 3169 videlicet
624 3108 775 3188 querulari
806 3129 867 3169 nou
892 3127 999 3188 possu-

79 3211 155 3269 mus,
178 3191 236 3249 nisi
249 3190 380 3249 Romani
404 3191 570 3271 pontificis,
592 3199 655 3253 tum
679 3195 754 3267 iura,
777 3199 841 3252 tum
863 3195 999 3272 potesta·

78 3282 156 3351 tem,
186 3274 249 3333 imo
285 3280 386 3333 tantas
415 3275 539 3335 iniurias
568 3277 674 3356 populi
698 3277 755 3336 Dei
789 3275 878 3336 simul
907 3293 1000 3355 anga-

79 3356 197 3434 mus4).
240 3357 318 3416 Nam
349 3357 400 3416 hio
429 3357 497 3416 lons
521 3366 567 3419 est
589 3365 642 3420 aut
664 3359 834 3420 servandae
857 3364 910 3420 aut
931 3378 998 3438 per-

78 3440 198 3500 dendae
237 3439 397 3501 ecclesiae.
442 3440 517 3500 Cum
549 3449 651 3503 autern
680 3441 774 3503 hodie
801 3443 906 3504 omnia
939 3442 1000 3502 sint

149 3645 233 3713 t]1n
262 3645 325 3697 edit.
353 3647 457 3713 priore:
489 3650 555 3700 satis
576 3649 645 3716 plus.
684 3648 713 3711 2)
742 3647 863 3702 ibidem:
891 3647 1001 3700 abhinc.

77 3721 106 3779 3)
126 3719 246 3770 ibidem:
265 3717 449 3771 invaluerunt.
487 3718 520 3784 4)
543 3721 572 3771 ln
599 3719 640 3773 ed.
661 3723 753 3788 priore
782 3725 808 3772 et
827 3720 855 3770 in
873 3717 1002 3772 denensi:

77 3797 234 3858 tangamus.
