2346 4208
346 251 375 301 st
390 246 572 305 Sacramenta
592 247 784 305 eucharistias.
948 245 1036 329 ,Μ

110 429 206 495 deret.
250 433 360 496 Metto
383 434 474 516 igitur
495 434 563 497 Deo
592 454 721 518 murus
752 438 866 518 gradus
896 449 952 518 pro
975 438 1036 501 boc

65 539 72 546 ·
109 513 273 592 beneficio,
295 516 378 597 qnod
401 537 489 579 suum
513 518 638 580 verbnm
661 538 719 581 ceu
740 520 843 582 lumen
866 539 904 583 ac
926 520 1034 584 ducem

110 599 371 662 conscientiarum
393 600 521 663 dederit.
1010 652 1023 663 ..

191 681 243 745 sie
266 702 340 764 ergo
363 684 402 745 da
430 685 596 745 auriculari
625 686 839 764 confessione,
872 688 962 766 quam
991 686 1034 749 di

109 771 193 842 cunt
216 768 375 829 sentimus.
419 767 600 847 Quanquam
634 768 674 828 ad
704 788 771 829 eam
803 789 894 831 nemo
922 770 963 833 sit
983 786 1034 833 oo

109 847 244 927 gendos,
278 870 341 911 non
379 857 481 913 tamen
509 851 580 912 ideo
610 853 835 913 contemnenda
866 860 928 928 est,
962 874 1032 915 nam

110 931 225 993 multae
246 940 318 993 sunt
332 935 494 1012 rationes,
516 939 643 1015 propter
665 954 743 1017 quae
766 955 834 996 eam
857 935 1033 1016 probamus.

108 1013 157 1077 Ac
183 1016 368 1096 principalis
401 1018 526 1096 quidem
550 1037 588 1078 ea
610 1023 672 1095 cst,
712 1016 794 1098 quod
828 1018 953 1081 verbum
975 1018 1033 1101 ilai

108 1097 193 1159 nullo
218 1098 311 1161 modo
334 1099 605 1179 contemnendum,
628 1100 682 1161 sed
705 1100 825 1162 ardenti
843 1103 948 1163 auimo
970 1120 1031 1167 am»

107 1181 304 1260 plectendum
327 1190 385 1261 est,
408 1183 719 1264 ubicunquctandem
743 1191 775 1245 et
790 1186 1033 1266 quotiescunque

107 1263 183 1325 illud
213 1264 320 1326 audire
341 1267 515 1346 contigerit.
558 1267 622 1328 Iam
645 1275 746 1329 autem
776 1287 831 1348 per
853 1274 953 1329 totum
973 1277 1031 1347 tar·

106 1366 206 1411 rorum
242 1348 347 1410 orbem
385 1368 472 1410 suum
505 1350 631 1411 verbum
661 1351 744 1411 Deus
778 1349 964 1432 divulgavit,
991 1353 1036 1413 .ut¹

107 1430 209 1526 nullus
241 1433 282 1492 sit
313 1433 465 1514 angulus,
502 1434 533 1492 in
569 1452 628 1513 quo
665 1453 727 1494 non
757 1434 857 1513 possis
884 1434 959 1495 illud
986 1435 1030 1501 in·

106 1531 221 1575 venire.
1017 1546 1023 1575 ·.

188 1597 284 1669 Porro
307 1597 432 1658 verbum
458 1599 514 1658 Dei
545 1606 575 1658 et
596 1599 790 1680 evangelium
824 1600 949 1679 proprie
970 1598 1032 1662 bac

106 1685 169 1758 est,
198 1678 280 1759 quod
302 1680 393 1743 nobis
414 1688 612 1761 peccatorum
633 1682 848 1754 remissionem
870 1682 1030 1762 promittit.

107 1762 159 1823 Ea.
174 1765 254 1825 enim
289 1766 442 1845 evangelii
464 1785 584 1825 summa
612 1772 674 1842 est,
710 1766 840 1825 remissa
870 1784 939 1826 esse
960 1780 1030 1844 pac·

106 1852 177 1905 cata
197 1846 273 1925 illis,
307 1849 359 1927 qui
382 1847 510 1909 credunt
537 1849 567 1907 in
591 1848 760 1922 Christum,
794 1867 894 1929 neque
925 1847 1029 1909 doceri

107 1930 303 2010 evangelium
325 1936 445 2010 potest,
469 1931 541 2009 quin
564 1931 655 1992 simul
676 1931 914 2006 absolutionem,
937 1950 1028 2010 quam

107 2021 228 2090 vocant,
251 2013 398 2074 sacerdos
422 2014 514 2074 dicat.

189 2095 240 2156 Sic
261 2096 315 2156 illa
326 2117 399 2173 vox,
422 2116 513 2176 quam
535 2099 565 2156 in
584 2096 673 2156 altari
687 2097 832 2157 sacerdos
857 2094 939 2170 dicit,
963 2096 1029 2159 Pax

107 2178 211 2254 vobis,
234 2180 426 2259 evangelium
450 2189 482 2240 et
503 2180 657 2241 absolutio
681 2180 831 2259 quaedam
856 2187 918 2255 est,
941 2180 1028 2259 qnasi

106 2260 235 2323 diceret:
267 2263 430 2323 Annuncio
458 2263 546 2323 vobis
570 2263 713 2323 divinitus
735 2283 843 2343 pacem
868 2270 899 2322 et
920 2264 1028 2323 remis·

105 2346 224 2405 sionem
247 2353 443 2424 peccatorum
468 2366 521 2426 per
535 2346 697 2408 Christum.
741 2346 791 2408 Sic
812 2346 904 2407 verba
917 2344 1028 2406 christi

106 2430 137 2487 in
169 2447 269 2488 coena
298 2437 369 2489 sunt
402 2429 595 2509 evangelium
627 2437 657 2489 et
679 2429 846 2489 absolutio:
886 2429 954 2490 Hoc
982 2442 1029 2490 eat

105 2529 217 2591 corpus
240 2531 352 2589 meum,
376 2511 459 2591 quod
482 2532 537 2591 pro
561 2512 649 2572 vobis
672 2512 808 2587 traditur,
831 2512 881 2572 hic
903 2513 1027 2593 sanguis

106 2614 209 2671 niens,
255 2597 306 2673 qui
339 2616 395 2675 pro
436 2595 523 2655 vobis
554 2594 718 2656 effunditur
751 2596 781 2653 in
814 2596 1026 2655 remissionem

105 2685 302 2757 peccatorum
326 2685 382 2741 ete.
428 2678 459 2738 Si
484 2679 551 2755 quis
580 2698 653 2758 ergo
684 2677 754 2737 ideo
778 2676 918 2738 confiteri
939 2679 1027 2754 nolit,

105 2760 188 2840 quod
227 2761 355 2821 verbum
389 2763 418 2821 in
453 2770 645 2822 sacramento
680 2779 802 2840 quoque
836 2760 963 2838 habeat,
1000 2761 1028 2835 is

105 2843 212 2904 cadem
251 2846 370 2905 ratione
409 2863 512 2904 sacres
551 2864 674 2923 quoque
709 2845 876 2905 conciones
915 2844 1028 2922 poterit

105 2927 271 3007 negligere.
316 2927 430 2987 Verum
455 2928 547 2988 debet
580 2926 773 3008 evangelium
807 2926 941 2989 assiduo
959 2945 1025 3006 par·

104 3029 217 3070 sonare
250 3017 371 3070 nostras
393 3030 497 3087 aures,
537 3018 568 3070 et
599 3029 656 3071 noa
690 3010 823 3070 vicissim
851 3008 926 3069 illud
958 3028 1026 3069 cum
1078 3028 1089 3055 -·

104 3112 224 3152 summo
247 3093 361 3173 gaudio
385 3095 528 3174 excipere
557 3093 721 3170 debemus,
757 3093 807 3155 ubi
836 3101 866 3153 et
895 3093 1026 3170 quoties

104 3194 224 3254 cunque
268 3175 299 3235 id
335 3176 441 3236 andire
478 3178 565 3256 licet,
611 3177 757 3237 debemus
793 3195 915 3255 quoque
959 3176 1025 3235 Deo

103 3261 217 3338 gratias
240 3279 333 3339 agere
355 3279 411 3339 pro
435 3279 554 3320 summo
577 3260 630 3321 illo
645 3258 806 3336 beneficio,
830 3259 911 3338 quod
935 3259 1028 3319 liceat

104 3342 218 3420 ubique
241 3349 470 3403 sacrosanctum
494 3344 551 3402 Dei
574 3343 701 3403 verbum
724 3342 838 3403 audire.

186 3425 256 3485 Non
280 3427 370 3506 igitur
394 3426 621 3486 contemnenda
651 3427 804 3486 confessio
835 3425 888 3485 illa
910 3427 1026 3485 auricu-

103 3507 175 3568 laris
197 3516 253 3587 est,
276 3517 401 3588 propter
423 3509 649 3569 absolutionem
674 3517 705 3568 et
722 3509 875 3587 evangelii
889 3509 1025 3585 verbum,

104 3591 187 3669 quod
216 3612 255 3652 ex
279 3592 441 3653 sacerdote
463 3593 559 3652 audis.
602 3592 642 3652 m
665 3611 733 3652 cum
760 3591 898 3652 confiteri
928 3591 1026 3669 volas,

104 3695 165 3736 non
189 3682 249 3735 tam
276 3675 395 3736 curabis
418 3682 500 3735 tuam
524 3676 761 3754 confessionem,
784 3693 873 3753 quam
888 3674 1026 3755 verbum,

104 3758 186 3836 quod
209 3758 297 3819 audis
319 3779 338 3819 a
360 3758 532 3819 sacerdote.
