2346 4208
194 247 258 312 128
408 248 519 303 Tenon.
536 247 652 302 consol.
669 246 705 301 D.
724 246 758 300 n.
779 246 892 299 tathei

194 433 307 515 figurat
325 439 551 494 sacramentum
576 433 682 494 altaris
715 435 746 493 iu
776 453 858 513 pune
883 440 916 492 et
946 433 1039 508 vino,
1065 432 1115 492 ubi

196 539 288 577 unum
309 537 432 597 eorpus,
454 537 531 576 uuus
552 519 652 596 panis,
673 538 751 576 nnus
768 514 1113 597 potusubupostolo¹t

195 601 333 662 dicimur.
376 600 452 675 Quis
487 601 568 658 enim
605 600 734 660 offendit
764 600 943 679 partioulsm
966 600 1116 678 eorporis,

195 686 228 744 in
255 703 318 763 quo
345 703 407 743 non
435 692 532 742 totum
565 702 678 763 corpus
699 683 858 743 offendat?
900 679 982 755 Quid
1005 684 1118 760 putitiu

193 774 349 827 extremus
371 765 458 846 pedis
481 765 653 841 folliculus,
681 768 764 844 quod
794 785 855 826 non
886 765 1047 844 potitum)
1073 774 1116 825 to

194 858 259 910 tum
273 849 407 929 corpus?
433 848 517 927 quod
539 849 721 908 beneficium
745 849 901 909 confertur
920 849 952 906 in
975 848 1116 927 pedibus,

194 935 226 993 iu
249 952 310 1011 quo
333 952 396 992 non
416 931 552 1012 gaudem
572 949 685 1011 eorpus
706 932 829 992 totum?
867 932 910 990 At
936 950 996 990 nos
1024 949 1117 993 uuum

197 1036 309 1095 corpus
329 1035 445 1074 sumus.
487 1013 641 1092 Quidquid
663 1016 741 1074 nlius
770 1017 896 1094 putitiu,
926 1033 989 1092 ego
1018 1016 1118 1094 patior

195 1109 228 1159 et
249 1099 325 1160 fero.
367 1097 522 1175 Quidquid
544 1098 624 1156 bene
642 1097 679 1158 fit
699 1100 744 1173 ei,
778 1099 850 1157 mihi
878 1097 921 1159 fit.
964 1097 1014 1158 tta
1034 1097 1118 1158 chri-

196 1190 261 1242 stus
284 1180 359 1240 dicit
395 1180 453 1240 sibi
479 1180 609 1258 iactum,
644 1180 727 1259 quod
753 1182 817 1240 suis
844 1181 978 1240 minimis
1006 1181 1146 1240 iustum·

194 1265 294 1325 tuerit.
337 1263 413 1335 Quis
442 1283 552 1342 punem
585 1263 689 1322 ultoris
717 1263 941 1342 quantumlibet
969 1262 1120 1343 partionis

197 1348 354 1425 uooipieus
377 1365 439 1406 non
461 1346 572 1406 dicitur
593 1366 706 1425 punem
727 1348 908 1425 aooepisse?
929 1345 1008 1420 Quis
1031 1346 1120 1426 porti·

199 1430 299 1490 culum
330 1430 395 1488 eius
423 1438 626 1498 contemnens
655 1450 718 1488 non
749 1449 859 1509 panem
894 1430 1120 1509 oontempsisse

199 1513 318 1572 dieitur.

281 1595 383 1670 Quare
405 1596 431 1653 si
453 1592 604 1670 dolemus,
626 1597 652 1653 si
677 1596 818 1674 potimur,
841 1596 868 1653 si
882 1596 1042 1671 morimur,
1064 1594 1121 1654 huo

196 1679 312 1739 feratur
332 1681 447 1737 intutus
464 1675 509 1753 ²),
531 1686 561 1736 et
584 1677 703 1739 sortiter
724 1679 904 1753 credamus,
925 1698 963 1738 ue
985 1680 1064 1738 certi
1084 1679 1120 1737 si·

199 1781 277 1839 mus,
299 1761 382 1840 quod
405 1781 467 1820 non
492 1780 567 1838 nos,
588 1770 642 1821 sut
663 1781 726 1822 nou
749 1762 825 1838 soli,
853 1761 909 1820 ssd
931 1761 1074 1822 Christus
1092 1772 1121 1820 et

198 1846 331 1905 eeclesia
353 1844 513 1904 nobiscum
542 1844 644 1921 dolet,
681 1845 809 1925 potitur,
840 1846 978 1905 moritur.
1034 1844 1120 1904 Adeo

198 1929 317 1988 scilieet
337 1927 427 1987 nobis
451 1926 589 1997 Christus
617 1925 716 1989 uoluit
744 1929 850 1987 mortis
877 1928 957 1986 vium
981 1947 1054 1987 esse
1076 1945 1122 1986 so·

197 2012 340 2086 litorium,
361 2029 452 2089 quum
476 2012 576 2069 omnis
598 2010 692 2071 homo
715 2013 828 2086 horret,
849 2009 905 2070 sed
919 2013 1037 2071 oomite
1058 2018 1122 2071 totu

199 2095 333 2155 ecclesis
355 2097 434 2152 viam
457 2095 610 2171 passionis
632 2102 664 2155 et
686 2095 793 2155 mortis
812 2095 1002 2172 ingredimur
1013 2103 1047 2154 et
1068 2094 1122 2153 t'or·

200 2180 259 2238 tius
280 2176 413 2236 ecelesia
434 2175 555 2253 tolerat,
579 2195 670 2255 quum
683 2178 714 2248 ³)
740 2196 798 2236 nos
820 2178 888 2256 ipsi,
911 2184 944 2235 ut
959 2197 1033 2237 vere
1056 2196 1123 2256 pos·

202 2263 297 2319 simus
326 2258 399 2317 iilud
423 2258 536 2318 Elisaei
558 2261 586 2319 4.
606 2263 682 2342 Reg.
705 2259 769 2333 6⁴)
795 2260 884 2320 nobis
898 2268 1020 2338 optare,
1042 2259 1123 2339 quod

202 2343 241 2403 od
264 2362 384 2402 servum
409 2361 495 2400 suum
519 2344 656 2403 timidum
678 2341 771 2403 dixit:
794 2343 865 2402 Noli
880 2346 999 2420 timere,
1021 2344 1122 2422 plures

203 2427 362 2486 nobiseum
391 2433 462 2484 sunt
490 2444 580 2503 quem
609 2446 679 2487 oum
712 2427 781 2487 illis.
839 2428 976 2504 Cumque
1010 2434 1127 2487 orasset

183 2509 344 2575 ,Elisaeus
367 2510 426 2567 uit:
451 2508 593 2588 Domine,
616 2513 701 2590 aperi
723 2509 831 2570 ocutos
854 2512 940 2588 pueri
961 2510 1072 2589 huius,
1099 2518 1127 2568 ut

204 2592 326 2670 videat,
353 2599 384 2650 et
410 2593 531 2670 aperuit
553 2593 702 2654 Dominus
730 2593 838 2653 ooulos
865 2594 969 2672 pueri,
993 2603 1026 2653 et
1048 2593 1128 2653 vidit

204 2675 244 2736 Et
265 2694 339 2736 eoos
362 2694 450 2734 mons
468 2674 576 2753 plenus
591 2696 738 2754 equorum
754 2685 785 2735 et
807 2695 946 2735 curruum
968 2678 1127 2757 igneorum

203 2761 234 2818 in
257 2758 384 2819 oirouitu
409 2757 532 2817 Elisaei.
577 2760 644 2820 Hoo
665 2762 766 2820 solum
789 2769 821 2818 et
842 2761 931 2821 nobis
962 2770 1083 2839 restat,
1102 2770 1130 2820 ut

205 2862 344 2918 oremus,
379 2859 440 2919 quo
471 2840 560 2901 nobis
589 2844 764 2922 aperiantur
798 2843 879 2902 oouli
911 2851 943 2902 et
974 2845 1129 2906 videamus

205 2925 368 2985 eeclesiam
398 2925 427 2982 in
451 2926 577 2984 oirouitu
601 2936 724 3003 nostro,
762 2925 849 3002 fidoi,
870 2928 1014 3006 iuquam,
1045 2931 1129 3003 oouii,

206 3013 279 3068 tuno
318 3006 392 3066 nibil
436 3017 484 3066 est
525 3009 606 3087 quod
643 3011 831 3085 timebimus,
867 3011 946 3069 siout
985 3021 1019 3073 et
1056 3013 1129 3075 Pau·

205 3110 272 3151 mus
297 3093 373 3154 124:
412 3090 533 3152 Montes
582 3094 612 3151 in
645 3095 770 3153 oirsuitu
798 3095 882 3171 eius,
924 3102 956 3153 et
985 3097 1129 3158 Dominus

204 3175 236 3233 in
259 3174 384 3234 circuitu
409 3175 514 3254 popuii
538 3179 594 3251 sui,
618 3197 657 3236 ex
679 3179 740 3237 hoo
763 3197 844 3236 nuno
866 3186 897 3238 et
915 3198 1017 3258 usque
1040 3186 1073 3242 in
1094 3201 1129 3242 se·

205 3257 317 3320 sulum.
339 3256 447 3317 Amen.

215 3481 548 3497 m

281 3627 309 3689 1)
332 3625 361 3678 In
381 3625 423 3678 ed.
444 3626 518 3679 tem:
538 3626 667 3693 potiatur.
701 3626 731 3689 2)
763 3625 831 3676 Ibid.
852 3644 856 3675 :
877 3628 1007 3681 intuitus.
1029 3632 1064 3699 3)
1077 3627 1126 3682 lbid.

206 3696 289 3764 quod.
326 3698 359 3764 4)
381 3697 596 3766 ibiuzttteg.
617 3697 643 3751 6.

279 3769 308 3835 ⁰)
334 3773 355 3822 t.
375 3770 436 3821 Cor.
460 3769 501 3822 to.
