2346 4208
267 273 360 317 ‘cmm
372 267 408 322 dc
425 267 680 339 ποριῶ-ΒΜ
719 269 755 323 a?
911 308 915 313 ·
944 266 985 333 li

63 454 195 534 Spiritus
217 455 317 515 sancti
339 455 505 531 illuminat·⁷
539 455 653 535 pariter
684 460 716 514 et
749 455 912 520 coufortat.
956 454 987 517 si

19 574 21 579 ι
63 537 374 599 vidamaalamnias
398 557 565 618 egenorum
588 543 620 599 et
640 538 779 599 violenta
799 537 927 614 iudicia,
956 542 989 598 st

63 619 209 683 subverti·
225 622 374 682 iustitiam
393 623 425 681 in
438 622 610 698 Provincia,
635 640 697 682 non
721 621 837 681 mireris
851 622 985 700 (inqiut)

63 723 160 784 super
179 703 246 765 hcc·
262 706 401 786 negotio,
425 706 499 784 quia
520 705 646 765 excelso
664 703 818 765 excelsior
831 710 880 765 eet
901 704 988 781 alius,

64 794 99 848 et
119 806 213 867 super
233 787 290 848 hos
313 804 436 866 quoque
459 789 677 848 eminentiores
700 787 859 862 cuntulit,
893 793 925 848 et
944 788 988 849 iu·

64 889 160 950 super
179 872 343 931 universae
365 878 465 931 terrae
478 871 546 932 Rex
567 873 698 952 imperat
711 871 866 933 servienti.
889 869 988 945 Quae·

66 951 167 1015 rende
193 959 270 1014 sunt
290 954 427 1015 remedia
455 955 528 1014 iuris
544 952 596 1036 ¹),
624 953 818 1034 implorando
844 952 990 1034 suffragia

65 1036 261 1114 Sanctorum,
283 1044 315 1097 et
336 1037 486 1099 bonorum
509 1037 683 1114 hominum,
713 1036 812 1117 magis
832 1056 889 1117 pro
912 1037 988 1097 reri·

64 1120 155 1197 tatis,
183 1138 273 1199 quam
295 1121 378 1181 vitae
400 1121 654 1198 conservatione,
687 1135 718 1182 et
753 1119 824 1180 dum
847 1126 989 1180 neutrum

66 1202 179 1264 adesse
201 1204 344 1281 cernitur,
366 1203 562 1265 seruiendum
582 1194 904 1287 estimparanti'Regi
926 1205 990 1263 uni-

66 1305 176 1349 versas
191 1292 309 1364 terrae,
330 1285 522 1367 patiendum,
556 1285 748 1348 monendum
770 1305 827 1366 pro
853 1266 989 1364 vedtate,

66 1368 326 1449 quemadmodum
348 1371 469 1430 veritati
481 1371 584 1450 potius
603 1390 694 1448 quam
709 1370 798 1431 uobis
813 1369 989 1432 vivendum.

149 1451 196 1512 Tu
217 1453 324 1533 igitur,
354 1452 564 1533 condiscipula
588 1453 872 1528 Christi,'seotator
899 1472 990 1513 evan·

64 1535 186 1617 gelicac
206 1536 364 1612 veritatis,
404 1555 460 1596 ora
488 1556 629 1616 meeum,
666 1541 817 1615 quatenus
838 1535 989 1597 Dominus
1006 1598 1011 1604 ,

66 1625 176 1679 noster
195 1618 282 1679 lacus
299 1618 442 1682 dilaniatus
464 1639 498 1679 se
517 1621 585 1702 ipso
606 1618 695 1680 nobis
718 1619 908 1698 lucana-cni
936 1619 990 1678 lux

66 1700 248 1780 entmundi,
273 1703 402 1779 veritas,
424 1703 475 1761 via
497 1709 527 1762 et
549 1703 612 1763 vita
635 1701 842 1775 credentium,
866 1702 989 1762 tribuat-

65 1804 128 1864 que
147 1804 182 1846 ee
202 1785 350 1845 humilem
371 1785 528 1845 humiliter
548 1803 711 1864 quaerere,
733 1785 836 1846 sobrie
870 1801 989 1864 sapere,

67 1867 123 1928 sed
134 1869 292 1928 inventum
311 1869 561 1929 constantissime
575 1867 788 1948 intrepideque
801 1865 988 1948 praedicare.

150 1951 226 2011 Post
255 1951 390 2031 digneris
414 1950 567 2012 Illustriss.
601 1952 786 2031 principem,
823 1951 991 2011 Dominum

68 2041 153 2094 tuum
186 2044 217 2093 et
244 2052 363 2112 meum,
395 2033 526 2111 hortari,
559 2054 598 2095 ue
629 2033 753 2095 deficiat
788 2032 828 2094 ob
851 2032 989 2093 fraudem

66 2117 206 2191 illorum,
235 2119 286 2197 qui
308 2119 479 2198 serpertina
501 2118 607 2198 lingua
635 2117 800 2179 moliuntur
830 2117 990 2177 veritatem

69 2199 262 2262 subvertere:
297 2200 351 2260 sed
373 2220 474 2278 neque
498 2201 630 2280 rugitum
653 2201 764 2262 Leonis
793 2206 990 2280 expavescat.

67 2282 219 2363 Scriptum
243 2289 290 2345 est
311 2282 350 2344 de
371 2285 457 2362 ipso,
499 2285 547 2344 cui
569 2286 681 2346 veritae
704 2285 762 2344 Dei
785 2290 903 2345 scutum
927 2286 989 2345 est:

67 2365 196 2462 Angelis
219 2368 281 2429 suis
304 2365 462 2428 mandavit
484 2367 522 2428 de
544 2373 594 2445 te,
627 2387 666 2428 nc
688 2367 767 2428 forte
790 2365 929 2427 offendas
951 2365 991 2427 ad

66 2447 203 2531 lapidem
225 2448 336 2530 pedem
361 2456 465 2527 tuum3·
484 2469 576 2528 super
598 2449 736 2530 aspidem
760 2456 791 2515 ct
814 2449 990 2512 basiliscum

68 2531 256 2610 ambulabis,
286 2539 316 2592 et
350 2532 547 2593 conculcabis
586 2533 709 2593 leonem
751 2538 781 2591 et
815 2530 990 2595 draconem.

69 2612 234 2677 Abstineat
255 2615 452 2679 serenissima
472 2615 651 2675 Dominatio
684 2634 740 2676 sua
772 2635 791 2677 a
823 2616 900 2692 suis,
934 2613 992 2674 Lu·

69 2697 168 2775 theru,
191 2697 361 2778 Staupitio,
384 2698 437 2759 sed
461 2704 492 2758 et
513 2697 552 2758 ab
575 2697 697 2772 ordine,
731 2698 866 2759 veritatis
887 2717 992 2757 mauu·

70 2781 203 2857 tentioni
224 2780 375 2842 duntaxat
397 2780 546 2858 intendat,
569 2786 602 2839 ut
626 2781 739 2841 veritas
761 2780 792 2840 in
816 2778 916 2840 lucem
941 2800 991 2840 ve-

69 2866 150 2943 niat,
187 2862 299 2944 fugatis
324 2864 458 2924 tenebris
485 2874 551 2926 sata
575 2872 624 2941 at,
658 2864 751 2925 modo
789 2882 915 2923 securus
953 2863 992 2923 sit

70 2948 172 3026 locus,¹
191 2947 243 3007 ubi
266 2947 383 3028 absque
406 2954 490 3007 metu
511 2882 642 3008 cadente
664 2949 694 3007 in
727 2947 825 3009 virum
851 2954 991 3007 constan·

70 3037 133 3093 tem
156 3030 252 3091 libere
274 3030 358 3110 loqui
379 3031 488 3110 possit.

154 3109 222 3199 ligo
262 3114 336 3173 novi
377 3120 522 3191 quantum
558 3113 676 3175 saeviat
710 3110 916 3192 Babylonica,
953 3131 993 3173 ne

71 3196 208 3279 dixerim
223 3195 384 3274 Romana,
407 3199 502 3276 pestis
529 3197 560 3256 in
586 3215 656 3272 eos,
680 3196 731 3276 qui
754 3193 897 3257 abusibus
920 3214 992 3255 ven·

71 3279 216 3341 dentium·
240 3271 392 3340 Christum
432 3277 655 3341 contradicunt.
703 3277 774 3338 Vidi
807 3277 886 3338 enim
922 3296 993 3338 cun·

71 3365 263 3433 ciouetorem
287 3363 445 3423 verissima
468 3361 631 3423 docentem
655 3360 693 3420 de
707 3360 827 3442 pulpito
843 3359 993 3420 violenter

71 3442 150 3587 rapi,
173 3450 204 3504 et
225 3443 298 3504 licet
319 3446 349 3504 in
372 3446 508 3504 maxima
527 3444 695 3505 festivitate
717 3462 819 3508 eoram
833 3443 917 3504 omni
938 3462 992 3523 po-

71 3547 145 3610 puo
171 3547 226 3607 per
248 3527 378 3588 chordas
402 3528 479 3588 trahi
502 3529 677 3606 carcerique
697 3526 872 3609 mancipari.
917 3525 993 3588 sunt

73 3614 124 3691 qui
149 3609 322 3671 crudeliora
344 3617 582 3691 conspexerunt.

88 3732 476 3751 ...q-r--m-m-q—-v-A...

440 3763 443 3770 ι

145 3783 174 3852 1)
192 3780 265 3836 Alii:
284 3784 360 3835 viris.
