2346 4208
409 243 443 297 ds
461 243 587 298 libertate
603 243 774 300 Obmstiana.
986 222 1048 310 ‘227

122 432 184 493 sibi
202 431 322 492 idolum
351 433 382 492 iu
411 431 505 492 eorde
528 433 637 513 erigit?
676 432 756 508 Quid
778 451 852 513 argo
866 431 897 516 ¹)
917 438 1051 513 »preeunt

121 526 222 595 opera
242 515 273 574 iu
296 515 360 575 bac
386 516 546 594 impietate
570 517 670 595 taeta,
703 517 823 576 etiamsi
853 516 998 597 augelica
1019 523 1051 578 et

122 597 299 678 apostolica
317 598 442 658 dorent?
464 599 560 658 Recte
580 619 657 680 ergo
674 600 766 679 Deus,
789 618 852 660 non
874 601 905 660 iu
927 601 973 661 ira
995 607 1048 661 aut

121 680 270 760 libidine,
305 680 412 742 sedin
436 681 649 743 incredulitate
676 685 785 743 omnia
808 683 974 759 conclusit,
1009 702 1050 744 ne

123 766 177 844 qui
201 765 293 824 castis
327 771 358 824 et
388 765 554 825 mansuetis
584 765 729 846 operibus
762 767 838 846 legis
872 764 993 846 fingunt
1015 785 1050 827 sc

120 846 254 927 implere
274 847 375 928 legem
404 855 453 919 (ut
473 854 544 907 suut
565 849 711 928 politicae
733 856 764 909 et
784 848 937 910 humanae
959 850 1050 910 virtu·

120 931 185 1012 tes)
197 931 302 991 salvos
317 950 350 991 ee
361 929 407 1011 ²)¹
420 931 538 992 futuros
552 939 757 1011 praesumant,
780 950 849 992 cum
872 935 902 992 iu
919 939 1048 1012 peccato

118 1012 346 1074 incredulitatis
369 1014 583 1093 comprehensi
613 1022 667 1074 aut
696 1015 934 1076 misericordiam
957 1035 1048 1095 quae·

121 1104 202 1176 rant,
225 1104 278 1157 ms
299 1116 355 1177 per
375 1097 521 1157 iustitiam
544 1096 734 1158 damnentur.

208 1179 267 1241 Ubi
288 1187 391 1240 autem
416 1180 499 1241 Deus
521 1180 621 1257 videt,
645 1183 804 1241 veritatem
828 1180 885 1242 sibi
906 1180 998 1243 tribui
1020 1188 1052 1242 et

121 1263 186 1324 fide
206 1263 315 1344 ⁶cordis
337 1264 433 1323 nosci
456 1263 533 1341 εει)
558 1264 706 1325 honorari·
725 1270 811 1325 tanto
833 1265 968 1342 bonore,
990 1283 1051 1344 quo

122 1349 193 1428 ipse
215 1346 326 1427 diguus
348 1353 410 1406 est:
443 1367 546 1406 rursus
570 1355 600 1407 ct
621 1349 688 1426 ipse
708 1367 765 1407 noe
788 1348 936 1427 honorat,
959 1347 1051 1408 tribu·

122 1449 181 1490 ens
203 1436 235 1490 et
258 1429 347 1490 uobis
369 1430 527 1489 veritatem
564 1437 597 1489 et
617 1431 780 1509 iustitiam,
813 1439 938 1511 propter
969 1431 1050 1491 hauc

122 1511 228 1574 fidem.
271 1512 361 1572 Fides
385 1514 464 1572 enim
488 1512 562 1573 lacit
583 1515 741 1574 veritatem
764 1521 795 1574 et
806 1514 962 1592 iustitiam,
984 1512 1049 1574 red-

122 1595 202 1656 dens
224 1596 291 1656 Dec
316 1614 417 1672 suum,
450 1595 522 1656 ideo
564 1616 666 1656 rursus
694 1595 794 1656 reddit
815 1597 897 1656 Deus
918 1598 1051 1657 iustitiae

121 1686 250 1740 nostrae
271 1679 411 1758 gloriam.
454 1679 567 1738 Verum
592 1687 639 1739 est
661 1681 740 1739 enim
759 1689 788 1740 et
807 1681 929 1757 iustum,
953 1680 1050 1740 Deum

121 1781 196 1823 ease
217 1780 357 1822 veracem
381 1769 413 1821 et
435 1763 557 1839 iustum,
578 1771 610 1822 et
631 1763 691 1823 hoc
713 1765 740 1822 ei
763 1763 895 1823 tribuere
927 1769 958 1822 et
979 1781 1050 1822 cou-

122 1844 220 1922 fiteri,
241 1844 303 1906 boc
323 1852 381 1924 est,
404 1864 473 1905 esse
495 1864 636 1906 veracem
655 1852 685 1906 et
705 1847 828 1907 iustum.
851 1845 902 1906 Sic
926 1849 958 1908 1.'
974 1846 1050 1926 Reg.

122 1925 205 2010 5⁴):
229 1927 410 2007 Quicunque
424 1927 677 2003 honorificatme
700 1927 880 2010 glorificabo
896 1948 976 2009 eum,
997 1931 1051 2008 qui

122 2030 199 2072 vero
222 2018 423 2072 contemnunt
452 2031 517 2090 me,
547 2018 635 2072 erunt
662 2012 825 2092 ignobiles.
867 2012 919 2073 Sic
941 2013 1052 2072 Paulus

122 2095 214 2155 Rom.
236 2096 256 2156 4
279 2094 422 2155 Abrahae
444 2093 531 2171 dieii,
565 2116 650 2155 suam
673 2094 764 2155 fidem
789 2115 857 2156 esse
879 2104 1050 2175 reputatam

121 2180 154 2238 in
168 2178 328 2252 iustitiam,
351 2179 422 2256 quia
443 2198 498 2257 per
521 2198 587 2238 eam
611 2179 694 2238 dedit
719 2178 896 2259 plenissime
918 2180 1048 2259 gloriam
1157 2248 1166 2260 .

121 2261 201 2337 Deo,
225 2267 256 2320 et
274 2261 363 2321 uobis
386 2260 495 2321 eadem
512 2281 606 2321 causa
618 2262 818 2342 reputandam
833 2261 871 2323 ad
893 2264 1049 2339 iustitiam,

122 2345 149 2404 si
172 2343 397 2405 crediderimus.

206 2426 310 2487 Tertia
346 2426 418 2487 fidei
452 2428 550 2506 gratia
595 2427 843 2507 incomparabilis
878 2435 926 2488 esl
962 2429 1049 2505 haec,

122 2509 207 2590 quod
230 2512 362 2571 animam
386 2511 512 2590 copulat
540 2529 608 2568 cum
632 2510 770 2587 Christo,
803 2513 882 2570 sicut
903 2529 1049 2591 sponsam

123 2613 195 2654 cum
220 2612 346 2674 clicaeo,
370 2612 431 2673 quo
454 2592 653 2654 Sacramenta
681 2591 731 2674 [ut
752 2594 912 2672 apostolus
935 2593 1048 2676 ducet)

122 2675 261 2738 Christus
291 2685 323 2737 et
352 2678 455 2737 anima
487 2675 659 2736 efficiuntur
690 2694 751 2736 una
787 2696 868 2738 caro.
913 2676 1002 2752 Quod
1026 2679 1051 2736 si

122 2778 185 2819 una
215 2777 288 2820 caro
327 2768 411 2835 sunt,
446 2761 779 2820 verum⁵iiule1·e0s
816 2756 1051 2836 matrimonium,

121 2844 186 2903 imo
222 2844 356 2903 omnium
398 2843 491 2922 longe
532 2844 785 2921 perlectissimum
823 2852 1053 2903 consummatur

124 2925 216 3007 (cum
240 2926 375 2986 humana
397 2927 592 2986 matrimonia
625 2926 713 2985 huius
746 2927 827 2986 unici
849 2924 967 3006 figurae
989 2928 1050 2986 sint

123 3015 270 3087 tenues);
304 3010 440 3087 sequitur
469 3017 500 3068 ct
524 3011 628 3069 omnia
650 3029 754 3070 eorum
778 3011 955 3070 communia
976 3008 1052 3084 fieri,

124 3099 187 3152 tam
212 3092 294 3152 bona
317 3112 407 3171 quam
431 3090 528 3168 mala,
552 3099 594 3170 ut,
618 3112 819 3172 quaecuuque
843 3092 980 3154 Christus
1001 3093 1052 3152 ba-

124 3175 186 3249 bet,
210 3174 249 3235 dc
271 3176 308 3235 iis
333 3186 477 3254 tauquam
495 3176 556 3234 suis
570 3194 766 3254 praesumere
789 3184 819 3235 et
836 3176 961 3255 gloriari
984 3196 1053 3255 pos·

123 3260 164 3318 sit
184 3256 284 3319 fidelis
308 3261 411 3318 anima
419 3267 497 3337 et,
530 3277 730 3338 quaecuuque
754 3260 876 3319 animae
898 3266 985 3337 sunt,
1016 3278 1054 3319 ee

123 3341 182 3402 sibi
207 3349 332 3422 arroget
320 3341 455 3403 tOhrist
443 3349 491 3401 tus
515 3348 659 3420 tanquam
682 3362 747 3402 sua

208 3424 781 3503 Conferamust1eta‚etetvidebimus
808 3425 1053 3503 inaestimabilia,

125 3507 266 3570 Christus
288 3509 397 3588 plenus
420 3516 468 3570 cst
489 3510 604 3589 gratia
639 3511 701 3569 vita
734 3515 764 3568 et
795 3507 912 3587 salut,e
951 3510 1054 3569 anima

119 3618 224 3626 ...m—-
226 3617 349 3624 ---..--

199 3654 228 3717 l)
249 3653 280 3703 ln
300 3652 341 3705 ed.
365 3653 446 3708 1521:
467 3653 532 3722 quid
552 3667 630 3720 rogo.
653 3651 684 3713 2)
707 3649 736 3702 In
757 3649 800 3703 ed.
817 3651 886 3717 orig.
906 3650 995 3704 deest:
1016 3666 1055 3704 se

123 3725 153 3788 3)
174 3723 295 3776 Ibidem:
319 3740 392 3778 ase.
411 3724 444 3787 4)
465 3725 496 3777 lu
516 3726 558 3779 ed
578 3725 651 3777 lom:
672 3722 826 3775 lSamuel.
845 3721 870 3776 2.
908 3725 939 3788 b)
962 3723 992 3774 ln
1013 3723 1055 3775 ed

123 3798 213 3864 origa
236 3811 395 3865 verumque.

774 3867 813 3928 15
826 3861 844 3899 ¹⁸¹
