2346 4208
353 262 423 319 xm.
442 263 477 318 ue
495 270 635 335 pourton
654 266 753 333 Ριρω.
864 226 867 234 ’
965 260 1028 327 369

107 448 258 511 acclesiae
293 467 367 510 curs
396 451 577 530 pertineret,
617 459 649 511 et
681 450 879 511 schismatum
910 451 1029 511 semina

106 533 296 594 tollerentur.
339 533 430 593 Putat
457 532 583 612 aliquis.
616 533 941 613 conscripturarum,
974 532 1029 593 sed

107 623 245 676 nostram
268 634 338 676 esse
367 617 566 696 sententiam,
600 619 779 699 episcopum
809 624 840 677 et
872 613 1029 696 presbyte-

105 718 171 759 rum
195 717 288 758 unum
308 717 393 775 esse,
416 707 448 759 et
468 698 551 759 aliud
574 702 701 777 aeteus,
725 708 756 759 et
777 697 859 760 aliud
882 717 952 758 esse
976 718 1028 760 uc-

106 800 177 842 men
213 780 326 859 officii,
363 782 483 863 relegat
513 783 656 864 Apostoli
691 781 730 843 ad
767 781 978 862 Philippenses
992 780 1026 855 *J

106 864 216 943 verba,
238 871 271 927 et
292 871 416 943 cetera,·
445 882 527 944 quae
555 886 648 949 supra
676 868 707 926 in
730 864 860 947 epistola
890 863 928 924 ad
950 862 1028 925 Eva-

106 949 205 1029 grium
228 947 358 1010 induxit.
401 946 443 1009 Et
468 949 499 1008 iu
531 948 606 1011 flue:
641 949 727 1011 Sicut
754 966 829 1029 ergo
859 946 1030 1028 presbyteri

107 1033 209 1092 sciunt
244 1050 279 1091 se
300 1051 341 1092 ex
363 1030 516 1092 ecclesiae
548 1031 772 1093 consuetudine
804 1032 854 1107 ei,
889 1033 939 1110 qui
972 1030 1028 1091 sibi

107 1116 302 1195 praepositus
323 1115 429 1191 fuerit,
458 1132 527 1176 esse
549 1116 721 1194 subiectos,
749 1117 792 1177 ita
814 1114 954 1194 episcopi
975 1132 1029 1175 uc·

106 1199 207 1258 verint
229 1216 263 1258 se
286 1200 383 1278 magis
406 1200 647 1277 cousuetudine,
676 1217 767 1278 quam
791 1197 1029 1277 dispensationis

107 1280 233 1342 divinae
265 1282 394 1342 veritate
426 1281 615 1362 presbyteris
649 1301 719 1343 esse
753 1282 903 1359 maiores,
939 1287 971 1341 et
997 1282 1028 1339 iu

106 1364 264 1426 cummuni
285 1363 399 1425 debere
421 1364 584 1426 ecclesiam
607 1384 725 1446 regere.

192 1446 269 1507 Vide
291 1446 418 1528 eigel),
441 1466 479 1507 an
492 1449 663 1530 propositio
685 1466 754 1508 mea
776 1447 857 1507 irrale
877 1446 927 1507 vel
951 1446 1030 1506 bene

108 1530 234 1607 dixerit,
264 1548 334 1590 esse
362 1538 471 1591 contra
504 1531 726 1612 Scripturarum
750 1537 883 1607 textum,
917 1528 1029 1590 Ruma-

107 1632 178 1673 nem
209 1613 372 1673 ecclesiam
404 1632 474 1673 esse
503 1615 571 1675 aliis
600 1614 806 1694 superiorem,
839 1631 908 1673 cum
937 1612 1027 1672 etiarn

108 1698 147 1755 sit
178 1703 286 1756 contra
313 1697 382 1776 ipsa
403 1696 543 1759 Decreta.
587 1697 665 1757 Nam
696 1704 726 1757 et
758 1695 836 1756 haec
865 1696 898 1755 B.
922 1694 1029 1755 Hieru-

108 1781 191 1859 nymi
210 1779 306 1840 verba
325 1780 494 1843 recitentur
515 1780 617 1841 distin.
640 1783 680 1845 95
703 1799 729 1841 c.
752 1778 843 1839 Olim.
881 1781 981 1856 Atque
1003 1777 1029 1836 si

108 1882 171 1922 non
193 1860 287 1944 tibi2)
311 1861 570 1943 approbarentur,
599 1871 701 1924 tamen
730 1864 802 1942 quia
824 1858 932 1922 solidis
955 1878 1028 1940 pug-

108 1952 181 2005 nent
218 1945 340 2005 divinae
371 1944 611 2028 Scripturae**)
649 1947 758 2025 armis,
792 1944 913 2006 etiamsi
947 1948 1029 2003 totus

106 2028 238 2088 mundus
266 2036 298 2089 et
328 2027 457 2108 augelus
487 2030 526 2091 dc
549 2030 638 2092 coelo
661 2028 919 2103 contradixerint,
954 2025 1029 2086 nihil

107 2111 249 2174 dixerint.
278 2110 380 2190 Atque
403 2113 445 2172 ita
467 2114 543 2174 satis
560 2121 634 2193 puto
658 2121 689 2173 et
708 2112 868 2194 probatam
892 2119 1028 2170 nostram

106 2196 362 2274 propositionem,
385 2201 416 2254 et
437 2194 588 2256 dissolute
612 2198 716 2257 omnia
738 2203 927 2276 arguments,
951 2212 1029 2272 quae

108 2278 157 2337 vel
186 2277 259 2357 fingi
282 2280 436 2338 contraria
459 2288 599 2359 possunt.
645 2279 711 2340 Stat
735 2275 940 2359 seutentia³),
967 2295 1028 2336 uon

108 2361 349 2440 dispensationis
371 2362 494 2422 divinae
523 2364 667 2443 veritate,
700 2362 754 2423 sed
783 2362 936 2423 ecclesiae
957 2379 1028 2420 cosr-

107 2445 270 2505 suetudine
294 2446 459 2524 episcopos
483 2465 551 2507 esse
575 2448 706 2507 maiores
728 2445 924 2526 presbyteris.

189 2528 280 2589 Addo
315 2530 434 2588 tertium
469 2528 631 2590 Decretum
665 2529 773 2590 eadem
802 2528 904 2589 distin.
934 2530 972 2591 ut
1002 2545 1028 2590 c.

107 2611 291 2691 Episcopus,
309 2611 483 2691 Episcopus
506 2614 536 2672 in
558 2612 697 2691 quolibet
719 2613 789 2672 loco
813 2610 924 2671 sedens
947 2620 1028 2670 stare

107 2695 320 2774 presbyterum
355 2715 416 2755 non
448 2697 587 2774 patiatur.
632 2696 672 2755 Et
692 2697 800 2755 iterum
825 2694 885 2754 alio
909 2712 935 2754 c.
958 2692 1028 2772 Epi-

107 2796 237 2858 scopus,
271 2778 444 2857 Episcopus
472 2780 503 2838 in
526 2780 658 2840 ecclesia
679 2781 709 2838 in
733 2796 880 2838 concessu
904 2774 1028 2860 presby·

109 2872 242 2922 tenorum
267 2861 425 2921 sublimior
447 2862 569 2940 sedeat,
592 2863 671 2922 intra
693 2863 817 2922 domurn
839 2878 913 2920 vero
937 2858 1029 2919 colle·

106 2964 176 3025 gam
200 2945 447 3025 presbyterorum
477 2965 510 3005 se
541 2965 612 3006 esse
641 2953 820 3026 cognoscat.
863 2943 948 3002 llaec
975 2939 1028 3002 ibi·

107 3028 177 3088 dem
208 3048 276 3088 esse
298 3026 422 3088 decreta
450 3029 571 3089 concilii
594 3029 844 3111 Ocri-lraginensis
866 3026 964 3105 quarti
986 3023 1028 3084 di·

108 3119 233 3188 cuutur,
272 3130 351 3189 quae
383 3116 466 3171 certe
488 3112 643 3172 haeretica
665 3120 754 3191 sunt,
789 3109 977 3171 scandaloso
998 3117 1029 3168 et

107 3194 255 3255 seditiosa
280 3200 331 3267 (ut
353 3193 496 3276 vocant),
521 3196 545 3254 si
569 3197 707 3275 episcopi
730 3198 794 3255 iure
817 3193 921 3253 divino
945 3211 1028 3272 pres-

108 3278 222 3357 byteris
246 3276 439 3337 sublimiores
462 3284 541 3356 sunt,
564 3296 641 3358 quos
664 3298 732 3340 esse
755 3278 893 3358 collegas
911 3276 1028 3356 episco-

107 3381 214 3440 pcmm
238 3365 383 3438 statuunt,
406 3362 623 3442 multomagis,
646 3363 671 3422 si
694 3383 771 3422 unus
794 3363 958 3441 episcopus
981 3378 1027 3419 ce·

108 3446 179 3504 teris
202 3443 361 3504 sublimior
384 3453 441 3506 est.
485 3443 617 3505 Deleant
644 3465 718 3526 ergo
742 3446 870 3526 primum
893 3463 949 3503 sua
971 3442 1028 3513 De·

372 3588 535 3596 -..-.--—-

181 3655 211 3722 l)
232 3654 261 3706 ln
284 3656 405 3708 editione
430 3656 535 3723 priore:
556 3656 628 3709 llaec
645 3657 700 3710 ille.
722 3659 788 3712 Vide
808 3676 884 3728 ergo.
923 3660 955 3719 2»
977 3660 1027 3713 [ui-

108 3728 185 3779 dem:
204 3729 252 3780 ibi.
290 3728 322 3791 3)
343 3726 463 3779 Ibidem:
483 3730 620 3782 sententia
638 3732 701 3782 lixa.

182 3800 211 3866 r)
231 3798 348 3867 Philipp.
370 3800 394 3853 1.
430 3798 477 3865 ⁰)
500 3797 559 3853 car.
579 3801 604 3854 1.

96 3936 104 3951 ,
136 3899 225 3938 naues
240 3910 289 3948 opp.
306 3902 368 3943 nn.
384 3904 532 3947 aurnuns.
547 3906 562 3947 ι
576 3918 599 3959 ρ.
615 3908 665 3952 vn.
681 3910 722 3952 m.
826 3880 872 3946 Ἃ
