2346 4208
119 239 183 304 144
383 239 540 309 Responsio
560 239 594 296 D.
613 240 647 296 Μ.
667 239 776 293 Luthsrl

120 428 150 490 hi
185 429 256 506 viri,
285 429 485 491 conciliorum
515 430 680 490 autoritate
715 429 825 489 mirum
851 429 886 490 in
915 429 1037 493 modom

120 519 283 589 tumentes,
305 513 402 573 semel
425 514 567 573 universa
589 511 737 587 concilia,
766 518 820 572 ant
845 519 932 574 certe
953 514 1038 576 silon·

120 596 195 656 tium
215 603 394 676 perpetuum
421 592 523 677 (quod
547 595 642 656 multo
665 596 751 675 peius
766 598 831 672 ast)
848 597 1039 663 sermonibus

119 678 160 740 de
181 680 304 739 concilii
327 686 481 759 potestate
503 679 651 740 habendis
673 678 818 743 indicent.
843 678 910 741 'Sic
931 680 1041 743 debant

120 781 222 842 ruere,
250 764 300 842 qni
323 762 434 822 Christi
458 763 670 823 sacratissimis
700 762 822 823 statutis
855 764 905 823 sui
935 765 1040 846 capitis

122 846 223 906 fumos
246 852 446 926 anteponunt.
491 847 532 906 At
552 846 631 906 forte
660 844 798 906 rudiores
827 854 916 923 sunt,
954 867 1041 928 qnam

123 937 155 990 ut
175 928 253 988 haec
274 929 464 1008 intelligant,
487 949 578 1010 agam
601 947 669 989 cum
692 931 737 988 eis
759 948 799 989 ex
821 949 880 989 sua
900 949 1041 1010 praeran-

120 1010 199 1091 cida,
222 1030 377 1091 nunquam
402 1019 504 1072 tamen
528 1013 572 1073 eis
595 1012 754 1072 intellecta
776 1010 954 1079 dialectica.

203 1094 326 1170 Quaero
348 1097 467 1179 itaque:
503 1095 535 1156 Si
562 1096 666 1154 asinus
703 1094 832 1156 haberet
860 1116 986 1177 pennas
1015 1103 1042 1177 et

120 1178 254 1256 volaret,
277 1179 348 1238 mihi
371 1178 463 1239 liceat
485 1179 587 1240 dicere
608 1179 674 1238 sine
696 1188 843 1258 peccato,
878 1199 931 1241 me
955 1180 1040 1253 velle,

121 1268 155 1323 ut
175 1263 278 1321 asinus
303 1261 430 1340 volaret,
453 1263 478 1320 si
500 1262 626 1323 haberet
643 1281 769 1342 pennas.
814 1262 859 1322 lta
882 1269 915 1324 et
937 1264 1001 1342 hic,
1019 1265 1040 1324 si

121 1344 286 1412 concilium
309 1344 621 1425 definiretntramqne
637 1344 769 1405 dandam
792 1346 945 1426 speciem,
969 1354 1041 1408 nhn·

121 1448 181 1508 que
203 1431 322 1508 species
346 1428 477 1490 daretur.
509 1428 642 1506 Quaero,
665 1448 704 1488 an
728 1427 801 1489 mihi
814 1427 910 1490 liceat
933 1430 1041 1508 disere,

121 1531 171 1572 me
193 1518 310 1592 optare,
333 1519 492 1591 utramque
514 1514 649 1592 speciem
671 1511 746 1590 dari,
770 1513 795 1571 si
812 1513 984 1575 concilium
1005 1514 1042 1575 its

122 1593 331 1676 definiretlli
363 1595 403 1655 m
436 1595 508 1674 quid
536 1593 620 1655 aliud
648 1614 733 1655 meus
763 1613 865 1655 sermo
900 1596 1041 1677 loquitur,

122 1697 213 1758 quam
235 1678 315 1739 hono
337 1678 600 1740 conditionalem?
641 1678 681 1739 Et
702 1677 774 1757 qnid
796 1678 882 1738 aliud
904 1681 1041 1741 crimina·

120 1770 170 1823 tur
197 1764 257 1823 ista
283 1762 487 1824 insulsissima
513 1761 737 1842 rudissimaque
770 1761 923 1823 schedula
954 1764 1041 1824 schis-

123 1848 279 1924 maticum,
292 1844 518 1922 seandalosnm,
529 1854 828 1926 praesumptuosum,
837 1849 1041 1924 temerarium,

122 1949 215 2009 quam
236 1929 316 1990 hano
338 1930 528 1990 verissimam
552 1930 781 2010 piissimamque
796 1928 1041 1993 conditionalem

122 2013 389 2094 propositionem?
423 2012 484 2074 sed
511 2014 571 2073 iste
593 2019 640 2073 est
660 2011 729 2072 linis
752 2011 964 2075 scholasticae
985 2013 1042 2095 phi·

121 2095 363 2176 losophicaeque
406 2095 593 2177 theologiae.
658 2095 710 2157 Sic
758 2097 885 2175 ingenia
931 2099 1044 2180 optime

121 2179 366 2240 adolescentium
388 2180 543 2255 imbuunt,
575 2186 608 2239 ut
631 2180 854 2259 quamprimum
878 2186 972 2242 extra
993 2182 1045 2242 usi·

120 2270 215 2323 tatum
240 2264 415 2343 exemplum
440 2265 553 2323 versati
575 2264 698 2338 fuerint,
719 2262 798 2322 adeo
819 2262 895 2323 nihil
921 2264 962 2324 de
985 2265 1044 2325 dia·

121 2346 232 2406 lectica
245 2367 301 2407 sun
321 2347 504 2426 intelligant,
529 2355 559 2406 ut
582 2347 689 2406 similis
709 2345 911 2424 eiusdemque
930 2347 1044 2409 formas

121 2430 252 2490 eundem
276 2431 489 2510 syllogismum
512 2432 543 2489 in
568 2449 627 2490 nno
651 2429 795 2510 exemplo
815 2431 954 2508 probent
967 2431 1044 2493 Chri·

121 2514 263 2592 stichum,
286 2514 481 2590 catholicum,
504 2513 687 2577 salutarem:
720 2515 750 2572 in
775 2511 874 2575 altero
898 2512 1045 2576 damnent

120 2598 365 2673 schismaticum,
401 2597 637 2673 scandalosnm,
671 2597 868 2675 seditiosum,
899 2606 1044 2660 aeternae

120 2683 226 2742 mortis
248 2681 445 2741 inductivum.
496 2682 605 2758 Forte,
633 2681 716 2760 quod
750 2678 830 2759 apud
862 2699 941 2762 eos,
974 2683 1045 2744 sicut

122 2765 272 2825 nullarum
293 2784 393 2824 rerum
416 2784 516 2844 neque
538 2767 647 2826 artium
675 2771 722 2825 est
747 2764 840 2822 ullum
870 2764 1044 2839 discrimen,

102 2846 165 2908 ‘ita
194 2855 225 2909 et
250 2849 429 2909 eudemius
453 2850 492 2909 sit
514 2868 598 2909 error
620 2854 651 2908 et
672 2849 802 2922 veritas,
833 2847 897 2908 vita
921 2857 1045 2912 aeterne

122 2939 154 2992 et
175 2951 257 2992 mors
285 2938 419 2995 aeterna.
470 2932 577 3012 Itaque
609 2931 691 2992 hanc
723 2928 990 2996 conditionalem:
1019 2931 1045 2994 si

121 3017 225 3076 asinus
247 3016 374 3075 haberet
395 3035 523 3095 pennas,
548 3018 652 3075 asinus
677 3014 810 3093 volaret,
842 3013 928 3076 forte
953 3019 1045 3078 sciunt

121 3100 170 3160 vel
193 3119 249 3160 usu
273 3100 396 3159 tandem
421 3100 632 3160 callosissimo.
678 3098 739 3159 Sed
768 3097 827 3156 duc
858 3117 917 3159 eos
950 3102 983 3162 in
1004 3118 1044 3161 res

122 3185 217 3244 serias
240 3182 349 3243 eadem
371 3185 477 3264 regula
506 3183 697 3259 dialecticae,
726 3182 844 3242 scilicet
871 3183 905 3241 in
931 3202 1044 3246 sacram

122 3265 330 3348 Scriptorum,
355 3286 428 3327 mox
450 3268 564 3328 facient
597 3266 650 3328 tibi
673 3286 712 3326 ex
736 3266 858 3326 Christo
878 3265 1044 3337 diabolum,

122 3370 162 3410 ex
185 3351 274 3412 coelo
305 3350 471 3430 infernum,
498 3371 537 3410 ex
567 3350 628 3411 fide
656 3349 817 3410 haeresim.
875 3349 920 3410 Et
951 3359 1043 3414 tamar

124 3436 232 3495 mirum
266 3442 314 3494 ost
341 3454 432 3513 quam
469 3434 640 3512 turiant²)‚
676 3434 701 3493 si
736 3431 861 3511 quando
884 3438 1043 3514 gemimus

121 3537 286 3597 puerorum
310 3519 441 3597 optimas
471 3520 589 3579 animas
612 3517 698 3598 perdi
720 3517 767 3576 his
790 3534 897 3577 eornm
926 3517 1043 3601 perditis

165 3794 171 3803 ‘
196 3802 222 3863 1)
242 3799 272 3851 In
292 3797 334 3851 ad.
355 3798 445 3865 orig.:
466 3795 608 3847 diffiniret
647 3793 680 3858 2)
704 3790 897 3847 inediam:
921 3796 1016 3849 furni.
