2346 4208
443 284 462 321 a
479 268 600 323 notariis
618 272 742 337 excepta.
978 266 1041 337 143
1128 249 1133 269 ’

129 457 253 537 pliorem.
285 456 363 519 (lum
383 454 467 536 apud
488 474 597 517 omues
619 463 741 516 oonstst
766 456 889 536 onlpam
911 476 974 518 non
995 477 1041 521 re·

130 541 202 619 mitti,
222 541 317 605 etism
338 540 493 601 venialem
513 540 580 599 sine
600 545 770 619 augmento
792 541 927 620 gratiae,
957 548 989 603 et
1008 543 1040 603 in

130 625 294 703 purgatorio
328 623 435 704 eulpas
463 623 576 682 remitti
612 622 726 684 scribat
753 622 841 682 divus
873 622 1040 704 Gregorius

130 708 153 767 in
170 706 362 787 dialogorum
383 709 421 786 4,
448 711 480 766 et
499 707 644 767 reoitstur
665 705 735 766 dist.
758 709 808 771 25.
830 724 897 766 ean.
930 707 1040 786 qualis,

130 790 164 850 sio
182 796 284 853 umen
306 788 368 851 hoo
379 808 496 869 assero,
518 795 552 848 ut
571 807 628 868 pro
646 789 944 868 opinionehabeam,
966 791 1040 870 imo,

130 882 155 933 ut
169 873 274 953 fatear,
296 891 353 954 pro
376 872 561 953 ignorantia.
589 871 654 933 Soli
676 873 743 933 Deo
766 873 860 934 oredo
882 874 1040 954 cognitum

129 975 185 1019 ese
205 964 321 1021 statum
343 957 513 1017 animarum
536 955 567 1015 in
587 956 776 1035 purgatorio.

193 1038 244 1101 Ad
265 1040 388 1101 tertium
400 1038 569 1120 principale
585 1037 625 1099 de
646 1040 775 1099 seientia
795 1039 901 1099 salutis
923 1059 1040 1119 aarum,

127 1122 168 1187 nbi
198 1123 323 1189 induxit
354 1123 453 1204 primo
484 1122 616 1202 Apoeal.
643 1123 782 1202 quintum
819 1130 931 1203 eaput,
955 1123 1038 1202 quod

126 1226 203 1269 neno
223 1209 369 1269 inventus
393 1212 520 1267 estnec
541 1206 572 1265 in
594 1206 702 1284 ooelo,
725 1226 783 1267 neo
803 1207 835 1267 in
859 1214 955 1285 terra,
980 1226 1039 1269 neo

126 1289 217 1353 subtus
238 1297 371 1368 terram,
392 1290 445 1369 qui
466 1289 576 1370 dignus
599 1296 682 1351 esset
702 1291 821 1370 aperire
843 1290 964 1370 librum,
987 1309 1039 1353 vo·
1140 1349 1148 1361 ,

125 1373 179 1435 lens
198 1393 256 1455 per
277 1372 385 1445 subtus
407 1378 518 1434 terram
540 1372 712 1452 intelligere
737 1375 970 1454 purgatorium,
1007 1381 1040 1435 ut

126 1457 234 1538 inquo
273 1464 305 1518 et
326 1456 492 1535 aliquando
516 1457 614 1516 saneti
635 1457 691 1517 viri
713 1456 849 1536 fuerunt,
884 1458 964 1518 siout
984 1457 1039 1518 Pa·

116 1538 248 1609 'udnsius
271 1547 303 1603 et
323 1539 510 1601 Severinus:

192 1625 284 1702 oreo,
308 1622 391 1703 quod
413 1622 492 1684 boso
512 1621 618 1702 glossa
631 1622 827 1682 autoritatem
850 1642 913 1683 non
935 1623 1036 1702 babet,

129 1705 180 1771 ideo
215 1707 328 1769 eadem
363 1706 510 1767 facilitate
532 1705 759 1783 contemnitur,
794 1725 855 1784 qua
882 1706 1038 1786 probatur.

128 1788 222 1853 luteor
244 1789 391 1871 quidem,
425 1790 556 1852 sanatos
579 1788 611 1847 in
633 1789 812 1869 purgatorio
834 1789 944 1868 brisso,
975 1791 1038 1853 imo

126 1873 226 1935 nullum
263 1877 296 1935 in
324 1875 503 1954 purgatorio
527 1890 618 1949 esse,
651 1871 710 1931 nisi
732 1870 887 1933 Sanctum.
930 1872 1040 1934 Posset

124 1973 183 2038 orgo
205 1958 421 2021 contentiosus
443 1956 562 2032 dicere,
592 1953 699 2015 subtus
722 1961 833 2016 terram
856 1975 924 2016 esse
945 1956 1038 2037 idem,

124 2041 192 2118 quod
214 2041 375 2118 infernus,
409 2040 461 2102 vel
482 2037 643 2120 quodlibet
664 2037 763 2116 aliud,
802 2044 835 2099 ut
870 2039 952 2119 quod
980 2059 1039 2101 nso

123 2121 301 2201 daemones,
324 2124 553 2200 neo'homines,
576 2139 635 2182 neo
655 2120 757 2201 angeli
778 2124 900 2202 possint
920 2126 1045 2203 aperire·

123 2205 234 2287 librum,
265 2209 345 2269 siout
373 2207 504 2284 dieitur,
534 2205 613 2265 trina
642 2224 742 2264 rerum
773 2206 915 2266 maehina
936 2208 1039 2268 colere

121 2288 223 2370 Deum3
247 2298 280 2352 et
300 2290 383 2370 apud
405 2290 580 2371 apostolum
605 2287 640 2367 ²⁸)
667 2296 728 2347 tarn
751 2289 915 2368 eoelestia,
947 2310 1037 2369 quam

122 2377 276 2452 terrestria,
299 2393 391 2454 quam
413 2374 532 2434 inferna
553 2391 635 2453 genu
657 2371 797 2449 fleotere3
832 2374 984 2452 siquidem
1007 2383 1038 2434 et

121 2454 281 2520 daemones
297 2457 614 2533 contremiseunt**),
636 2455 710 2534 im0‚
732 2457 806 2515 utin
830 2457 940 2517 eodem
957 2457 1035 2521 libro

121 2541 217 2602 modus
241 2541 423 2622 est,Subtus
446 2547 568 2618 terram,
591 2538 744 2618 signifieat
773 2540 864 2599 etism
888 2547 1036 2620 mortuos,

120 2629 146 2683 ut
162 2625 236 2685 dioit
256 2627 288 2684 in
313 2625 374 2685 alio
398 2624 549 2704 capitulo:
572 2623 666 2682 Terra
687 2622 772 2682 dedit
793 2631 930 2684 mortuos
953 2645 1035 2703 suos,

121 2715 145 2766 et
160 2709 297 2768 infernus
321 2708 406 2768 dedit
428 2714 565 2767 mortuos
589 2725 671 2765 suos.

190 2791 283 2867 Quod
304 2797 408 2852 autem
430 2798 594 2870 sequenter
628 2789 744 2848 induoit
767 2809 894 2853 omnes:
926 2792 1035 2853 (lanta-

120 2869 182 2937 bant
202 2877 234 2935 in
257 2876 367 2952 coelo,
397 2880 428 2935 et
449 2876 479 2935 in
503 2880 583 2933 terra
604 2880 635 2932 et
656 2874 762 2933 subtus
784 2882 906 2954 terram,
928 2875 1035 2956 despe-

121 2965 209 3020 rantes
232 2966 337 3019 autem
360 2979 422 3019 non
447 2965 572 3018 cantare
593 2975 706 3035 posse,
735 2959 931 3036 respondeo:
965 2959 1034 3020 Non

122 3038 173 3101 dixi
192 3044 313 3104 animas
336 3042 502 3122 desperare
524 3060 668 3120 unquam,
691 3040 746 3100 sed
760 3043 882 3119 quando
906 3063 967 3102 una
988 3063 1035 3104 ee·

122 3123 221 3186 desine
240 3125 513 3187 sententiaeadem
536 3134 584 3184 est
604 3143 707 3204 poene
728 3125 892 3186 interorum
915 3134 947 3186 et
967 3148 1034 3206 pur·

123 3212 240 3288 gatorii,
271 3209 336 3270 dixi
357 3229 410 3270 eas
434 3209 549 3268 similes
571 3228 641 3268 esse
663 3207 854 3290 desperatis,
877 3211 1033 3289 quomodo

124 3287 250 3371 leguntur
272 3302 303 3354 et
325 3295 355 3353 in
378 3293 437 3353 bao
459 3294 520 3352 vita
533 3292 656 3371 quidam
680 3294 788 3353 tentati
809 3295 903 3354 fuisse
925 3294 1033 3374 despe-

124 3377 235 3456 ratione,
258 3379 343 3437 utin
366 3377 514 3437 Psaltsrio
535 3378 567 3436 in
591 3375 692 3438 multis
714 3376 807 3436 locis:
841 3379 888 3439 Ne
910 3387 1033 3439 avertas

126 3454 218 3519 taciem
240 3467 323 3521 tuam
347 3480 366 3520 a
388 3481 458 3537 me,
493 3467 523 3519 et
550 3461 754 3523 assimulabor
776 3460 1032 3525 descendentibus

126 3538 270 3604 iulaonm.
299 3543 421 3605 Deinde
444 3551 568 3607 eantare
591 3545 735 3625 Domino,
758 3566 820 3607 non
844 3567 965 3627 semper
986 3555 1033 3609 est

155 3805 181 3869 ⁸)
199 3809 293 3879 Philip.
314 3811 340 3865 2.
379 3810 427 3873 ”t
444 3812 539 3866 Jacob.
558 3814 584 3867 2.
