2346 4208
123 284 190 352 310
406 277 477 331 Asta
496 272 583 328 nean.
603 269 785 326 Lovauieusts

126 469 346 551 superstitione
378 469 410 525 et
446 459 598 543 pestiferis
629 455 789 518 hominnm
818 448 1048 549 traditiunculis.

125 556 233 633 ltaque
255 554 419 611 instructus
443 545 538 606 literis
556 539 722 624 pontificiis
744 555 844 618 nuper
866 540 965 613 vemt,
986 552 1046 616 per·

125 639 243 700 diturus
267 639 433 712 (quantum
454 634 577 710 potest)
600 625 719 705 optima
740 637 897 700 quaeque.
923 617 1013 678 Vale.

259 733 292 796 ld
315 751 371 794 vos
394 728 543 792 candidos
566 726 712 786 Lectores
733 722 813 783 scire
828 720 927 782 volui.

179 872 277 933 Acta
298 859 832 1006 Academiaelpovanisnsis
855 862 1007 917 contra

479 948 551 1009 Lnt
582 963 696 1006 erum.

495 1065 537 1126 Μ.
556 1063 596 1125 Ι).
618 1062 684 1122 ΧΧ.

212 1187 303 1249 Nunc
324 1185 459 1245 maxime
488 1183 586 1243 servet
607 1178 789 1241 stolidorum
812 1198 853 1242 ac
872 1182 1052 1243 firriosornn

136 1273 284 1354 tyrannis,
308 1267 465 1329 Aleander
477 1265 605 1326 Lovanii
625 1283 681 1343 per
701 1261 881 1328 carnificem
903 1265 1053 1346 publicum

133 1376 170 1418 ac
195 1361 404 1436 promotorem
433 1349 529 1410 libros
560 1348 681 1424 aliquos
702 1353 822 1411 exussit
843 1353 877 1411 in
899 1351 990 1429 foro,
1010 1367 1052 1410 eo·

130 1440 199 1500 dem
215 1437 275 1514 die,
298 1454 359 1515 quo
370 1434 437 1494 Rex
449 1432 591 1493 discessit
604 1430 753 1506 Lovanio,
777 1441 811 1495 ut
822 1433 933 1495 dicere
947 1433 1052 1514 possin

130 1524 217 1602 Rege
239 1526 403 1600 praesente
420 1516 544 1577 factum.
566 1514 737 1575 Tentarnnt
760 1518 845 1579 idem
858 1517 1053 1597 Antverpise,

132 1606 187 1666 sed
209 1604 328 1664 frustra.
371 1599 573 1660 Hochstratns
601 1598 757 1662 restitutus
792 1607 843 1661 est
868 1603 902 1661 in
929 1599 1052 1662 offldun

132 1687 337 1768 inquisitoris,
359 1691 391 1743 et
412 1682 479 1743 dira
501 1684 635 1741 minatur
657 1683 810 1761 omnibus,
833 1685 886 1763 qni
910 1682 1053 1746 illamBe

133 1774 222 1832 stiam
244 1788 307 1830 non
329 1766 495 1828 adorarint.
538 1765 655 1844 Dorpio
669 1767 773 1844 palam
790 1769 956 1828 minantur
965 1764 1054 1828 Theo·

133 1855 198 1935 logi
226 1852 454 1928 Lovanienses,
494 1868 527 1908 se
555 1850 708 1909 electuros
728 1851 814 1911 illum
851 1850 1022 1932 eSynago

132 1937 380 2016 Theologomm,
402 1933 434 1991 ni
455 1938 594 1992 recantet
615 1932 802 2010 orationem,
843 1953 945 2014 qnam
973 1933 1021 1995 edi

134 2039 241 2102 nuper,
263 2021 296 2078 iu
317 2036 378 2097 qua
399 2015 536 2076 laudavit
549 2015 720 2095 linguarum
742 2018 896 2097 peritiam.

220 2103 282 2163 Res
303 2107 375 2162 acta
397 2105 445 2160 est
466 2117 504 2159 ea
524 2099 662 2175 ratione,
694 2119 755 2179 qua
776 2100 939 2181 Theologi
967 2097 1056 2160 solent

139 2187 253 2248 omnia.
298 2185 481 2244 Convocata
515 2189 562 2242 est
583 2181 776 2244 Universitas
805 2184 864 2245 snb
889 2185 1055 2244 iuramento

140 2272 171 2330 in
194 2267 288 2329 aedes
310 2267 473 2343 Rectoris,
507 2284 586 2345 quae
608 2284 667 2326 nec
688 2286 799 2346 capere
821 2273 976 2347 poterant
996 2265 1056 2328 Uni·

135 2353 326 2425 versitatem,
348 2350 474 2429 languet
495 2350 576 2409 euim
588 2348 703 2410 Rector
719 2350 997 2427 Rosemundanus,
1017 2348 1057 2428 qni

134 2454 215 2496 nunc
250 2434 387 2494 declarat
408 2432 506 2512 qualis
539 2440 610 2492 ante
632 2433 730 2495 inerit.
774 2433 851 2494 (lum
884 2440 974 2495 esset
998 2450 1058 2492 cou-

135 2523 264 2601 gregata
286 2517 494 2593 Universitas,
517 2524 549 2575 ut
572 2515 726 2594 audirent,
751 2536 831 2596 quae
854 2519 1059 2598 proponerent

137 2603 239 2663 nuncii
257 2599 443 2681 Apostolici,
464 2619 525 2660 non
541 2607 788 2679 comparuerunt,
809 2600 869 2659 nisi
896 2599 962 2661 dno
984 2598 1058 2658 mini

137 2687 191 2747 stri
207 2684 370 2764 barbatuli,
391 2683 523 2759 futntnli‚
547 2689 576 2742 et
598 2683 877 2746 exhibentBullam
901 2683 990 2744 illam
1012 2688 1058 2742 ten

136 2768 252 2829 rifioam
274 2766 402 2827 Lovanii
423 2774 537 2842 natam,
559 2786 620 2826 una
642 2786 711 2828 cum
724 2766 909 2846 exemplari,
934 2774 977 2842 et,
999 2782 1058 2826 con

136 2853 222 2928 ferte,
243 2851 392 2931 inquiunt.
417 2849 505 2909 Bulla
521 2849 602 2910 lecta
624 2857 680 2929 est,
701 2849 743 2912 ibi
758 2849 930 2912 sedebatur
952 2848 1059 2910 duabus

138 2933 237 3011 horis,
273 2933 349 2994 nihil
370 2932 454 2992 alind
475 2931 614 2994 definivit
634 2934 845 3010 Universitas,
881 2952 979 3012 quem
1003 2930 1060 2993 Bul

139 3017 198 3077 lam
220 3017 327 3078 haberi
347 3036 402 3097 pro
424 3016 515 3078 lecta.

220 3099 372 3161 Postridie
383 3099 535 3179 Theologi
559 3119 613 3179 per
636 3100 870 3179 deputatiouem
890 3118 982 3159 suam
1004 3114 1060 3178 pro

139 3182 269 3260 cedunt,
300 3181 428 3262 perinde
449 3184 536 3262 quasi
557 3190 624 3244 tota
645 3203 694 3243 res
718 3188 801 3243 esset
823 3188 897 3242 acta
920 3203 981 3263 per
1000 3179 1060 3243 Uni

138 3268 324 3344 versitatem,
347 3285 416 3326 cum
440 3266 664 3328 necAleander
686 3264 828 3326 docuerit
850 3263 892 3326 de
917 3286 977 3326 sna
989 3282 1059 3326 eon

80 3416 83 3421 ,
139 3351 295 3428 missione,
318 3368 377 3410 nec
400 3350 490 3410 Bulla
512 3350 551 3409 sit
572 3350 749 3411 examinata
772 3347 810 3409 sb
834 3349 894 3426 iis,
919 3369 939 3410 a
963 3347 1061 3430 quibu

139 3434 292 3513 oportuit,
316 3451 374 3492 nec
397 3433 568 3514 approbata
589 3453 644 3513 per
666 3451 789 3503 omnes,
813 3432 899 3491 sicut
922 3430 1060 3514 oportuit

138 3517 169 3575 in
198 3536 231 3577 re
259 3522 344 3576 tenta
373 3515 440 3577 libri
462 3517 581 3596 aliquot
613 3522 684 3577 sunt
715 3514 814 3576 exusti
836 3515 868 3574 in
893 3515 987 3595 loru,
1018 3509 1059 3575 sod

138 3598 305 3660 ridentibus
328 3599 479 3661 omnibus.

220 3681 441 3743 Edmuudanus
468 3684 498 3742 in
522 3682 571 3743 die
593 3681 733 3762 Dionysii
767 3679 946 3742 orationem
970 3678 1059 3743 bubni

139 3764 223 3845 apud
245 3765 393 3847 populum
418 3767 486 3849 ipso
509 3765 645 3846 diguam,
668 3764 729 3825 hoc
751 3769 809 3842 est,
832 3764 966 3827 stultam
989 3761 1057 3828 aa
