2346 4208
190 251 233 320 24
395 212 457 308 λΛᾶ·
473 252 676 326 Aegoceroteui
697 252 882 310 Emsaranum

191 439 291 523 telligi
312 440 457 518 volabas,
480 441 533 502 tibi
555 440 750 502 scribendum
773 446 879 522 aperte
901 449 981 519 erat,
1002 439 1034 500 id
1056 447 1110 519 sat,

191 523 353 587 Martinum
371 543 441 585 esse
453 525 652 599 haematinum,
675 526 719 585 sio
733 526 851 606 egisses
864 525 921 584 riri
943 526 1111 586 eonstautis

193 613 226 668 et
245 608 334 689 probi
356 607 501 669 offloium.
545 607 624 682 Quid
654 609 735 668 enim
762 608 856 669 refert
881 608 953 671 illos
975 609 1111 669 aoousari

191 690 232 752 de
253 691 384 769 haeresi,
407 693 458 770 qui
480 691 520 752 de
541 697 673 770 patrono
695 711 751 770 per
770 698 802 752 te
824 691 949 754 laudato
981 692 1112 772 glorian·

192 773 262 835 turi
280 774 352 835 Non
373 776 492 854 cogitas
514 775 670 835 Bohemos
691 793 761 835 esse
780 775 942 851 homiues,
975 793 1039 836 nou
1060 794 1112 856 pe·

192 857 296 934 audes,
321 859 372 936 qui
394 857 434 918 ad
457 857 655 939 Aegocerota
675 866 759 919 tuum
783 857 900 919 dicant:
933 857 1013 934 Quid
1028 877 1112 920 eou-

193 941 271 1002 iutst
290 940 341 1001 bie
369 941 469 1003 olidus
491 941 603 1002 hirsus.
646 941 727 1016 Quid
749 941 806 1002 sibi
828 942 887 1021 ipsi
909 941 1112 1003 eontradioiti

191 1024 242 1084 An
263 1025 457 1104 persequitur
477 1025 695 1085 Hireoeervum
730 1032 762 1085 et
779 1025 971 1085 Chimaeram
995 1025 1110 1086 aarabri

192 1108 250 1182 sui,
272 1114 304 1167 st
324 1107 480 1169 Bohemos
502 1129 521 1169 a
548 1127 582 1168 ss
611 1109 643 1168 in
665 1127 776 1169 somno
796 1108 967 1169 formatos?
1009 1108 1112 1170 Nubes

193 1198 225 1250 et
251 1191 356 1250 insuia
393 1197 506 1271 ouptat.
573 1190 638 1252 Nos
672 1211 740 1252 eum
764 1191 926 1251 Martinam
951 1193 1112 1270 iactamus,

193 1291 283 1352 quem
305 1281 338 1334 tu
359 1274 544 1335 oatholieum
575 1276 695 1338 astruis.
740 1274 820 1349 Quid
848 1274 938 1335 nobis
965 1274 1005 1335 da
1032 1294 1111 1336 erro

192 1355 298 1417 ribus?
340 1357 495 1438 Dogmata
518 1358 641 1419 Martini
669 1357 851 1438 probamus,
887 1376 967 1437 quae
989 1358 1111 1439 Lipsiae

192 1445 317 1518 tutatur,
340 1447 371 1501 et
391 1439 503 1501 libellis
526 1440 615 1501 editis
637 1440 829 1522 invulgavitl
860 1441 907 1501 Tu
929 1460 998 1501 oum
1021 1440 1111 1502 larris

190 1540 326 1604 pugnas,
349 1531 381 1584 et
400 1523 546 1584 ridioulus
577 1524 703 1584 ououlus
731 1543 774 1585 es.
827 1523 907 1598 Quid
941 1524 992 1584 hia
1019 1524 1111 1602 diaes,

190 1604 334 1667 Rufline‘l
357 1607 406 1666 An
429 1609 500 1686 quia
519 1606 665 1667 saoerdos
680 1608 804 1667 Domini
818 1625 862 1683 ss,
884 1607 941 1666 ibis
964 1608 1111 1688 gaudens,

192 1688 276 1769 quod
299 1689 410 1771 diguus
432 1692 473 1750 sis
496 1690 714 1751 coutumeliam
732 1691 796 1770 pati
820 1709 876 1769 pro
892 1691 1028 1752 Domino
1049 1699 1111 1768 tuo,

191 1790 230 1833 eo
253 1773 380 1850 soilieat,
403 1776 454 1851 qui
478 1780 526 1834 est
548 1779 636 1853 pater
657 1773 824 1851 mendacii,
854 1775 940 1833 euius
962 1775 1048 1834 tuin
1071 1774 1110 1832 di·

189 1855 307 1916 aendae
328 1856 464 1916 veritatis
486 1856 646 1917 lunatione
668 1858 754 1917 testis
776 1856 833 1916 es?

272 1937 362 2012 Quod
390 1940 415 1998 si
444 1938 591 2019 dogmata
626 1959 695 1999 mea
728 1945 759 1999 et
787 1945 819 1999 tu
846 1956 920 1998 vera
947 1937 1110 2016 arbitraris,

191 2020 340 2103 plaudant
353 2021 492 2100 Bobemi,
515 2021 597 2101 quod
619 2025 753 2102 patrono
765 2022 957 2101 Hieronymo
971 2021 1110 2101 Emsero,
1151 2019 1159 2038 “

190 2103 301 2165 Christi
332 2104 493 2165 sacerdote
522 2113 553 2165 at
580 2112 659 2165 teste
687 2107 838 2182 veritatis,
866 2103 1035 2184 probantur
1063 2122 1110 2164 aa·

189 2187 294 2247 tboliei
319 2191 349 2248 et
362 2187 622 2266 Christianissimi,
646 2190 751 2268 utqui
774 2207 829 2268 pro
848 2189 977 2247 veritate
988 2185 1110 2268 publiea

189 2288 277 2330 saera
297 2270 443 2331 feserunt.
487 2272 624 2332 Maereat
639 2272 749 2350 Roma,
772 2272 905 2331 insaniat
917 2270 1030 2331 Eoeius
1052 2271 1109 2331 lor·

190 2353 325 2413 tissimus
355 2353 538 2435 theologus,
573 2354 680 2414 infelix
707 2355 868 2415 Romanae
905 2353 1058 2413 ecelesiae
1081 2360 1110 2413 et

188 2434 276 2496 Sedis
298 2437 490 2516 apostolieae
512 2437 666 2510 defensor,
690 2438 892 2518 Aegocerotis
913 2436 1003 2497 huius
1025 2451 1108 2517 prae·

164 2525 311 2606 Nseptor,
341 2520 424 2598 quod
452 2523 648 2581 inveniuntur
673 2522 829 2582 Bohemos
864 2519 1054 2579 mendaciter
1080 2526 1109 2579 et

187 2603 292 2681 inique
314 2623 369 2682 pro
396 2604 557 2665 haeretieis
578 2604 733 2680 habuisse,
754 2606 816 2664 imo
841 2603 968 2663 doleant
980 2603 1108 2664 Bohemi

189 2703 208 2745 a
229 2686 380 2747 mendane
412 2695 442 2748 et
464 2687 591 2767 bilingui
613 2707 647 2747 se
668 2687 820 2765 laudatoa
842 2691 874 2747 et
894 2685 1050 2766 gaudeant
1071 2685 1108 2746 ab

183 2769 300 2831 eodem
322 2788 356 2829 se
377 2772 577 2851 vituperatos.
996 2834 999 2838 ,

270 2852 382 2914 Nonne
409 2855 470 2913 iarn
498 2855 619 2932 tuipse
642 2853 792 2912 Patronus
825 2852 923 2911 laetus
956 2871 989 2911 es
1011 2851 1107 2913 Bobe-

190 2955 323 3011 morum,
357 2933 440 3014 quod
474 2955 523 2996 me
557 2942 643 2996 tanta
681 2934 778 2995 bueea
814 2942 904 2995 tonas
936 2934 1108 3014 repulisse?

189 3018 292 3097 Disce,
315 3016 447 3094 Rudiae,
469 3019 543 3079 illud
565 3018 718 3099 Sapientis
730 3017 785 3099 *):
818 3016 877 3091 Qui
900 3016 1035 3096 loquitur
1056 3019 1107 3077 ini·

189 3118 259 3180 qua,
294 3121 357 3162 uon
380 3109 484 3181 potest
505 3103 616 3179 latere,
651 3120 709 3161 neo
738 3102 903 3181 praeteriet
935 3099 1020 3161 illum
1044 3119 1107 3160 aor-

189 3185 304 3265 ripieus
324 3183 481 3263 iudicium,
506 3187 651 3264 quoniam
681 3186 761 3244 auris
785 3184 864 3244 coeli
887 3183 971 3243 audit
995 3185 1107 3258 omnia,

184 3275 219 3328 st
239 3269 291 3348 qui
317 3269 454 3335 eontinet
476 3270 596 3344 omnia,
620 3269 779 3327 seientiam
801 3265 1021 3343 habeamus,
1044 3266 1107 3346 Spi-

186 3352 260 3411 ritus
293 3352 374 3410 euim
398 3351 522 3411 Domini
555 3351 687 3430 replevit
722 3349 827 3411 orbem
863 3355 1021 3410 terrarum.
1070 3348 1109 3410 ut

187 3433 262 3494 illud
276 3432 377 3495 Eoele.
396 3438 445 3499 10:
467 3435 501 3495 Iu
520 3435 710 3514 cogitatione
733 3440 785 3494 tua
807 3453 846 3494 ne
868 3431 1011 3493 debebas
1033 3433 1108 3514 regi,

188 3524 218 3576 et
240 3518 270 3576 in
293 3525 413 3578 seoreto
444 3517 574 3579 aubiauli
611 3519 652 3577 tui
692 3537 754 3579 non
789 3515 984 3578 maledixeris
1013 3514 1108 3593 diviti,

187 3600 257 3679 quia
280 3607 312 3659 et
331 3619 405 3661 aves
428 3601 508 3662 eoali
531 3600 698 3681 portabunt
718 3619 828 3662 voesm
859 3608 960 3676 tuam,
995 3605 1027 3660 et
1058 3599 1109 3680 qui

258 3783 289 3847 ⁸)
314 3783 388 3852 sapi.
408 3784 432 3836 1.
