2346 4208
203 254 266 320 110
436 255 547 312 vescar.
568 256 677 310 Consul.
698 255 734 312 D.
754 258 786 309 ll.
807 256 917 312 lantbert

204 441 477 502 administrationis
500 441 735 521 aequalitatem,
769 450 801 502 ut
831 441 941 522 quibus
965 441 1035 523 plus
1056 458 1123 502 con·

204 526 286 604 tulit,
321 544 384 586 non
412 524 482 586 ideo
511 525 579 586 aliis
609 544 663 586 eos
687 526 846 606 praetulit,
883 526 997 605 quibus
1019 525 1123 585 borum

204 610 271 668 vice
304 609 398 704 animi
433 611 580 669 maiorem
613 609 663 668 vel
698 628 823 688 pacem,
863 609 912 670 val
942 609 1150 670 hilaritatem·

204 690 395 834 o‘mnilrituhis
425 782 527 834 autem
562 774 704 834 omnibus
727 793 795 834 cum
818 773 1008 854 gratitudine
1029 778 1124 834 atten-

203 858 297 918 tanda
319 868 366 917 est
386 857 559 937 largissima
581 857 638 917 Dei
661 876 783 933 manus,
806 866 899 937 atqua
921 863 1032 918 nostra
1049 853 1125 916 infla

204 942 293 1000 mitas
316 940 516 1017 consolanda,
540 941 624 1000 utin
648 941 841 1002 multitudine
862 948 894 1002 et
915 939 1125 1020 magnitudine

204 1022 355 1084 bonorum
378 1042 440 1082 non
464 1024 616 1102 miremur,
639 1026 664 1082 si
687 1025 850 1084 misceatur
872 1023 988 1103 aliqu-id
1012 1021 1124 1082 acerbi·

203 1108 288 1166 tatis:
316 1105 565 1186 quandoquidem
596 1114 627 1167 et
650 1108 851 1187 voluptuariis
880 1105 1059 1167 hominibus
1074 1123 1126 1164 ns·

202 1207 263 1268 qna
288 1195 429 1249 assatura
451 1191 517 1250 sine
547 1191 755 1268 salsamento,
790 1208 890 1269 neque
917 1189 1000 1250 ullus
1033 1188 1125 1248 terme

202 1273 289 1332 cibus
315 1281 419 1352 gratus
447 1281 510 1352 est,
544 1274 596 1352 qui
627 1292 690 1334 non
718 1273 878 1334 acerbiore
903 1275 1055 1352 quopiam
1082 1289 1124 1330 ra

203 1373 280 1436 pore
297 1357 346 1434 sit,
369 1356 418 1416 vel
440 1365 529 1417 natus
553 1357 601 1416 vel
623 1356 775 1417 conditus.
811 1355 901 1417 Adeo
924 1363 1080 1436 perpetua
1097 1359 1127 1414 at

202 1438 272 1498 sola
292 1437 424 1499 dulcedo
446 1438 642 1500 intoleranda
671 1459 720 1500 ras
749 1448 812 1519 cst,
849 1444 883 1499 ut
909 1447 940 1500 et
968 1439 1024 1498 ille
1044 1445 1126 1498 recte

202 1521 344 1582 dixerita
369 1522 478 1583 Omnis
508 1523 649 1602 voluptas
680 1523 858 1582 assiduitate
892 1523 940 1582 sui
971 1520 1125 1581 fastidium

204 1605 299 1685 parit,
335 1612 366 1666 et
387 1607 480 1666 alius:
520 1605 621 1667 Labor
652 1615 698 1666 est
727 1605 848 1666 demum
876 1607 945 1686 ipsa
973 1605 1126 1685 voluptas,

203 1688 337 1766 scilicet,
373 1688 455 1768 quod
478 1690 556 1748 haec
583 1691 645 1748 vita
666 1690 868 1769 impotentior
888 1690 943 1762 sit,
979 1705 1074 1767 quam
1097 1693 1127 1746 nt

203 1773 270 1835 sine
299 1772 449 1842 malorum
480 1781 685 1851 temperatura
707 1773 783 1832 solis
822 1772 911 1833 bonis
941 1771 1000 1838 frui
1030 1769 1127 1852 possit

204 1875 279 1936 prae
312 1857 406 1916 nimia
440 1854 630 1916 abnndantia
661 1855 822 1917 bonorum.
873 1853 963 1916 Unde
997 1863 1033 1914 et
1059 1871 1127 1934 pro·

203 1938 339 1999 verbium
369 1938 442 1999 illud
472 1946 595 1999 natum:
630 1937 783 2020 Oportere
805 1957 877 1998 ossa
898 1955 968 1998 esse
991 1937 1126 2012 robusta,

96 2071 101 2088 ,
152 2033 155 2038 ’
202 2040 282 2101 quae
319 2022 419 2082 lerant
450 2021 516 2082 dies
545 2021 654 2085 bonos.
708 2021 797 2098 Quod
837 2040 896 2102 ego
927 2020 1124 2100 proverbium

202 2106 324 2184 saepius
347 2105 547 2166 considerans
578 2105 744 2166 admiratus
775 2125 858 2182 sum,
895 2122 988 2182 quam
1019 2104 1123 2164 mirans

201 2195 232 2248 et
271 2207 374 2248 veram
408 2190 592 2249 sententiam
627 2188 755 2267 habeat,
791 2196 824 2248 ut
857 2197 929 2248 vota
965 2186 1123 2247 hominum

202 2277 311 2331 contra
348 2279 421 2332 vota
452 2280 604 2351 pugnent,
645 2274 694 2351 qui
729 2290 791 2332 non
826 2272 882 2330 nisi
921 2270 1025 2330 bonos
1062 2270 1124 2329 dias

201 2362 365 2433 quaerant,
398 2374 475 2434 quos
504 2363 604 2415 tamen
634 2355 765 2435 adeptos
789 2355 887 2414 minus
909 2353 991 2413 ferre
1012 2359 1126 2433 queant

202 2456 292 2516 quam
317 2438 425 2498 malos.

285 2520 365 2595 Quid
388 2522 520 2581 enimin
543 2521 590 2581 bis
612 2522 695 2581 Deus
718 2521 806 2580 nobis
829 2517 1048 2598 commendat,
1070 2518 1125 2579 nisi

200 2603 284 2684 quod
317 2606 348 2663 in
380 2607 455 2685 ipsis
489 2606 580 2666 etiam
618 2605 749 2664 inimicis
783 2604 880 2663 crucis
911 2603 1063 2663 mirabilis
1088 2603 1126 2662 rit

201 2707 290 2766 crux,
323 2695 440 2748 utnon
473 2708 562 2748 secus
590 2688 669 2748 illius
695 2688 831 2766 reliqniis
856 2692 1001 2766 oporteat
1023 2686 1125 2746 omnia

201 2778 373 2852 temperare
396 2781 427 2832 et
448 2770 656 2850 sanctificare,
679 2791 718 2831 ne
741 2777 878 2850 pereant,
901 2788 993 2848 quam
1018 2786 1125 2829 aarum

202 2856 267 2915 sale
289 2854 430 2933 condire,
471 2875 510 2915 ne
538 2854 729 2914 verminant?
772 2854 813 2915 Ut
844 2852 916 2931 quid
946 2871 1024 2932 ergo
1048 2851 1126 2912 hanc

201 2946 439 3017 temperaturam
465 2958 484 2999 a
506 2940 574 2998 Deo
598 2940 721 2998 missam
751 2957 814 2997 non
842 2936 1049 2996 libentissime
1079 2953 1124 2996 aa

201 3028 377 3101 captamus,
400 3041 490 3101 quam
514 3023 570 3082 nisi
593 3021 645 3081 ille
669 3021 821 3095 mitteret,
841 3021 998 3100 impotens
1022 3026 1127 3079 nostra

202 3106 393 3184 voluptatum
434 3112 465 3165 et
499 3104 649 3166 bonorum
685 3105 749 3164 vita
785 3109 897 3183 sponte
931 3099 1126 3163 accerserat?

201 3188 247 3248 lta
269 3188 319 3266 lit,
355 3198 388 3249 ut
411 3189 586 3263 videamus,
621 3207 710 3267 quam
745 3206 819 3247 vere
846 3185 885 3245 de
915 3186 983 3245 Deo
1018 3185 1127 3245 dixerit

201 3271 346 3351 Sapiens:
370 3271 429 3346 Qui
451 3273 573 3352 attingit
595 3291 614 3330 a
636 3270 697 3331 tine
714 3289 810 3349 usque
830 3270 869 3328 ad
892 3268 984 3328 linem
999 3268 1126 3343 fortiter,

202 3362 234 3415 et
259 3355 395 3435 disponit
429 3357 534 3416 omnia
565 3356 708 3417 suaviter.
757 3354 788 3414 Si
821 3355 901 3413 enim
932 3353 1013 3411 baec
1047 3351 1126 3414 bona

201 3440 416 3520 inspiciamus,
459 3437 620 3518 apparebit
654 3457 757 3497 veram
788 3456 856 3497 esse
890 3435 965 3495 illud
1004 3453 1126 3516 quoquc

202 3521 280 3581 Mosi
304 3522 392 3583 Dent.
416 3525 470 3585 32:
509 3523 645 3583 Portavit
666 3541 733 3580 eum
757 3522 786 3579 in
810 3520 943 3579 humeris
968 3522 1053 3596 suis,
1077 3521 1126 3579 cir·

202 3604 360 3665 cumduxit
389 3626 457 3665 eum
489 3613 520 3666 et
548 3604 713 3665 custodivit
739 3605 825 3683 quasi
852 3601 1002 3682 pupillam
1036 3603 1124 3665 oculi.
