2346 4208
202 247 267 314 ⁸210
390 249 536 306 Truentus
555 249 631 303 luth.
650 249 684 304 de
705 251 752 306 lib.
773 249 939 306 Christiana.

205 434 388 515 originalem
410 433 726 515 Vittembergsnsem,
760 454 840 514 quae
860 455 890 498 a.
915 437 1000 502 1520
1020 435 1123 517 prodiit

206 519 289 578 etin
317 517 442 579 officina
463 518 689 599 typographica
715 519 739 579 1.
762 517 991 601 Grunenbergii
1019 537 1125 580 excusa

205 620 274 662 esse
297 601 432 680 videtur,
455 610 488 662 et
508 601 692 663 contulimus
722 620 790 663 cum
827 621 867 663 ea
888 602 1056 665 editionem
1085 622 1125 663 re·

205 686 370 765 cognitam,
394 704 473 764 quae
496 705 524 747 a.
546 686 626 749 1521
652 679 894 766 Wittembergae
924 688 1041 747 amissa
1069 693 1125 746 est:

204 786 284 847 quae
306 769 385 829 inter
406 769 462 828 has
486 768 637 829 editiones
660 767 804 829 differunt
824 769 1055 832 adnotavimus.

287 851 442 932 Leguntur
463 851 542 911 haec
559 853 672 932 scripta
688 851 783 912 latine
804 853 835 913 in
858 852 929 916 coll.
946 853 1030 933 Opp.
1045 852 1127 914 Luth.

203 933 255 997 lat.
279 935 347 996 Jen.
362 935 386 1012 1,
408 954 435 1013 p.
451 933 513 999 460
531 953 599 1014 sqq.
612 934 758 996 Vittemb.
776 935 810 1013 ΙΙ,
833 939 849 998 1
867 954 935 1016 sqq.
951 935 1127 1019 (collldpp.

202 1016 290 1079 Luth.
305 1017 354 1079 ed.
368 1017 464 1077 Auris.
479 1018 501 1095 Ι,
513 1019 584 1087 255.
599 1017 637 1077 de
654 1017 757 1079 Wette
771 1018 786 1079 I
800 1039 829 1099 p.
842 1017 934 1162 4972,
956 1021 1129 1099 germanice

80 1090 84 1098 ’
202 1101 234 1160 in
258 1099 329 1162 coll.
353 1099 431 1180 Opp.
454 1099 542 1163 Lutb.
565 1120 660 1181 germ.
675 1101 829 1163 Wittemb.
852 1101 1128 1184 vl,48.A1tenb.

201 1183 225 1244 1.
253 1186 323 1248 353.
352 1182 433 1263 Idps.
463 1182 569 1260 xvn,
603 1186 674 1248 299.
704 1185 824 1246 Walch.
854 1185 927 1264 XV,
956 1187 1019 1250 934
1044 1185 1128 1266 (coll.

201 1265 281 1346 Epp.
303 1266 391 1328 Luth.
415 1267 464 1328 ed.
487 1267 526 1327 de
542 1267 681 1328 'Wettel
704 1287 733 1348 p.
757 1269 848 1346 506).

203 1444 403 1600 Epistola
445 1481 493 1575 D.
522 1476 705 1574 Martini
743 1476 926 1575 Luthsri
964 1478 1021 1574 ad
1059 1479 1129 1574 La

312 1621 431 1689 onam
460 1595 511 1690 X.
542 1595 753 1689 Summum
781 1591 1061 1690 Pontificem·

647 1749 681 1813 et

305 1892 311 1915 ι-
345 1865 518 1933 rannus
541 1863 578 1930 us
600 1821 765 1931 nisenus
788 1856 986 1932 christiana.

599 2077 721 2137 «Iesus.

204 2183 300 2245 Leoni
322 2183 451 2244 Decimo
478 2180 620 2244 Pontifici
642 2182 783 2242 Romano
812 2181 960 2242 Martinus
982 2181 1128 2243 Luthems

237 2268 368 2328 salutem
397 2269 428 2328 in
452 2267 572 2327 Christo
595 2266 669 2324 Jesu
694 2265 821 2326 domino
846 2272 964 2326 nostro.
989 2267 1102 2329 Amen.

292 2387 372 2445 lnter
392 2391 531 2445 monstra
555 2383 644 2442 huius
668 2383 784 2461 seculi,
817 2401 885 2443 cum
920 2381 1033 2461 quibus
1064 2382 1128 2443 mihi

205 2469 266 2528 iam
290 2468 321 2526 in
346 2471 467 2529 tertium
489 2487 602 2527 annum
625 2486 674 2526 res
697 2473 728 2526 et
749 2466 863 2526 bellurn
886 2472 943 2544 est,
963 2485 1064 2548 cogor
1084 2466 1129 2526 ali-

204 2551 327 2631 quando
361 2557 392 2611 et
427 2551 466 2612 ad
496 2558 526 2611 te
556 2552 712 2630 suspicere
740 2550 844 2629 tuique
866 2548 1042 2630 recordari,
1073 2550 1128 2611 Leo

203 2642 291 2715 pater
312 2634 504 2713 beatissime3
534 2635 596 2694 imo
620 2652 687 2692 cum
711 2640 742 2693 tu
766 2632 850 2694 solus
872 2632 947 2692 mihi
969 2631 1046 2693 belli
1069 2652 1128 2694 cau·

182 2731 238 2778 ‘sa
259 2719 374 2799 passim
404 2717 566 2794 habearis,
603 2737 664 2776 non
688 2735 814 2796 possum
847 2735 984 2795 unquam
1007 2717 1053 2776 tui
1073 2735 1128 2778 non

204 2802 398 2880 meminisse,
432 2807 463 2860 et
484 2819 669 2880 quamquam
704 2800 805 2878 impiis
835 2797 1050 2860 adulatoribus
1077 2800 1128 2860 tuis

202 2885 234 2943 in
263 2904 312 2944 me
348 2886 414 2944 sine
449 2903 540 2943 causa
570 2881 777 2944 saevientibus
817 2890 942 2943 coactus
978 2883 1129 2944 fuerima

205 2966 279 3026 sede
302 2974 354 3027 tua
377 2967 415 3027 ad
439 2967 569 3026 futurum
593 2963 764 3047 provocare
787 2965 963 3042 concilium,
988 2966 1128 3027 nihilve

204 3051 279 3109 ritus
302 3050 346 3110 Pii
369 3058 398 3109 et
419 3050 491 3110 Julii
514 3057 634 3110 tuorum
651 3049 925 3130 praedecessorum
949 3050 1127 3111 vanissimas

209 3134 461 3208 constitutiones,
496 3133 527 3193 id
549 3135 649 3214 ipsum
672 3133 765 3193 stulta
786 3131 949 3212 tyrannide
972 3133 1128 3213 prohiben-

205 3217 296 3295 tium,
321 3237 384 3285 non
409 3225 510 3276 tamen
534 3236 667 3296 unquam
690 3217 809 3276 interim
833 3215 968 3275 animum
994 3233 1129 3277 meumr

206 3305 259 3359 tua
280 3299 470 3361 beatitudine
492 3301 536 3359 sic
558 3300 700 3378 alienavi,
723 3306 829 3360 utnon
849 3300 923 3358 totis
943 3298 1062 3360 viribus
1084 3319 1129 3378 op·

208 3384 283 3442 tima
305 3402 445 3464 quaeque
474 3383 528 3444 tibi
551 3383 678 3462 sedique
712 3390 784 3443 tuae
808 3383 938 3462 optarim
964 3382 1128 3462 eademqne

204 3465 319 3526 sedulis
342 3473 444 3546 atque,
469 3473 614 3545 quantum
638 3468 668 3526 in
691 3485 740 3526 me
757 3467 821 3544 fuit,
843 3464 1051 3546 gemebundis
1072 3483 1128 3548 pre

203 3547 289 3610 cibus
321 3549 403 3630 apud
425 3550 525 3610 Deum
549 3549 740 3629 quaesierim.
784 3549 878 3628 Atqui
900 3567 974 3627 eos,
1007 3552 1061 3630 qui
1087 3565 1127 3608 ms

203 3633 377 3693 autoritatis
401 3639 432 3692 et
452 3634 587 3694 nominis
610 3632 652 3693 tui
675 3635 835 3694 maiestate
848 3632 1000 3694 hactenus
1024 3640 1126 3694 terrere

202 3717 305 3776 conati
328 3723 408 3797 sunt,
431 3735 532 3797 paene
555 3724 755 3778 contemnere
778 3735 814 3776 aa
833 3715 1026 3794 triumphare
1038 3713 1124 3795 coepi.

199 3796 305 3861 Unum
330 3818 495 3883 superesse
517 3798 627 3880 video,
651 3799 736 3880 quod
752 3802 956 3861 contemnere
978 3819 1046 3862 non
1067 3816 1122 3882 pos
