2346 4208
123 251 186 320 1-10
319 254 478 325 Disputatio
499 258 611 326 lipsiae·
624 258 720 311 habita
738 275 762 312 a
782 259 842 312 xlx
910 212 917 237 τ

122 441 248 502 Galatas
273 441 484 520 confirmaret,
512 440 620 503 eadem
643 462 728 520 esse,
750 462 829 523 quae
850 446 918 525 ipse
942 451 974 505 et
997 464 1046 506 cs·

122 527 178 584 teri
200 526 336 605 apostoli
359 525 600 605 praedicassent.

505 707 661 770 Eccius.

185 858 277 934 Quod
298 859 486 919 reverendus
508 859 599 919 Pater
618 859 778 919 articulum
799 859 950 920 lobannis
966 861 1048 923 llus

123 941 162 1001 de
186 942 363 1002 obedientia
384 943 596 1002 ecclesiastica
609 943 791 1003 commiscet
812 943 900 1003 alteri
916 944 1047 1005 articulo

122 1024 161 1084 de
183 1024 329 1104 operibus
352 1024 554 1086 humanorum
567 1033 702 1120 actuum,
724 1027 888 1086 autoritate
903 1026 1046 1107 Gregorii

122 1108 262 1186 Arimin,
285 1108 337 1188 qui
376 1127 432 1188 per
465 1127 573 1169 omnes
607 1109 820 1168 universitates
855 1108 1047 1189 defendatur,

122 1209 213 1287 quem
234 1190 362 1251 adhuc
354 1210 385 1250 ιιι
404 1209 442 1251 eo
466 1191 566 1251 loco
558 1210 590 1249 ιιι
612 1191 696 1250 nulla
708 1192 917 1269 universitate
939 1208 1047 1272 quarn·¹

121 1275 220 1334 visin
233 1275 378 1354 plurimis
400 1274 523 1351 luerim,
560 1273 661 1333 audivi
685 1273 855 1336 defensum
898 1275 982 1337 Petit
1001 1282 1046 1337 ta·

121 1375 192 1417 rnen
214 1377 233 1417 a
255 1376 319 1453 me,
341 1365 375 1416 nt
396 1357 523 1436 probem
552 1359 590 1434 ei,
612 1358 776 1417 concilium
799 1376 861 1419 non
883 1377 981 1439 posse
1002 1378 1045 1421 au

119 1458 197 1519 rare,
217 1441 325 1501 nescio
338 1440 411 1517 quid
423 1440 480 1499 sibi
492 1439 565 1500 velit
553 1441 636 1499 tista
647 1441 766 1519 petitio,
780 1459 820 1500 an
833 1445 925 1505 tacite
941 1442 1044 1504 lauda·

121 1523 183 1584 bila
212 1530 243 1583 et
272 1523 509 1583 constantiense
539 1523 705 1582 concilium
743 1523 818 1583 velit
843 1524 959 1585 habere
998 1544 1045 1585 sue

121 1613 270 1686 spectum.
299 1605 368 1666 Hoc
390 1606 459 1666 dico
483 1605 582 1683 vobis,
603 1606 772 1666 reverende
794 1607 902 1685 Pater,
933 1609 960 1668 si
982 1620 1044 1669 ole=

121 1688 209 1768 ditis,
226 1690 389 1750 concilium
413 1689 551 1786 legitime
573 1697 794 1769 congregatum
823 1709 925 1751 errare
943 1698 981 1752 -ιιι
1000 1708 1044 1753 er-

119 1791 214 1852 rasse,
238 1774 311 1833 estis
334 1774 406 1832 milri
430 1775 509 1832 sicut
497 1772 672 1832 tethnicus
694 1779 726 1833 et
747 1773 937 1852 publicanus
954 1773 1044 1895 Q

121 1856 161 1917 sit
183 1856 395 1933 haereticus,
387 1876 418 1916 ιιι
441 1857 617 1935 praesentia
639 1874 702 1916 non
723 1855 892 1916 discutiam
1000 1848 1042 1903 ·2'3

207 1940 254 1999 De
281 1939 522 2018 Chrysostomo,
556 1956 618 1997 non
644 1939 799 1998 vulteius
830 1896 1043 2019 expulsionem

124 2041 158 2083 se
179 2022 373 2101 iustificasse,
397 2021 455 2080 sed
476 2020 701 2082 ordinationem
726 2024 943 2103 episcoporum
965 2022 1044 2085 silit

124 2124 203 2166 ceno
228 2105 362 2167 concilio
383 2104 552 2164 institutam
575 2104 725 2166 laudasse.
762 2104 868 2166 Placet
887 2107 963 2167 milli
986 2120 1045 2189 pro

122 2189 152 2250 S.
178 2188 389 2268 Chrysostomi
411 2189 598 2264 reverentia,
628 2193 659 2248 et
679 2206 801 2266 semper
829 2190 921 2253 Rom,
940 2190 1044 2252 Pontil

125 2272 199 2332 lices
232 2273 263 2332 in
296 2271 440 2333 diversis·
455 2270 629 2331 nationibus
659 2271 797 2331 diversos
840 2274 1044 2352 permiserunt

122 2355 233 2417 modos
255 2356 420 2434 episcopos
442 2354 598 2434 eligendi,
626 2360 728 2414 tamen
751 2374 791 2414 ex
811 2355 963 2436 Gregorio
985 2356 1043 2417 Na

122 2455 259 2501 nanneno
278 2447 309 2498 et
322 2437 544 2517 Ohryaostomo
566 2439 707 2498 restituto
729 2440 803 2498 satis
824 2438 930 2518 liquet,
952 2440 1044 2501 interu

121 2523 245 2582 venisse
258 2523 452 2582 autoritatem
469 2522 558 2581 Rom.
573 2519 745 2599 Pontificis,
762 2522 844 2600 quod
860 2522 889 2585 S.
905 2523 1044 2583 Athenas

122 2607 185 2665 sius
193 2604 431 2681 Alexandrinus,
439 2603 470 2666 S.
478 2604 591 2664 Paulus
605 2610 637 2664 et
657 2604 709 2664 alii
723 2605 880 2666 orientalis
888 2606 1041 2667 ecclesiae

122 2690 262 2769 episcopi
283 2693 450 2762 testantur,
477 2689 529 2767 qui
551 2706 586 2747 se
606 2687 646 2746 ad
670 2688 759 2749 Rom.
781 2687 963 2749 Pontificem
980 2698 1046 2770 proi

122 2773 319 2832 restitutione
340 2771 544 2831 contulerunt
576 2770 697 2844 Quod
689 2790 720 2830 ιιι
742 2778 834 2867 apost
822 2772 895 2833 tolie
916 2790 1047 2853 quoquo

122 2855 194 2934 quid
216 2856 368 2915 humanae
389 2855 561 2934 fragilitatis
584 2855 681 2913 fuisse
700 2856 853 2935 assignat
886 2874 1040 2953 ιιιιψιιιι

121 2938 182 2999 Sed
204 2957 273 2998 cum
285 2938 409 3018 publico
431 2939 595 3034 iungerent
596 2956 630 2995 nr
652 2935 766 3017 cilicio,
789 2938 907 3017 absque
927 2939 1040 3069 iudicio

121 3030 154 3082 at
172 3040 265 3083 causa
286 3031 348 3082 tarn
371 3022 401 3083 S.
424 3023 495 3080 viris
518 3039 580 3081 non
602 3016 942 3082 esffdetraheudum.·

204 3107 250 3166 De
275 3106 350 3167 Plat
330 3113 395 3167 tina
416 3105 499 3182 dicit,
520 3123 555 3164 se
575 3105 713 3184 recipere
733 3107 799 3180 eius
821 3084 969 3167 ιιιιιοιιιιι
990 3124 1042 3166 ιιι·

121 3192 341 3267 toritatem,et
361 3206 420 3270 ego
442 3205 544 3266 neque
564 3189 757 3248 autoritatem
780 3209 819 3249 ex
846 3189 968 3259 Plotina
988 3188 1046 3251 ad:

121 3274 204 3355 duxi,
227 3272 283 3335 sed
304 3273 472 3333 historiam.
1060 3282 1065 3296 ’

204 3358 254 3425 Ad
275 3355 447 3417 innocentii
468 3352 639 3436 Epistolam
661 3354 844 3434 respondet,
874 3373 941 3415 eam
965 3300 1042 3415 nihil

121 3443 223 3504 lacere
244 3442 284 3501 ad
305 3440 513 3522 propositum,
540 3432 625 3515 quod
645 3436 698 3497 ds
706 3438 802 3499 latina
822 3438 907 3498 illum
929 3437 1043 3518 probat

122 3527 317 3602 ecclesiast
286 3542 400 3584 enon
423 3521 462 3581 de
483 3520 552 3580 alia.
582 3519 643 3581 sed
673 3511 744 3600 quia
763 3522 912 3582 haect
864 3529 912 3582 est
933 3521 1041 3601 glossa

121 3609 178 3670 Lut
180 3610 294 3669 herena
316 3606 400 3666 nulla
421 3605 584 3666 autoritate
554 3604 728 3682 tsulcita,
757 3605 806 3665 vel
829 3605 1041 3684 persuasione,

123 3714 161 3757 ea
178 3693 325 3755 facilitate
346 3697 523 3764 contemno,
545 3707 606 3767 qua
626 3689 795 3751 adducitur.

185 3777 231 3837 De
254 3776 362 3855 viginti
384 3776 471 3835 annis
493 3773 668 3852 respondit,
691 3772 854 3835 maluisse
877 3788 1039 3851 opponan-
