2346 4208
299 249 358 301 sois
379 249 488 317 Lipsiae
504 249 651 317 disputatis
671 266 695 303 a.
715 250 788 304 XtX.
956 246 1021 313 263

122 442 235 514 nentst,
267 386 388 516 sibique
415 437 546 498 similem
578 438 686 498 reddit.
730 438 832 514 Quare
859 448 1020 518 peooatnm

122 516 149 579 iti
167 519 317 598 reliquum
342 527 400 597 est,
423 520 476 581 sed
501 523 573 600 quia
595 528 737 602 coeptum
761 524 935 602 expurgari,
958 543 1019 582 non

120 602 264 681 inputatur
303 606 518 684 expurgatori,
547 605 608 665 hoo
635 613 683 665 est
710 607 843 665 enimin
868 606 1020 684 baptismo

120 686 203 745 onnia
227 694 359 766 peceato
381 688 510 764 remitti,
539 708 600 748 non
623 690 765 768 imputari
788 688 923 763 seilicet,
958 707 1020 747 non

119 775 198 829 esem
222 769 525 851 penituslevaouari.

180 851 276 911 Error
298 871 374 933 ergo
387 859 443 926 est,
464 861 495 913 et
506 853 640 914 humana
652 862 722 929 sont
736 861 921 923 commenta,
937 852 1019 930 qnod

115 940 262 1012 assotum
297 935 402 1018 quoad
434 936 563 999 formale
592 957 679 1002 sunm
712 937 837 997 tollitur.
881 936 1022 995 Formale

114 1022 200 1077 sotem
215 1018 378 1097 appeliant
392 1021 596 1098 privationem
609 1022 737 1100 gratiae,
752 1019 909 1080 materiale
921 1021 1019 1098 ipsum

113 1100 234 1160 fomitem
258 1101 309 1160 vel
332 1101 480 1163 habiturn.
522 1103 638 1163 Beatus
661 1110 777 1163 tantum
800 1102 930 1175 tollitur,
965 1102 1021 1161 fov-

112 1181 308 1245 tolerantem
331 1192 448 1245 tantum
472 1192 584 1262 manet,
608 1193 753 1264 quantum
774 1185 941 1258 materiale,
965 1185 1024 1243 hoe

113 1272 160 1342 est,
191 1266 325 1345 privatio
347 1269 466 1346 gratiae
487 1275 572 1329 tanta
595 1270 635 1330 ibi
659 1280 721 1350 esto
744 1276 858 1349 quanta
880 1279 928 1326 est
949 1287 1020 1326 eon-

114 1350 294 1427 snpisaentia
315 1349 440 1428 reliqua.
485 1350 616 1430 Oportet
654 1353 734 1411 enirn
763 1353 793 1410 in
824 1350 924 1411 losum
948 1370 1021 1409 eon-

113 1431 311 1510 sopisoentise
331 1433 499 1493 succedere
512 1436 681 1511 caritatem,
705 1453 784 1512 quae
806 1453 868 1493 non
892 1441 949 1507 est,
972 1432 1021 1491 nbi

115 1516 356 1596 eoncupisoentia
373 1522 430 1577 est
452 1516 553 1576 Causa
574 1519 684 1577 erroris
708 1526 771 1588 est,
801 1517 882 1595 qnod
906 1515 1021 1575 subies·

114 1598 305 1676 engratiae
327 1598 512 1660 dentsolam
525 1601 670 1677 animam,
692 1602 817 1678 eiusque
840 1599 1021 1658 nobiliorem

116 1684 236 1757 pertem3
275 1679 404 1759 deinde,
435 1682 517 1760 quod
547 1704 670 1743 earnem
702 1690 733 1742 et
760 1683 896 1761 spiritum
920 1682 1023 1740 distin-

116 1770 198 1840 gnnnt
220 1763 444 1843 metaphysica,
467 1771 611 1843 tanquam
636 1766 711 1825 duas
734 1765 930 1837 substantias,
954 1782 1020 1822 oum

116 1850 183 1905 titos
204 1845 301 1907 homo
337 1848 378 1906 sit
408 1840 532 1926 spiritus
561 1856 592 1909 et
613 1868 702 1918 earo,
736 1855 852 1908 tantum
889 1848 1023 1925 spiritns,

115 1936 245 2005 qnantum
271 1928 372 2008 diligit
393 1929 494 2009 legem
517 1932 590 2002 Dei,
621 1939 737 1990 tanturn
762 1950 852 2007 earo,
876 1937 1021 2008 qnantum

116 2009 168 2070 odit
189 2011 292 2090 legem
314 2012 382 2073 Dei.
426 2013 479 2074 sic
501 2015 617 2074 sanitas
647 2022 678 2074 et
700 2014 824 2074 morbus
846 2015 932 2072 iuxta
954 2021 1024 2071 sunt

117 2092 137 2151 is
156 2093 268 2154 eodem
290 2113 442 2177 eorpore2
471 2104 524 2156 aut
557 2097 666 2156 eodem
702 2099 771 2156 tooo
795 2098 903 2156 carnis.
948 2094 1023 2153 ideo

117 2176 183 2235 enim
219 2178 308 2236 iuxta
334 2177 546 2255 Salomonem,
581 2200 671 2239 nemo
706 2180 830 2258 gloriari
858 2187 962 2257 potest
990 2196 1024 2237 sa

117 2256 217 2319 hebere
240 2260 386 2320 mundum
410 2281 483 2338 eor,
520 2265 592 2341 quia
613 2282 703 2338 earo,
738 2256 766 2320 id
801 2271 863 2336 est,
896 2263 1024 2320 attentos

117 2344 202 2402 arnis
225 2350 258 2402 et
280 2345 541 2422 eoncupiscentia,
564 2365 644 2423 quae
667 2353 714 2404 est
735 2346 915 2404 fermentum
939 2353 1025 2402 vetos

117 2427 270 2504 nequitiae,
295 2432 389 2485 toturn
415 2428 568 2487 hominem
593 2430 742 2506 eorrupit,
767 2431 852 2487 iuxta
870 2429 966 2487 Gene.
992 2435 1024 2487 s:

118 2505 174 2568 Non
188 2509 382 2587 permanebit
394 2510 521 2588 Spiritus
544 2532 628 2571 meus
651 2514 681 2570 in
704 2512 839 2587 homine3
860 2512 932 2588 quia
954 2529 1026 2570 earo

118 2601 169 2660 est,
202 2592 321 2668 inquit,
356 2612 417 2651 non
441 2613 563 2653 earnem
587 2594 695 2670 habet,
731 2595 802 2671 quia
826 2601 891 2653 toto
914 2594 1025 2652 aflectu

117 2674 203 2733 sordis
217 2693 342 2733 earnem
359 2677 447 2754 sapit.
492 2675 594 2750 Quare
606 2678 787 2736 fermentum
800 2696 923 2751 novom,
948 2694 1027 2752 quiite

117 2766 153 2816 est
173 2758 304 2832 soritas,
326 2759 465 2833 rursns¹)
491 2761 634 2819 miscetur·
656 2761 725 2818 huie
748 2761 897 2819 fermento
922 2760 1026 2831 veteri,

118 2848 139 2897 rt
160 2841 260 2918 ipsum
284 2860 302 2899 a
324 2848 389 2899 toto
413 2838 538 2901 homine
561 2845 680 2916 eiiciat,
710 2845 837 2921 primum
862 2841 900 2899 de
924 2841 1026 2913 corde,

118 2919 216 2982 deinde
242 2921 281 2981 de
305 2930 370 2982 toto
395 2943 528 3003 oovpore
551 2933 582 2984 et
604 2925 746 2985 omnibus
769 2923 921 2984 membris

187 3005 371 3084 Septim02)
399 3006 471 3064 illud
504 3009 714 3087 praevalidum
747 3010 776 3066 in
807 3007 888 3068 Psal.
918 3006 1027 3068 teto:

119 3083 176 3147 Non
198 3091 296 3148 intres
331 3089 360 3146 in
391 3089 535 3148 iudicium
565 3111 632 3149 oum
656 3111 745 3150 servo
769 3098 838 3166 tue,
873 3091 1028 3166 quianon

119 3168 319 3231 iustificabitur
351 3172 381 3228 in
405 3181 572 3251 eonspeotu
606 3183 658 3234 tno
689 3176 787 3233 ornnis
812 3174 927 3230 vivens.
973 3172 1029 3229 Hio

121 3268 240 3328 quaere,
263 3273 303 3312 an
327 3253 380 3312 ille
402 3256 517 3331 iustae,
540 3276 630 3335 quem
654 3258 787 3337 tingunt,
817 3275 883 3313 eom
908 3256 937 3313 in
962 3257 1029 3332 ipso

123 3335 313 3410 pulcherrimo
338 3339 446 3397 merito
458 3340 517 3398 iarn
531 3341 689 3399 actualiter
712 3341 810 3411 fuerit
834 3340 924 3396 etiarn
949 3335 1027 3407 siit)

125 3420 315 3479 numerandus
340 3421 418 3479 inter·
441 3441 505 3493 soe,
527 3424 577 3499 qui
601 3425 716 3494 vivont,
740 3442 806 3480 euni
823 3420 902 3480 Psal,
929 3421 1028 3477 omnis

127 3499 213 3560 vivens
229 3503 443 3562 universaliter
465 3504 596 3564 dixerit?
619 3505 650 3565 Si
671 3507 748 3565 inter
771 3524 825 3563 eos
848 3509 1031 3562 numeratur:

159 3740 180 3799 tt
203 3743 227 3791 tn
248 3742 310 3794 edd.
332 3746 417 3809 or·ig.:
437 3760 556 3794 vorsum.
595 3748 626 3810 ζ’)
642 3742 724 3794 ibid:
746 3746 858 3795 Octavo.
897 3745 929 3803 Li)
952 3740 1032 3793 ibid..

136 3806 177 3861 142.
208 3814 234 3880 4)
255 3815 282 3865 ln
303 3814 347 3867 ed.
368 3817 453 3885 orig.:
474 3816 505 3867 si.
