2346 4208
119 228 183 297 378
430 230 591 300 oupuouo
611 228 643 285 o.
662 227 695 282 ιι,
714 227 751 284 n·

120 419 183 481 lide
200 419 318 499 absque
332 418 572 500 operibnslsgis,
606 429 639 481 et
657 419 850 479 sententium
883 419 947 478 eius
979 437 1032 499 ger·

121 523 243 565 monem
273 505 358 564 iuxta
390 502 477 565 Pauli
495 510 628 564 mentem
650 521 774 563 cumino
797 501 861 563 fide
892 499 1034 583 reddit‘)

399 719 520 779 Primo
538 717 769 799 disputatio.

520 848 567 909 De
587 846 657 911 tide.

154 1040 158 1047 .
230 980 422 1043 Arbitremur
443 982 600 1045 hominem
622 980 781 1043 iustificari
802 979 867 1044 fide
889 990 950 1045 ete.

211 1091 236 1149 1.
259 1088 350 1149 Fides
366 1088 417 1149 hio
437 1109 511 1150 vere
533 1097 564 1151 et
578 1089 694 1150 donum
716 1088 792 1148 illud
806 1088 940 1168 Spiritus
952 1087 1041 1147 suncti

86 1206 88 1211 ·
124 1169 255 1250 intelligi
277 1170 379 1231 debet

207 1256 236 1315 2.
259 1253 291 1313 Si
314 1255 425 1314 Paulus
463 1255 503 1316 de
533 1254 595 1315 tide
625 1256 778 1334 aequisita
811 1274 869 1316 seu
902 1253 1041 1314 historice

127 1337 211 1416 loqui
232 1337 423 1418 intelligitur,
445 1340 476 1398 in
500 1358 613 1398 vanum
635 1347 718 1398 totus
740 1337 875 1398 loborat

207 1422 235 1482 3.
254 1419 333 1480 Nem
357 1429 389 1481 et
409 1421 585 1501 sophistae,
615 1422 673 1482 etei
699 1441 803 1482 rernm
824 1423 956 1482 istun·
979 1418 1045 1479 nihil

124 1503 309 1582 intelligunt,
323 1514 425 1564 tomen
439 1505 573 1565 fatentur
586 1504 677 1564 fidem
693 1507 783 1564 istem
799 1525 863 1564 non
874 1501 1044 1563 institionis.

206 1589 235 1647 l.
257 1586 323 1646 lmo
346 1587 475 1666 docent,
511 1608 613 1668 neque
638 1588 769 1648 infusum
793 1587 912 1668 Spiritu
944 1595 1045 1646 suncto

125 1668 216 1728 iidem
239 1669 417 1747 iustificare,
434 1672 494 1731 nisi
515 1672 646 1732 formato
667 1673 707 1731 sit
728 1672 871 1732 coritntc.

208 1756 235 1816 ὀ.
258 1752 327 1812 an
355 1755 435 1813 enim
472 1755 574 1835 palem
603 1761 760 1828 esserunt,
792 1753 887 1814 fidem
923 1753 1047 1813 infusum

126 1855 221 1914 posse
246 1847 328 1895 stare
351 1856 419 1896 oum
444 1847 573 1916 peccato
596 1837 718 1898 mortnli
740 1845 771 1898 et
794 1837 948 1898 damnari

208 1922 235 1982 6
260 1917 404 1998 Sequitur
423 1921 514 1981 hino:
536 1921 568 1982 Si
590 1920 716 1981 Paulum
739 1920 778 1980 de
799 1921 861 1980 hcc
884 1918 949 1980 fide
971 1918 1049 1979 intel·

125 2001 221 2144 ἔξω,
256 2003 355 2081 ipsum
379 2003 417 2064 de
448 2006 549 2064 otioso
583 2010 636 2064 ent
655 2003 798 2066 iebuloso
822 2003 950 2063 Christo
976 2021 1051 2083 pree

158 2103 238 2146 cere.

207 2189 236 2247 7.
258 2185 336 2244 Num
361 2186 462 2247 Christ
451 2195 497 2247 tus
520 2187 615 2249 nihilo
646 2187 714 2267 plus
735 2186 826 2248 adest
849 2187 902 2248 vel
925 2187 1050 2267 prodest

126 2268 238 2410 tulpibus
261 2269 468 2347 credentibus,
492 2291 582 2350 quam
601 2273 675 2351 ipsis
690 2270 898 2332 daemonibus
921 2278 956 2332 et
978 2270 1053 2331 dorn-

125 2371 165 2411 no
191 2371 213 2409 s.

210 2453 238 2513 6.
264 2452 339 2511 Cum
363 2473 436 2513 vero
462 2455 573 2515 Paulus
595 2455 714 2535 prolixe
737 2453 842 2513 tribuit
866 2453 1054 2516 iustificutio

128 2555 198 2594 nem
224 2535 312 2611 fidei,
348 2557 477 2597 neeesse
501 2545 547 2597 est
580 2540 678 2619 ipsum
710 2536 748 2596 de
769 2538 836 2597 istis
860 2536 989 2598 fidebus
1013 2542 1055 2610 (ιιι

127 2620 172 2678 sio
194 2618 333 2696 dicem),
355 2621 518 2698 acquisita
541 2622 649 2696 infusa,
671 2620 808 2697 informi,
829 2620 991 2698 formate,
1002 2632 1055 2682 ex

125 2702 246 2780 plicita,
268 2703 432 2782 implicito,
455 2705 608 2784 generali,
632 2702 759 2785 speciali
780 2702 858 2762 nihil
882 2698 1002 2766 dicere.

211 2787 238 2846 9
262 2783 396 2858 Quioet
384 2786 686 2848 tdsemonibust
656 2796 686 2847 et
708 2787 850 2866 pessimis
881 2787 1057 2848 hominibus

131 2866 305 2927 concedunt
326 2868 406 2929 hono
428 2869 520 2931 fidem
543 2872 732 2951 acquisitam

200 2971 245 3031 to.
269 2968 400 3048 Oportet
418 2971 510 3050 igitur
532 2971 571 3031 de
592 2971 653 3031 eliu
675 2969 736 3029 fide
758 2969 896 3048 quodam
921 2992 997 3032 eum
1022 2972 1056 3031 lo

132 3050 203 3127 qui,
228 3069 307 3129 quae
330 3052 422 3113 societ
445 3054 627 3114 Christum
619 3075 649 3114 m
673 3053 762 3113 nobis
785 3052 974 3133 efficacem,
995 3075 1059 3116 con·

128 3140 177 3191 tre
200 3139 345 3212 mortem,
369 3145 479 3216 peccet
480 3157 572 3198 ume
556 3138 717 3217 etlegem.

195 3238 238 3295 tl.
261 3235 301 3294 Et
323 3254 401 3313 quae
427 3257 484 3296 nos
507 3257 569 3298 non
594 3240 677 3298 sinet
697 3237 812 3297 similes
835 3257 910 3298 esse
937 3239 1061 3300 daemo-

126 3316 214 3376 nibus
238 3327 269 3378 et
290 3316 464 3379 hominibus
480 3319 742 3382 descendentibus
764 3321 795 3379 in
814 3321 989 3401 internum,
1013 3321 1062 3383 sed

130 3476 554 3493 ..Μ

197 3546 227 3610 *ι
252 3548 323 3600 Hoec
351 3552 435 3602 rerba
461 3555 577 3619 repetite
598 3562 663 3606 sunt
683 3550 781 3604 exod
800 3549 865 3603 den.
892 3549 970 3619 Opp.
993 3552 1066 3604 Luth

128 3618 202 3681 1566,
224 3628 316 3671 textus
337 3630 428 3674 autem
450 3625 509 3690 ipse
529 3624 653 3677 redditus
672 3629 715 3676 est
731 3621 888 3675 seeundum
909 3625 1066 3679 editionem

124 3657 262 3835 lidilllssss’
292 3691 422 3746 collstom
454 3712 516 3747 cum
550 3696 592 3748 ed
614 3697 690 3753 1558
711 3693 832 3765 (Wslch
854 3693 933 3760 XIX,
955 3712 985 3765 p
1010 3697 1066 3752 107
