2346 4208
122 261 164 329 36
363 263 400 318 ad
416 263 618 335 Aagomrotam
638 263 821 318 Emessanum

125 451 198 512 mihi
221 451 322 513 labem
343 453 522 533 inspumate
544 450 684 529 arellam,
713 470 804 530 quam
828 450 910 510 enim
932 450 1043 530 impru-

123 535 200 596 dens
228 534 285 596 sibi
320 543 368 596 est
388 534 518 613 invidia,
552 542 613 594 tam
643 542 745 594 astuta
771 539 818 595 est
846 535 878 592 in
913 531 1042 594 aliorum

123 618 218 696 mala,
244 626 446 679 veruntamen
473 618 594 679 interim
623 617 751 679 doators
772 617 895 678 Christo
923 616 1044 677 mitiore

121 700 198 845 pluo
220 701 333 762 dietum
355 701 429 763 volo
452 720 544 761 sensu
567 701 724 782 aaoipere‚
753 700 907 768 donante
929 697 1043 780 prodas

133 785 223 846 auus.
562 816 564 820 ·
821 815 824 821 ·

205 866 280 942 Quis
303 875 404 928 autem
428 866 481 928 tibi
504 885 604 927 meam
627 867 850 948 supellectilem
868 867 1049 927 universam

124 950 269 1027 ostendit,
292 951 334 1009 mi
345 950 477 1011 Emser?
498 949 624 1029 quando
637 969 727 1014 meas
741 950 910 1031 apothecas
934 966 1043 1010 omnes

123 1032 337 1114 perlustrasti?
380 1032 462 1094 Nihil
490 1033 640 1112 reliquum
673 1032 747 1094 mihi
776 1042 838 1112 est,
873 1031 957 1112 quod
984 1031 1043 1092 hue

122 1116 238 1196 possim
275 1115 437 1177 admoliri?
479 1115 569 1177 Adeo
613 1116 666 1177 tibi
704 1119 785 1176 visus
819 1135 885 1176 sum
922 1115 1044 1196 Lipsiae

123 1200 227 1260 omnia
249 1197 403 1278 effudisse,
426 1201 530 1260 omnia
552 1217 710 1278 versasse,
740 1206 774 1260 ut
794 1200 881 1260 iuxta
902 1198 1041 1260 Salomo-

122 1300 193 1342 nem
215 1283 262 1342 vir
289 1283 341 1343 ille
369 1283 478 1344 stultus
507 1283 633 1362 luerim,
663 1283 714 1362 qui
742 1281 871 1343 effundit
902 1282 1041 1362 spiritum

123 1385 209 1426 suum
233 1370 340 1427 totum.
384 1366 513 1446 Sapiens
547 1374 649 1426 autem
678 1375 780 1426 servat
808 1367 839 1426 in
863 1363 1042 1446 posterum?

122 1448 171 1508 An
194 1467 256 1509 non
270 1447 382 1509 Esaias
404 1456 474 1510 tuus
495 1450 599 1528 potius
620 1449 682 1509 hoa
702 1448 784 1524 feeit,
806 1455 890 1510 totos
912 1456 1044 1528 quatuor

122 1530 189 1591 dies
211 1531 474 1594 nubesBullarum
498 1551 620 1593 suarum
642 1533 673 1592 in
695 1551 745 1592 me
766 1550 888 1614 urgens,
903 1532 961 1591 -oui
984 1547 1043 1612 ego

122 1616 176 1674 aix
196 1633 258 1676 uno
281 1614 331 1675 die
354 1621 549 1697 oppugnator
568 1616 621 1676 fui.
663 1614 763 1690 Quam
791 1617 883 1677 anxie
915 1614 1043 1675 anhelas

122 1696 217 1757 anio
240 1705 293 1758 tuo
317 1717 420 1760 eroum
436 1698 651 1779 triumphalem
665 1705 809 1778 statuere,
832 1705 864 1759 at
884 1716 948 1759 non
970 1715 1042 1779 peu-

123 1783 199 1841 sitas
221 1787 338 1859 tenum,
361 1800 452 1861 quam
477 1789 507 1842 te
529 1788 560 1842 et
580 1800 630 1842 ars
652 1788 683 1842 et
703 1789 842 1863 sumptus
865 1781 1041 1842 destituant

123 1861 205 1938 Quid
226 1866 252 1924 si
274 1864 396 1944 Lipsiae
416 1867 469 1925 vix
492 1865 649 1925 dimidium
672 1864 849 1926 effuderim?
889 1863 1043 1944 Numquid

122 1947 162 2009 ibi
186 1947 225 2007 de
247 1949 410 2008 autoritate
439 1949 639 2009 consiliorum
667 1954 830 2010 tractatum
858 1949 926 2010 est?
958 1967 1043 2010 num·

123 2030 194 2109 quid
217 2038 338 2090 actuum
357 2030 435 2091 liber
456 2033 486 2091 in
510 2032 686 2110 honorem,
709 2033 789 2093 siout
802 2035 949 2112 oportuit,
973 2051 1041 2092 exa·

124 2114 255 2173 minatum
278 2113 345 2184 est?
389 2113 468 2189 Quid
491 2114 602 2175 Eooius
623 2115 750 2195 protulit
771 2117 852 2195 novi,
875 2115 958 2195 quod
980 2133 1041 2176 nou

123 2197 237 2276 passim
259 2197 290 2256 in
314 2197 486 2259 Summistis
515 2208 545 2259 et
573 2198 785 2259 Sententiariis
812 2200 903 2259 etiam
931 2198 1041 2259 initiat

123 2279 303 2360 theologiae
326 2281 452 2362 legunt?
495 2281 581 2341 Haeo
609 2282 690 2341 enim
718 2282 784 2341 eius
811 2282 991 2363 proauloata
1012 2288 1043 2342 et

125 2379 220 2422 exesa
250 2363 384 2424 iamdiu
408 2372 590 2445 argumenta
617 2363 691 2424 mihi
721 2364 920 2425 reddiderunt
941 2364 1041 2446 dispu-

122 2446 271 2506 tationem
305 2450 457 2525 omnium,
490 2466 566 2528 quas
594 2446 739 2526 viderim,
775 2448 1040 2511 molestissimam.

122 2528 263 2609 Denique
285 2530 469 2612 indignabar
484 2530 667 2606 euristeum,
688 2539 751 2591 tam
764 2531 875 2592 divites
888 2539 920 2593 et
932 2532 1041 2593 uberes

123 2611 290 2690 proferenti
326 2615 497 2674 solutiones
531 2613 570 2674 ad
604 2614 820 2693 pulverulenta
853 2623 884 2676 et
911 2616 1042 2676 trivialia

122 2694 204 2754 illius
226 2703 416 2776 argumenta.
437 2698 575 2757 Breviter
596 2715 655 2757 nea
677 2696 748 2757 affui
762 2698 815 2758 ulli
831 2699 1041 2779 disputationi,

123 2797 225 2857 aqna
245 2779 389 2840 libentius
418 2780 560 2857 abierim,
590 2782 640 2859 qui
669 2780 783 2842 anhelo
811 2783 918 2862 spiritu
951 2781 1041 2843 adue

123 2881 240 2942 ueram,
263 2881 362 2924 novos
385 2864 530 2925 eoelestis
552 2864 685 2923 numinis
709 2882 819 2925 sneoos
841 2873 983 2946 gustare,
1012 2872 1043 2926 st

124 2944 248 3006 Eooium
271 2945 431 3006 vobiscum
455 2948 602 3008 miracula
624 2947 759 3008 faaturos
780 2947 896 3009 videre.

205 3028 344 3109 Denique
379 3049 433 3090 eur
465 3031 539 3092 illud
567 3032 689 3090 unicum
717 3051 818 3091 meum
856 3031 896 3092 de
923 3031 1041 3094 Nieano

123 3112 255 3174 oonsilio
277 3122 490 3194 argumentum
513 3117 544 3174 in
566 3114 647 3174 huno
669 3113 768 3194 diem,
796 3133 855 3175 neo
876 3116 961 3196 ipse,
985 3133 1043 3178 neo

123 3198 216 3257 vestii
258 3195 344 3257 illum
385 3198 523 3259 studiose
566 3199 709 3258 iuvantes
740 3198 862 3259 solvere
891 3199 1041 3278 possuntt

123 3279 253 3356 Quoties
277 3280 329 3340 ille
352 3284 459 3361 garriit
481 3282 520 3342 de
542 3279 684 3361 Graecis,
707 3282 869 3343 haeretiois
893 3290 925 3343 et
947 3284 1042 3344 sohis·

124 3364 259 3439 metitis,
288 3364 348 3427 hoo
374 3365 520 3425 invictum
555 3372 767 3446 argumentum
797 3368 953 3447 elusurus,
989 3365 1041 3429 sed

123 3449 277 3526 nunquam
300 3448 421 3527 potuit?
465 3448 533 3509 Stat
553 3451 636 3510 enim
658 3449 812 3530 stabitque
833 3469 973 3532 semper,
994 3451 1041 3513 Ni·

123 3548 219 3590 aanos
253 3530 357 3591 Patres
388 3549 456 3592 oum
484 3533 649 3593 universali
677 3533 811 3598 eeclesia
839 3553 909 3596 esse
939 3536 1042 3598 haere

123 3615 210 3692 ticos,
232 3614 258 3673 si
280 3613 412 3675 Romani
434 3614 589 3696 pontilicis
610 3618 758 3696 primatus
780 3620 820 3680 sit
840 3621 915 3681 iuris
938 3622 1041 3699 divini,

122 3698 173 3776 qui
205 3700 391 3758 eontrarium
428 3706 601 3760 statuerunt
627 3702 757 3761 articulo
795 3701 1041 3768 constantiensis

122 3780 261 3860 aoncilii,
284 3783 315 3842 in
340 3801 401 3863 quo
423 3786 547 3844 unioum
571 3792 638 3846 erat
659 3784 740 3846 illius
763 3785 872 3869 robur,
893 3790 979 3869 qnod
1000 3796 1042 3851 ta·
