2346 4208
310 281 338 330 st
356 274 538 331 Sssrsrnsntn
557 277 748 332 snshsristiss.
934 272 996 340 421

158 466 260 546 Atque
281 466 359 528 haee
381 466 503 546 quidem
538 467 693 527 confessio
724 473 787 526 tem
822 472 870 526 est
891 476 997 527 neees-

75 551 165 628 saris,
189 557 222 609 ut
242 550 328 610 nullo
351 551 498 630 temporis
522 555 680 610 momento
703 550 744 610 sit
757 549 997 627 intermittends',

76 638 107 692 et
128 632 222 693 debet
248 634 288 694 sd
321 633 402 693 hane
440 634 540 693 omnis
556 632 805 694 Christianorum
833 634 896 692 vita
929 651 998 692 esse

76 722 264 796 comparata,
287 722 323 776 ut
343 722 492 796 perpetuo
505 715 562 775 Dei
582 716 710 797 gratiam
726 715 883 795 praedicet
904 716 997 777 homo

76 804 107 858 et
140 819 226 859 susm
262 801 357 859 vitsm
390 799 471 879 apud
500 799 599 858 Deum
636 805 763 859 accuset
795 816 832 859 as
863 798 996 858 damnet.

75 881 155 942 Nsm‘
178 883 205 943 si
227 883 277 942 vel
298 881 381 943 bons
405 901 500 962 opera
522 881 571 942 vel
592 882 753 942 honestam
773 882 869 946 ‚vitum
893 882 998 958 instes,

75 965 177 1025 statim
201 963 257 1025 Dei
286 965 447 1043 iudicium,
477 964 559 1044 quod
581 971 720 1025 neutrum
743 964 852 1025 horum
875 966 998 1043 patitur,

76 1049 227 1127 sequitur,
251 1067 313 1109 non
336 1055 440 1129 potest
463 1055 564 1108 sutem
588 1049 747 1127 quisquam
770 1047 928 1109 homiuum
952 1049 996 1107 iu-

76 1130 188 1191 dicium
218 1131 275 1190 Dei
308 1131 397 1194 ferre.
448 1131 499 1190 Sic
528 1149 603 1212 ergo
636 1131 713 1190 haee
745 1130 899 1191 confessio
934 1129 998 1191 tisri

76 1212 178 1289 debet,
201 1221 233 1274 ut
256 1216 406 1295 teipsum
430 1215 527 1293 primo
551 1214 690 1293 damnes,
712 1219 743 1273 st
763 1215 878 1274 sentius
903 1220 998 1288 serto,

77 1305 107 1356 ts
129 1305 259 1356 mortem
289 1316 329 1358 ss
355 1300 523 1378 perpetuos
546 1297 712 1357 inferorum
736 1297 888 1356 srusistus
910 1297 997 1356 meria

76 1388 149 1441 tum.
199 1379 289 1455 Quod
328 1381 353 1441 si
382 1381 492 1458 iacias,
527 1381 696 1441 antevortis
718 1380 832 1455 Deum,
872 1385 905 1439 ut
935 1398 997 1439 non

76 1463 176 1542 possit
196 1470 227 1523 te
248 1463 385 1523 iudicare
407 1471 461 1523 aut
482 1463 644 1537 damnare,
684 1462 739 1522 sed
767 1481 822 1522 sus
847 1462 946 1543 gratis
969 1469 999 1522 te

76 1547 191 1625 exeipit
220 1555 250 1606 et
276 1546 371 1610 fovet.
415 1547 527 1606 Verum
558 1546 596 1605 de
628 1545 687 1605 has
717 1546 914 1605 confessione
948 1545 999 1604 hie

76 1648 139 1689 nou
162 1648 290 1709 egimus.

519 1797 555 1858 Il.

160 1933 302 1994 Secunda
324 1933 495 2008 confessio,
528 1933 582 1992 illa
608 1930 642 1990 fit
675 1931 712 1990 sd
742 1931 930 2011 proximum,
969 1936 1000 1988 st

77 2024 124 2077 est
152 2018 306 2095 caritatis,
340 2018 418 2076 sicut
450 2017 534 2095 prior
564 2014 617 2074 ills
639 2021 686 2074 est
707 2012 788 2075 fidei.
833 2012 880 2072 De
909 2031 952 2071 eu¹
968 2015 998 2071 in

77 2100 211 2178 epistola
237 2099 341 2160 iacobi
369 2100 513 2178 seriptum
545 2106 603 2158 est:
642 2097 837 2158 confitemini
865 2096 997 2154 invicem

77 2183 154 2243 nlius
178 2182 229 2242 slii
253 2183 374 2242 delicte.
417 2182 475 2241 Est
496 2188 598 2241 autem
621 2180 699 2239 haee
720 2180 892 2253 confessis,
928 2196 997 2236 eum

78 2268 144 2343 quis
168 2264 332 2341 eonfitetur
353 2266 513 2344 proximo,
538 2263 712 2342 quodsum
737 2263 868 2323 laeserit.

161 2349 246 2408 Sient
280 2348 417 2408 Christus
447 2347 553 2408 Matth.
577 2352 604 2410 5.
637 2346 743 2405 docet:
784 2346 815 2406 si
852 2344 998 2404 obtuleris

78 2451 187 2491 munus
218 2438 301 2490 tuum
329 2431 368 2490 ad
401 2449 504 2508 aram,
540 2437 571 2489 et
600 2429 663 2488 iilic
695 2429 873 2488 reeordatus
895 2428 997 2498 fueris

78 2514 161 2594 quod
182 2515 275 2574 frater
292 2522 361 2573 tuus
378 2514 472 2576 habet
484 2512 599 2590 aliquid
613 2512 775 2571 adversum
799 2516 839 2586 te,
863 2511 1000 2588 relinque

78 2598 140 2657 illic
164 2617 273 2656 munus
296 2606 379 2656 tuum
404 2616 508 2656 eorum
532 2596 630 2669 altari,
654 2601 684 2654 et
706 2594 766 2672 abi,
787 2595 870 2672 prius
892 2611 999 2652 reson·

78 2681 190 2740 eilisris
212 2681 296 2740 fratri
319 2688 381 2757 tus,
405 2690 436 2740 et
456 2687 518 2739 tum
533 2680 659 2738 veniens
684 2676 760 2737 offer
774 2695 883 2735 munus
905 2683 999 2736 tuum.

77 2763 197 2824 Habeto
218 2763 464 2823 benevolentiam
481 2781 549 2821 eum
563 2761 739 2821 adversario
758 2767 810 2818 tuo
834 2760 905 2833 situ,
929 2757 998 2817 dum

78 2867 111 2906 es
133 2849 164 2906 in
187 2848 238 2905 via
262 2865 329 2906 sum
356 2846 410 2905 ilio
434 2854 490 2905 ete.
535 2845 705 2922 Utrumque
726 2844 776 2903 hie
800 2842 896 2921 exigit
918 2840 1000 2901 Chri·

81 2938 156 3005 stus,
179 2936 212 2989 ut
234 2931 270 3005 is,
293 2931 343 3008 qui
367 2930 455 2988 laesit
477 2929 617 3004 alterum,
642 2935 730 3008 roget
752 2924 791 2985 sb
814 2944 851 2984 eo
868 2925 1000 2999 veniam,

80 3018 110 3072 et
133 3014 174 3088 is,
198 3014 248 3091 qui
271 3020 410 3092 rogatur,
433 3013 486 3071 det
507 3012 628 3071 veniam
654 3019 764 3069 errato.

161 3096 218 3154 Est
239 3103 340 3155 sutem
370 3096 499 3154 ethaeo
522 3094 676 3154 confessio
700 3091 875 3156 necessaria
901 3108 937 3149 ae
959 3088 1000 3150 di-

79 3180 208 3255 vinitus,
250 3187 283 3238 ut
312 3180 425 3258 prima,
462 3177 608 3237 mandata
635 3177 735 3236 nobis.
783 3174 890 3251 Neque
920 3173 1001 3231 enim

79 3260 168 3322 nobis
201 3269 307 3321 nostra
341 3271 468 3341 peecata
490 3261 624 3320 remittet
644 3260 744 3334 Deus,
783 3258 840 3315 nisi
875 3264 906 3314 et
934 3255 1001 3315 aliis

79 3345 367 3420 condonaverimus,
390 3364 469 3422 quae
491 3345 549 3422 ipsi
569 3344 600 3403 in
624 3363 682 3402 nos
706 3347 918 3420 peecaverunt.
964 3337 1003 3396 m

79 3435 194 3488 eertum
218 3437 430 3507 argumentum
455 3437 510 3501 est,
533 3446 601 3486 eam
615 3445 677 3485 non
692 3444 760 3485 esse
781 3442 886 3482 veram
899 3420 1001 3495 fidem,

79 3531 158 3590 quse
189 3530 251 3570 non
282 3511 362 3570 hune
387 3511 517 3570 frustum
547 3528 650 3569 seeum
682 3507 784 3578 sffertq
820 3517 852 3564 ut·
881 3512 911 3565 et
933 3504 1001 3563 siiis

79 3602 208 3672 peecata
240 3595 390 3668 remittat,
429 3601 460 3652 et
492 3594 702 3652 remissionem
738 3589 844 3649 aDen
879 3606 1002 3666 quoque

78 3685 176 3757 roget.
221 3676 328 3755 Neque
352 3678 432 3735 enirn
455 3675 531 3736 alias
554 3674 592 3735 ad
618 3675 714 3734 Deum
736 3674 830 3732 homo
854 3670 1004 3731 assedere

79 3762 167 3823 ausit.
217 3759 249 3820 si
281 3779 356 3840 ergo
389 3760 438 3819 hie
471 3760 587 3818 fruetus
616 3777 678 3818 uon
710 3755 845 3833 affuerit,
884 3761 1018 3814 sertum·

216 4049 221 4079 t
