2346 4208
304 267 365 322 adv.
385 268 453 322 l’lrll.
471 266 720 323 bislanclrtboncm.
919 261 983 330 489

60 474 134 536 pars
154 473 234 534 sum,
256 473 319 515 non
341 453 445 526 iudex,
468 460 570 516 tamtan
589 453 758 515 audaculus
781 472 842 513 non
861 455 984 514 veretur

59 538 186 616 dicere,
219 557 269 599 me
291 537 430 598 attulisse
451 538 678 619 impertinentia
701 557 740 598 ex
762 536 791 598 S.
815 536 984 614 Bernardo,

59 622 151 700 olim,
184 640 253 682 oum
279 620 481 701 publicabitur
503 619 533 692 ¹)
566 620 750 702 disputatio,
789 620 983 681 manifestum

59 707 130 780 erit,
153 725 193 765 an
216 723 321 764 verum
346 703 457 764 dixerit
479 703 714 765 Grammaticus.

145 789 182 862 3)
205 787 281 848 (lum
309 787 423 849 bonum
448 806 525 867 opus
560 787 705 848 dixissem
738 795 837 847 totum
866 805 935 846 esse
965 806 986 846 a

61 872 147 947 Deo,
181 888 244 931 uon
268 871 419 948 totaliter,
451 870 557 931 irridet
577 869 796 932 Grammatista
818 869 879 930 hoc
901 869 986 929 velut

60 960 271 1016 commentum
305 952 463 1034 indignum
497 955 658 1014 maiestate
687 954 879 1033 theologica,
914 971 984 1012 cum

59 1039 91 1098 in
114 1037 324 1116 disputatione
346 1037 428 1097 clare
450 1056 501 1097 me
517 1039 722 1117 exposuerim.
755 1037 860 1097 Nescit
882 1055 985 1096 esseu-

60 1121 135 1182 tiam
157 1120 214 1181 Dei
238 1120 333 1180 videri
356 1127 452 1180 totam
475 1139 494 1180 a
516 1119 624 1197 beato,
656 1127 688 1180 at
717 1121 789 1199 quia
817 1138 881 1179 non
903 1137 985 1179 com·

60 1202 261 1283 prehenditur
284 1223 303 1263 a
324 1203 435 1278 beato,
456 1223 519 1264 non
549 1203 669 1263 videtur
700 1203 843 1264 totaliter.
893 1200 986 1276 Quid·

60 1286 141 1347 ditas
162 1287 284 1367 generis
307 1293 354 1346 est
376 1292 442 1347 tota
462 1288 493 1346 in
516 1307 577 1347 una
608 1287 733 1367 specie,
769 1285 910 1346 sednon
940 1291 985 1346 to·

60 1369 178 1444 taliter,
215 1387 283 1429 cum
321 1370 413 1430 etiam
448 1371 488 1430 sit
526 1371 556 1429 in
591 1370 664 1447 alia,
708 1371 753 1429 sic
796 1370 900 1429 abima
938 1376 986 1429 ast

61 1460 128 1514 tota
154 1453 185 1512 in
215 1471 320 1530 manu,
354 1471 415 1512 non
439 1455 500 1530 sic,
536 1455 607 1531 quin
644 1453 735 1513 etiam
765 1453 804 1512 sit
832 1453 863 1511 in
894 1451 984 1531 pade.

61 1536 113 1596 Sic
134 1534 249 1596 bouum
272 1553 351 1614 opus
374 1542 421 1594 est
444 1543 540 1595 totum
564 1556 583 1596 a
604 1536 686 1612 Deo,
719 1554 781 1595 non
804 1541 907 1595 tamen
931 1535 986 1607 sic,

60 1619 134 1698 quin
158 1619 249 1679 etiam
273 1619 313 1677 sit
334 1637 352 1677 a
375 1618 472 1679 libero
496 1617 639 1686 arbitrio.
673 1619 744 1696 quia
773 1616 863 1677 simul
890 1624 988 1697 agunt

61 1721 124 1762 non
149 1702 299 1778 vicissim,
324 1702 458 1778 mixtim,
487 1721 548 1761 non
573 1701 739 1781 sigillatim.
782 1699 816 1760 ld
838 1719 985 1780 expresse

62 1786 107 1845 ait
128 1783 301 1845 Beruardus
323 1785 582 1864 pertinentissime
605 1784 644 1844 ad
667 1784 868 1863 propositum.

146 1869 184 1937 4)
209 1867 417 1947 improperat,
447 1866 529 1946 quod
554 1867 649 1927 multa
669 1866 833 1927 inciviliter
855 1864 984 1926 dixerim

62 1957 173 2011 contra
194 1949 375 2028 Lutherum,
409 1956 440 2011 et
461 1950 595 2011 breviter
617 1951 721 2010 omnia
752 1948 920 2025 eiusmodi,
955 1955 987 2008 ut

62 2033 208 2093 invidiam
224 2032 357 2093 Luthcro
381 2032 548 2094 conflarem
572 2033 653 2113 apud
676 2034 809 2114 vulgum.
843 2031 921 2111 Hoc,
943 2033 987 2090 in·

61 2135 165 2195 quam,
187 2116 297 2176 falsum
321 2135 390 2175 esse
412 2124 565 2176 noverunt
587 2115 708 2176 candidi
738 2115 904 2176 auditores.
947 2115 989 2175 Et

61 2207 202 2260 truncate
231 2217 329 2259 mea-m
353 2198 440 2259 affert
462 2202 614 2260 rationem
643 2207 750 2260 contra
772 2198 937 2259 Lutherum
951 2196 983 2279 ²)

62 2283 104 2341 de
126 2284 226 2362 capite
249 2283 409 2344 ecclesiae.

146 2365 182 2438 bl
207 2365 298 2425 Ponit
319 2364 498 2445 Hieronymi
522 2373 552 2424 et
567 2366 711 2444 Cypriani
734 2365 821 2425 locos
845 2383 900 2443 pro
924 2382 986 2423 cer·

61 2451 103 2508 tis
125 2468 144 2507 a
166 2467 214 2507 me
242 2448 398 2528 prolatos,
428 2449 479 2526 qui
503 2455 604 2507 tamen
632 2450 663 2507 in
687 2448 809 2508 dubium
833 2446 986 2507 vocaban-

61 2543 121 2591 tur.
165 2529 244 2599 Vide
281 2549 452 2591 censorem.
496 2531 716 2609 Hieronymum
746 2530 861 2589 adduxi
894 2527 984 2592 lib.1

61 2622 173 2675 contra
193 2614 385 2674 Iovinianum
414 2614 472 2674 eol.
499 2615 553 2681 18.
587 2613 773 2693 cyprianum
801 2615 831 2672 in
856 2612 988 2691 epistola

62 2696 104 2757 ad
129 2697 296 2777 Pupienum
329 2697 378 2756 lib.
402 2699 430 2757 4.
453 2696 671 2776 Epistolarum.
714 2695 811 2775 legat
833 2694 988 2755 studiosus

62 2782 171 2845 lector.
195 2786 226 2839 et
247 2779 377 2853 indicet,
411 2800 449 2839 an
473 2780 575 2839 locum
599 2777 723 2838 dubium
746 2778 924 2857 protulerim
948 2776 988 2838 de

63 2864 197 2943 primatu
222 2862 302 2922 Petri
325 2882 393 2922 cum
417 2862 485 2921 aliis
509 2863 585 2923 locis
610 2861 879 2922 concordantibus.
922 2860 987 2920 lmo

61 2945 241 3026 syngrapha
263 2946 383 3005 Martini
407 2945 551 3024 probavi,
575 2944 762 3024 cyprianum
786 2964 823 3005 eo
848 2943 918 3003 loco
942 2963 986 3003 ar·

63 3030 169 3089 bitrari
194 3028 357 3088 ecclesiam
387 3029 543 3088 fundatam
567 3048 659 3107 super
681 3028 781 3088 Petro.
826 3026 886 3087 Sed
909 3026 988 3086 haec

61 3111 104 3172 ad
125 3111 251 3172 iudices.

147 3194 184 3273 6)
210 3193 366 3253 invidiose
389 3194 463 3251 satis
487 3193 569 3269 dicit,
593 3213 641 3253 me
663 3193 819 3252 iactilasse
841 3190 988 3251 Bernardi

62 3279 260 3337 autoritatem
284 3275 322 3335 ad
345 3276 528 3355 Eugenium,
552 3277 637 3335 ouius
660 3285 761 3336 tamen
786 3274 878 3334 tacite
901 3272 988 3333 dero·

61 3368 117 3440 gat
144 3361 310 3420 autoritati.
353 3359 425 3418 Plus
456 3378 515 3438 ego
547 3360 645 3419 tribuo
677 3360 729 3418 uni
759 3358 788 3419 S.
819 3356 987 3430 Resonndo,

62 3462 156 3521 quem
183 3441 329 3521 Philippo
358 3448 389 3501 et
416 3441 557 3501 omnibus
586 3443 648 3501 suis
676 3442 813 3502 asseclis.
858 3439 889 3499 si
917 3439 987 3500 Ber·

62 3527 177 3586 nardus
212 3544 250 3585 eo
274 3525 351 3585 libro
375 3525 478 3603 aliqua
500 3523 577 3584 dixit
601 3544 656 3604 pro
680 3525 833 3585 sententia
854 3522 988 3602 Lutheri,

138 3697 168 3765 1)
191 3697 222 3748 ln
242 3696 285 3750 ad.
298 3698 381 3765 orig.:
402 3696 602 3765 publicabatur.
641 3695 669 3757 2)
691 3694 757 3746 lbid.
773 3695 819 3746 hic
838 3693 987 3762 etreliquis

61 3768 320 3854 locisalutterum.
