<?xml version="1.0" encoding="UTF-8"?>
<!DOCTYPE html PUBLIC "-//W3C//DTD XHTML 1.0 Transitional//EN"
    "http://www.w3.org/TR/xhtml1/DTD/xhtml1-transitional.dtd">
<html xmlns="http://www.w3.org/1999/xhtml" xml:lang="en" lang="en">
 <head>
  <title>
</title>
<meta http-equiv="Content-Type" content="text/html;charset=utf-8" />
  <meta name='ocr-system' content='tesseract 3.04.00' />
  <meta name='ocr-capabilities' content='ocr_page ocr_carea ocr_par ocr_line ocrx_word'/>
</head>
<body>
  <div class='ocr_page' id='page_1' title='image "./dmartinilutheri04luthgoog_0677.png"; bbox 0 0 2346 4208; ppageno 0'>
   <div class='ocr_carea' id='block_1_1' title="bbox 9 3908 44 3952">
    <p class='ocr_par' dir='ltr' id='par_1_1' title="bbox 9 3908 44 3952">
     <span class='ocr_line' id='line_1_1' title="bbox 9 3908 44 3952; baseline 0 0"><span class='ocrx_word' id='word_1_1' title='bbox 9 3908 44 3952; x_wconf 65' lang='lat' dir='ltr'>h</span> 
     </span>
    </p>
   </div>
   <div class='ocr_carea' id='block_1_2' title="bbox 129 255 711 323">
    <p class='ocr_par' dir='ltr' id='par_1_2' title="bbox 129 255 711 323">
     <span class='ocr_line' id='line_1_2' title="bbox 129 255 711 323; baseline 0.005 -9"><span class='ocrx_word' id='word_1_2' title='bbox 129 255 192 323; x_wconf 68' lang='grc'><strong>154</strong></span> <span class='ocrx_word' id='word_1_3' title='bbox 467 260 621 315; x_wconf 81' lang='lat' dir='ltr'><strong>Confitendi</strong></span> <span class='ocrx_word' id='word_1_4' title='bbox 638 263 711 317; x_wconf 76' lang='lat' dir='ltr'><strong>ratio</strong></span> 
     </span>
    </p>
   </div>
   <div class='ocr_carea' id='block_1_3' title="bbox 130 446 1051 695">
    <p class='ocr_par' dir='ltr' id='par_1_3' title="bbox 130 446 1051 695">
     <span class='ocr_line' id='line_1_3' title="bbox 214 446 1050 511; baseline 0.004 -6"><span class='ocrx_word' id='word_1_5' title='bbox 214 446 332 507; x_wconf 85' lang='lat' dir='ltr'><strong>Nonio</strong></span> <span class='ocrx_word' id='word_1_6' title='bbox 356 453 441 508; x_wconf 88' lang='lat' dir='ltr'><strong>textu</strong></span> <span class='ocrx_word' id='word_1_7' title='bbox 461 446 618 509; x_wconf 88' lang='lat' dir='ltr'><strong>reddendo</strong></span> <span class='ocrx_word' id='word_1_8' title='bbox 641 449 738 508; x_wconf 85' lang='lat' dir='ltr'><strong>secuti</strong></span> <span class='ocrx_word' id='word_1_9' title='bbox 761 469 865 511; x_wconf 81' lang='lat' dir='ltr'><strong>sumus</strong></span> <span class='ocrx_word' id='word_1_10' title='bbox 888 447 1050 511; x_wconf 81' lang='lat' dir='ltr'>editionem</span> 
     </span>
     <span class='ocr_line' id='line_1_4' title="bbox 130 530 1051 610; baseline 0.004 -22"><span class='ocrx_word' id='word_1_11' title='bbox 130 530 432 610; x_wconf 87' lang='lat' dir='ltr'><strong>Vittenbcrgensem,</strong></span> <span class='ocrx_word' id='word_1_12' title='bbox 455 551 533 609; x_wconf 86' lang='lat' dir='ltr'><strong>quae</strong></span> <span class='ocrx_word' id='word_1_13' title='bbox 555 551 583 592; x_wconf 90' lang='lat' dir='ltr'><strong>a.</strong></span> <span class='ocrx_word' id='word_1_14' title='bbox 608 534 689 596; x_wconf 76' lang='lat'>1520</span> <span class='ocrx_word' id='word_1_15' title='bbox 710 533 740 592; x_wconf 92' lang='lat' dir='ltr'><strong>in</strong></span> <span class='ocrx_word' id='word_1_16' title='bbox 756 531 884 594; x_wconf 84' lang='lat' dir='ltr'><strong>aedibus</strong></span> <span class='ocrx_word' id='word_1_17' title='bbox 906 533 958 596; x_wconf 88' lang='lat' dir='ltr'><strong>Jo.</strong></span> <span class='ocrx_word' id='word_1_18' title='bbox 980 532 1051 593; x_wconf 77' lang='lat' dir='ltr'><strong>Grn-</strong></span> 
     </span>
     <span class='ocr_line' id='line_1_5' title="bbox 131 613 652 695; baseline 0.004 -22"><span class='ocrx_word' id='word_1_19' title='bbox 131 613 291 693; x_wconf 86' lang='lat' dir='ltr'><strong>nenbergii</strong></span> <span class='ocrx_word' id='word_1_20' title='bbox 315 614 401 693; x_wconf 88' lang='lat' dir='ltr'><strong>prelo</strong></span> <span class='ocrx_word' id='word_1_21' title='bbox 424 615 573 695; x_wconf 88' lang='lat' dir='ltr'><strong>impressa</strong></span> <span class='ocrx_word' id='word_1_22' title='bbox 596 624 652 676; x_wconf 88' lang='lat' dir='ltr'><strong>est.</strong></span> 
     </span>
    </p>
   </div>
   <div class='ocr_carea' id='block_1_4' title="bbox 131 849 1056 1018">
    <p class='ocr_par' dir='ltr' id='par_1_4' title="bbox 131 836 1056 1018">
     <span class='ocr_line' id='line_1_6' title="bbox 131 849 1056 934; baseline 0.002 -20"><span class='ocrx_word' id='word_1_23' title='bbox 131 849 306 918; x_wconf 73' lang='lat' dir='ltr'><strong>confitendi</strong></span> <span class='ocrx_word' id='word_1_24' title='bbox 327 849 413 917; x_wconf 85' lang='lat' dir='ltr'><strong>ratio</strong></span> <span class='ocrx_word' id='word_1_25' title='bbox 434 849 470 915; x_wconf 86' lang='lat' dir='ltr'><strong>D.</strong></span> <span class='ocrx_word' id='word_1_26' title='bbox 490 849 623 917; x_wconf 82' lang='lat' dir='ltr'><strong>Martini</strong></span> <span class='ocrx_word' id='word_1_27' title='bbox 644 850 793 927; x_wconf 81' lang='lat' dir='ltr'><strong>buthsri,</strong></span> <span class='ocrx_word' id='word_1_28' title='bbox 821 850 1056 934; x_wconf 69' lang='lat' dir='ltr'><strong>augustiniani</strong></span> 
     </span>
     <span class='ocr_line' id='line_1_7' title="bbox 440 931 742 1018; baseline 0 -21"><span class='ocrx_word' id='word_1_29' title='bbox 440 931 742 1018; x_wconf 80' lang='lat' dir='ltr'><strong>Wittanbargansis.</strong></span> 
     </span>
    </p>
   </div>
   <div class='ocr_carea' id='block_1_5' title="bbox 519 1086 663 1149">
    <p class='ocr_par' dir='ltr' id='par_1_5' title="bbox 519 1086 663 1149">
     <span class='ocr_line' id='line_1_8' title="bbox 519 1086 663 1149; baseline 0.028 -4"><span class='ocrx_word' id='word_1_30' title='bbox 519 1086 663 1149; x_wconf 88' lang='lat' dir='ltr'><strong>Primum.</strong></span> 
     </span>
    </p>
   </div>
   <div class='ocr_carea' id='block_1_6' title="bbox 129 1237 1061 3645">
    <p class='ocr_par' dir='ltr' id='par_1_6' title="bbox 129 1237 1056 2068">
     <span class='ocr_line' id='line_1_9' title="bbox 212 1237 1054 1313; baseline 0.004 -16"><span class='ocrx_word' id='word_1_31' title='bbox 212 1237 343 1313; x_wconf 75' lang='lat' dir='ltr'><strong>Quando</strong></span> <span class='ocrx_word' id='word_1_32' title='bbox 367 1245 473 1300; x_wconf 88' lang='lat' dir='ltr'><strong>nostro</strong></span> <span class='ocrx_word' id='word_1_33' title='bbox 494 1240 599 1300; x_wconf 87' lang='lat' dir='ltr'><strong>seculo</strong></span> <span class='ocrx_word' id='word_1_34' title='bbox 623 1239 757 1300; x_wconf 90' lang='lat' dir='ltr'><strong>omnium</strong></span> <span class='ocrx_word' id='word_1_35' title='bbox 774 1239 871 1300; x_wconf 90' lang='lat' dir='ltr'><strong>ferme</strong></span> <span class='ocrx_word' id='word_1_36' title='bbox 894 1242 1054 1301; x_wconf 86' lang='lat' dir='ltr'><strong>conscien-</strong></span> 
     </span>
     <span class='ocr_line' id='line_1_10' title="bbox 130 1323 1054 1403; baseline 0 -20"><span class='ocrx_word' id='word_1_37' title='bbox 130 1323 192 1383; x_wconf 83' lang='lat' dir='ltr'><strong>tiae</strong></span> <span class='ocrx_word' id='word_1_38' title='bbox 215 1329 285 1381; x_wconf 89' lang='lat' dir='ltr'><strong>sunt</strong></span> <span class='ocrx_word' id='word_1_39' title='bbox 306 1324 336 1382; x_wconf 92' lang='lat' dir='ltr'><strong>in</strong></span> <span class='ocrx_word' id='word_1_40' title='bbox 346 1323 453 1382; x_wconf 90' lang='lat' dir='ltr'><strong>falsam</strong></span> <span class='ocrx_word' id='word_1_41' title='bbox 478 1343 552 1383; x_wconf 87' lang='lat' dir='ltr'><strong>suae</strong></span> <span class='ocrx_word' id='word_1_42' title='bbox 573 1324 706 1383; x_wconf 86' lang='lat' dir='ltr'><strong>iustitiae</strong></span> <span class='ocrx_word' id='word_1_43' title='bbox 728 1329 758 1383; x_wconf 80' lang='lat' dir='ltr'><strong>et</strong></span> <span class='ocrx_word' id='word_1_44' title='bbox 775 1341 904 1403; x_wconf 90' lang='lat' dir='ltr'><strong>operum</strong></span> <span class='ocrx_word' id='word_1_45' title='bbox 932 1343 1054 1384; x_wconf 91' lang='lat' dir='ltr'><strong>suorum</strong></span> 
     </span>
     <span class='ocr_line' id='line_1_11' title="bbox 129 1405 1056 1485; baseline 0.003 -21"><span class='ocrx_word' id='word_1_46' title='bbox 129 1405 271 1464; x_wconf 84' lang='lat' dir='ltr'><strong>fiduciam</strong></span> <span class='ocrx_word' id='word_1_47' title='bbox 294 1407 434 1466; x_wconf 89' lang='lat' dir='ltr'><strong>humanis</strong></span> <span class='ocrx_word' id='word_1_48' title='bbox 466 1406 612 1467; x_wconf 85' lang='lat' dir='ltr'><strong>doctrinis</strong></span> <span class='ocrx_word' id='word_1_49' title='bbox 636 1405 804 1484; x_wconf 88' lang='lat' dir='ltr'><strong>abductae,</strong></span> <span class='ocrx_word' id='word_1_50' title='bbox 840 1405 971 1485; x_wconf 86' lang='lat' dir='ltr'><strong>fereque</strong></span> <span class='ocrx_word' id='word_1_51' title='bbox 994 1427 1056 1467; x_wconf 91' lang='lat' dir='ltr'><strong>eru·</strong></span> 
     </span>
     <span class='ocr_line' id='line_1_12' title="bbox 129 1487 1053 1550; baseline 0.002 -2"><span class='ocrx_word' id='word_1_52' title='bbox 129 1488 204 1548; x_wconf 91' lang='lat' dir='ltr'><strong>ditio</strong></span> <span class='ocrx_word' id='word_1_53' title='bbox 226 1487 295 1548; x_wconf 85' lang='lat' dir='ltr'><strong>fidei</strong></span> <span class='ocrx_word' id='word_1_54' title='bbox 320 1496 350 1550; x_wconf 88' lang='lat' dir='ltr'><strong>et</strong></span> <span class='ocrx_word' id='word_1_55' title='bbox 373 1492 403 1549; x_wconf 91' lang='lat' dir='ltr'><strong>in</strong></span> <span class='ocrx_word' id='word_1_56' title='bbox 427 1489 524 1549; x_wconf 91' lang='lat' dir='ltr'><strong>Deum</strong></span> <span class='ocrx_word' id='word_1_57' title='bbox 548 1489 678 1549; x_wconf 87' lang='lat' dir='ltr'><strong>fiduciae</strong></span> <span class='ocrx_word' id='word_1_58' title='bbox 703 1488 905 1549; x_wconf 82' lang='lat' dir='ltr'><strong>obmutuerit:</strong></span> <span class='ocrx_word' id='word_1_59' title='bbox 940 1489 1053 1550; x_wconf 89' lang='lat' dir='ltr'><strong>idcirco</strong></span> 
     </span>
     <span class='ocr_line' id='line_1_13' title="bbox 131 1571 1052 1650; baseline 0.001 -18"><span class='ocrx_word' id='word_1_60' title='bbox 131 1577 162 1632; x_wconf 91' lang='lat' dir='ltr'><strong>et</strong></span> <span class='ocrx_word' id='word_1_61' title='bbox 184 1571 364 1634; x_wconf 90' lang='lat' dir='ltr'><strong>confessuro</strong></span> <span class='ocrx_word' id='word_1_62' title='bbox 388 1575 596 1633; x_wconf 89' lang='lat' dir='ltr'><strong>necessarium</strong></span> <span class='ocrx_word' id='word_1_63' title='bbox 616 1580 663 1632; x_wconf 86' lang='lat' dir='ltr'><strong>est</strong></span> <span class='ocrx_word' id='word_1_64' title='bbox 685 1578 756 1632; x_wconf 90' lang='lat' dir='ltr'><strong>ante</strong></span> <span class='ocrx_word' id='word_1_65' title='bbox 779 1573 900 1650; x_wconf 91' lang='lat' dir='ltr'><strong>omnia,</strong></span> <span class='ocrx_word' id='word_1_66' title='bbox 936 1579 971 1633; x_wconf 92' lang='lat' dir='ltr'><strong>ut</strong></span> <span class='ocrx_word' id='word_1_67' title='bbox 993 1593 1052 1633; x_wconf 91' lang='lat' dir='ltr'><strong>non</strong></span> 
     </span>
     <span class='ocr_line' id='line_1_14' title="bbox 130 1653 1056 1733; baseline 0.003 -19"><span class='ocrx_word' id='word_1_68' title='bbox 130 1653 242 1715; x_wconf 84' lang='lat' dir='ltr'><strong>fiducia</strong></span> <span class='ocrx_word' id='word_1_69' title='bbox 264 1656 467 1716; x_wconf 87' lang='lat' dir='ltr'><strong>confessionis</strong></span> <span class='ocrx_word' id='word_1_70' title='bbox 490 1656 539 1716; x_wconf 88' lang='lat' dir='ltr'><strong>vel</strong></span> <span class='ocrx_word' id='word_1_71' title='bbox 564 1655 725 1716; x_wconf 78' lang='lat' dir='ltr'><strong>faciendae</strong></span> <span class='ocrx_word' id='word_1_72' title='bbox 748 1656 795 1715; x_wconf 89' lang='lat' dir='ltr'><strong>vel</strong></span> <span class='ocrx_word' id='word_1_73' title='bbox 811 1655 913 1715; x_wconf 89' lang='lat' dir='ltr'><strong>factae</strong></span> <span class='ocrx_word' id='word_1_74' title='bbox 935 1657 1056 1733; x_wconf 87' lang='lat' dir='ltr'><strong>nitatur,</strong></span> 
     </span>
     <span class='ocr_line' id='line_1_15' title="bbox 131 1737 1056 1818; baseline 0 -19"><span class='ocrx_word' id='word_1_75' title='bbox 131 1737 185 1799; x_wconf 91' lang='lat' dir='ltr'><strong>sed</strong></span> <span class='ocrx_word' id='word_1_76' title='bbox 221 1739 251 1797; x_wconf 92' lang='lat' dir='ltr'><strong>in</strong></span> <span class='ocrx_word' id='word_1_77' title='bbox 287 1740 382 1799; x_wconf 91' lang='lat' dir='ltr'><strong>solius</strong></span> <span class='ocrx_word' id='word_1_78' title='bbox 411 1739 774 1799; x_wconf 52' lang='lat' dir='ltr'><strong>Dei‘clementlssimam</strong></span> <span class='ocrx_word' id='word_1_79' title='bbox 819 1739 1056 1818; x_wconf 81' lang='lat' dir='ltr'><strong>promissionem</strong></span> 
     </span>
     <span class='ocr_line' id='line_1_16' title="bbox 131 1821 1055 1902; baseline 0.001 -21"><span class='ocrx_word' id='word_1_80' title='bbox 131 1828 196 1882; x_wconf 89' lang='lat' dir='ltr'><strong>tota</strong></span> <span class='ocrx_word' id='word_1_81' title='bbox 219 1821 290 1882; x_wconf 83' lang='lat' dir='ltr'><strong>[idei</strong></span> <span class='ocrx_word' id='word_1_82' title='bbox 312 1822 503 1902; x_wconf 84' lang='lat' dir='ltr'><strong>plenitudine</strong></span> <span class='ocrx_word' id='word_1_83' title='bbox 526 1822 672 1898; x_wconf 80' lang='lat' dir='ltr'><strong>confidat,</strong></span> <span class='ocrx_word' id='word_1_84' title='bbox 695 1823 880 1882; x_wconf 87' lang='lat' dir='ltr'><strong>certissimus</strong></span> <span class='ocrx_word' id='word_1_85' title='bbox 902 1821 1055 1900; x_wconf 86' lang='lat' dir='ltr'><strong>videlicet,</strong></span> 
     </span>
     <span class='ocr_line' id='line_1_17' title="bbox 132 1903 1056 1986; baseline 0.002 -22"><span class='ocrx_word' id='word_1_86' title='bbox 132 1903 226 1984; x_wconf 92' lang='lat' dir='ltr'><strong>quod,</strong></span> <span class='ocrx_word' id='word_1_87' title='bbox 252 1905 301 1983; x_wconf 84' lang='lat' dir='ltr'><strong>qui</strong></span> <span class='ocrx_word' id='word_1_88' title='bbox 327 1906 507 1966; x_wconf 87' lang='lat' dir='ltr'><strong>confessuro</strong></span> <span class='ocrx_word' id='word_1_89' title='bbox 531 1913 661 1986; x_wconf 87' lang='lat' dir='ltr'><strong>peccata</strong></span> <span class='ocrx_word' id='word_1_90' title='bbox 682 1925 737 1965; x_wconf 89' lang='lat' dir='ltr'><strong>sua</strong></span> <span class='ocrx_word' id='word_1_91' title='bbox 760 1905 900 1984; x_wconf 86' lang='lat' dir='ltr'><strong>promisit</strong></span> <span class='ocrx_word' id='word_1_92' title='bbox 922 1907 1056 1982; x_wconf 88' lang='lat' dir='ltr'><strong>veniam,</strong></span> 
     </span>
     <span class='ocr_line' id='line_1_18' title="bbox 133 1986 884 2068; baseline 0.003 -20"><span class='ocrx_word' id='word_1_93' title='bbox 133 1989 375 2068; x_wconf 90' lang='lat' dir='ltr'><strong>promissionem</strong></span> <span class='ocrx_word' id='word_1_94' title='bbox 399 2009 485 2048; x_wconf 90' lang='lat' dir='ltr'><strong>suam</strong></span> <span class='ocrx_word' id='word_1_95' title='bbox 509 1988 686 2049; x_wconf 87' lang='lat' dir='ltr'><strong>fidelissime</strong></span> <span class='ocrx_word' id='word_1_96' title='bbox 708 1986 884 2067; x_wconf 88' lang='lat' dir='ltr'><strong>praestabit.</strong></span> 
     </span>
    </p>

    <p class='ocr_par' dir='ltr' id='par_1_7' title="bbox 132 2068 1059 2797">
     <span class='ocr_line' id='line_1_19' title="bbox 216 2068 1057 2152; baseline 0 -22"><span class='ocrx_word' id='word_1_97' title='bbox 216 2071 285 2131; x_wconf 89' lang='lat' dir='ltr'><strong>Non</strong></span> <span class='ocrx_word' id='word_1_98' title='bbox 309 2074 389 2131; x_wconf 89' lang='lat' dir='ltr'><strong>enim</strong></span> <span class='ocrx_word' id='word_1_99' title='bbox 414 2073 485 2151; x_wconf 90' lang='lat' dir='ltr'><strong>quia</strong></span> <span class='ocrx_word' id='word_1_100' title='bbox 508 2091 565 2132; x_wconf 91' lang='lat' dir='ltr'><strong>nos</strong></span> <span class='ocrx_word' id='word_1_101' title='bbox 588 2068 783 2144; x_wconf 86' lang='lat' dir='ltr'><strong>confitemur,</strong></span> <span class='ocrx_word' id='word_1_102' title='bbox 815 2070 869 2130; x_wconf 86' lang='lat' dir='ltr'><strong>sed</strong></span> <span class='ocrx_word' id='word_1_103' title='bbox 900 2071 974 2150; x_wconf 89' lang='lat' dir='ltr'><strong>quia</strong></span> <span class='ocrx_word' id='word_1_104' title='bbox 995 2073 1057 2152; x_wconf 87' lang='lat' dir='ltr'><strong>ipse</strong></span> 
     </span>
     <span class='ocr_line' id='line_1_20' title="bbox 134 2152 1057 2234; baseline -0.001 -20"><span class='ocrx_word' id='word_1_105' title='bbox 134 2155 274 2234; x_wconf 86' lang='lat' dir='ltr'><strong>promisit</strong></span> <span class='ocrx_word' id='word_1_106' title='bbox 297 2157 418 2214; x_wconf 87' lang='lat' dir='ltr'><strong>veniam</strong></span> <span class='ocrx_word' id='word_1_107' title='bbox 439 2154 671 2230; x_wconf 83' lang='lat' dir='ltr'><strong>confitentibus,</strong></span> <span class='ocrx_word' id='word_1_108' title='bbox 701 2152 896 2234; x_wconf 90' lang='lat' dir='ltr'><strong>gloriandum</strong></span> <span class='ocrx_word' id='word_1_109' title='bbox 920 2161 979 2233; x_wconf 91' lang='lat' dir='ltr'><strong>est,</strong></span> <span class='ocrx_word' id='word_1_110' title='bbox 1001 2153 1057 2216; x_wconf 88' lang='lat' dir='ltr'><strong>hoo</strong></span> 
     </span>
     <span class='ocr_line' id='line_1_21' title="bbox 135 2235 1057 2317; baseline 0 -21"><span class='ocrx_word' id='word_1_111' title='bbox 135 2244 191 2312; x_wconf 88' lang='lat' dir='ltr'><strong>est,</strong></span> <span class='ocrx_word' id='word_1_112' title='bbox 211 2257 273 2296; x_wconf 90' lang='lat' dir='ltr'><strong>non</strong></span> <span class='ocrx_word' id='word_1_113' title='bbox 297 2244 422 2317; x_wconf 89' lang='lat' dir='ltr'><strong>propter</strong></span> <span class='ocrx_word' id='word_1_114' title='bbox 444 2244 570 2298; x_wconf 89' lang='lat' dir='ltr'><strong>nostrae</strong></span> <span class='ocrx_word' id='word_1_115' title='bbox 587 2237 790 2298; x_wconf 89' lang='lat' dir='ltr'><strong>confessionis</strong></span> <span class='ocrx_word' id='word_1_116' title='bbox 813 2235 996 2317; x_wconf 88' lang='lat' dir='ltr'><strong>dignitatem</strong></span> <span class='ocrx_word' id='word_1_117' title='bbox 1010 2245 1057 2298; x_wconf 87' lang='lat' dir='ltr'><strong>aut</strong></span> 
     </span>
     <span class='ocr_line' id='line_1_22' title="bbox 137 2319 1056 2399; baseline 0.002 -21"><span class='ocrx_word' id='word_1_118' title='bbox 137 2319 349 2380; x_wconf 87' lang='lat' dir='ltr'><strong>sufficicntiam</strong></span> <span class='ocrx_word' id='word_1_119' title='bbox 368 2328 455 2395; x_wconf 83' lang='lat' dir='ltr'><strong>(curn</strong></span> <span class='ocrx_word' id='word_1_120' title='bbox 476 2322 544 2381; x_wconf 89' lang='lat' dir='ltr'><strong>talis</strong></span> <span class='ocrx_word' id='word_1_121' title='bbox 568 2321 652 2380; x_wconf 89' lang='lat' dir='ltr'><strong>nulla</strong></span> <span class='ocrx_word' id='word_1_122' title='bbox 674 2322 742 2397; x_wconf 80' lang='lat' dir='ltr'><strong>sit),</strong></span> <span class='ocrx_word' id='word_1_123' title='bbox 766 2320 818 2379; x_wconf 87' lang='lat' dir='ltr'><strong>sed</strong></span> <span class='ocrx_word' id='word_1_124' title='bbox 833 2326 963 2399; x_wconf 88' lang='lat' dir='ltr'><strong>propter</strong></span> <span class='ocrx_word' id='word_1_125' title='bbox 986 2340 1056 2380; x_wconf 87' lang='lat' dir='ltr'><strong>suae</strong></span> 
     </span>
     <span class='ocr_line' id='line_1_23' title="bbox 133 2402 1058 2482; baseline 0.001 -21"><span class='ocrx_word' id='word_1_126' title='bbox 133 2404 346 2482; x_wconf 88' lang='lat' dir='ltr'><strong>promissionis</strong></span> <span class='ocrx_word' id='word_1_127' title='bbox 370 2405 528 2464; x_wconf 89' lang='lat' dir='ltr'><strong>veritatem</strong></span> <span class='ocrx_word' id='word_1_128' title='bbox 561 2411 591 2463; x_wconf 89' lang='lat' dir='ltr'><strong>et</strong></span> <span class='ocrx_word' id='word_1_129' title='bbox 613 2402 834 2464; x_wconf 77' lang='lat' dir='ltr'><strong>certitudinem.</strong></span> <span class='ocrx_word' id='word_1_130' title='bbox 878 2403 966 2464; x_wconf 81' lang='lat' dir='ltr'><strong>Siout</strong></span> <span class='ocrx_word' id='word_1_131' title='bbox 988 2404 1058 2464; x_wconf 90' lang='lat' dir='ltr'><strong>dicit</strong></span> 
     </span>
     <span class='ocr_line' id='line_1_24' title="bbox 132 2486 1056 2569; baseline 0.002 -25"><span class='ocrx_word' id='word_1_132' title='bbox 132 2486 212 2546; x_wconf 90' lang='lat' dir='ltr'><strong>Psal.</strong></span> <span class='ocrx_word' id='word_1_133' title='bbox 236 2489 275 2549; x_wconf 76' lang='lat'><strong>24</strong></span> <span class='ocrx_word' id='word_1_134' title='bbox 293 2486 333 2569; x_wconf 84' lang='lat'><strong>&#39;):</strong></span> <span class='ocrx_word' id='word_1_135' title='bbox 379 2489 506 2567; x_wconf 90' lang='lat' dir='ltr'><strong>Propter</strong></span> <span class='ocrx_word' id='word_1_136' title='bbox 527 2507 639 2547; x_wconf 88' lang='lat' dir='ltr'><strong>nomen</strong></span> <span class='ocrx_word' id='word_1_137' title='bbox 665 2494 764 2563; x_wconf 89' lang='lat' dir='ltr'><strong>tuum,</strong></span> <span class='ocrx_word' id='word_1_138' title='bbox 787 2486 936 2563; x_wconf 85' lang='lat' dir='ltr'><strong>Domine,</strong></span> <span class='ocrx_word' id='word_1_139' title='bbox 959 2487 1056 2567; x_wconf 92' lang='lat' dir='ltr'><strong>propi·</strong></span> 
     </span>
     <span class='ocr_line' id='line_1_25' title="bbox 132 2569 1059 2650; baseline 0 -23"><span class='ocrx_word' id='word_1_140' title='bbox 132 2569 257 2628; x_wconf 89' lang='lat' dir='ltr'><strong>tiaberis</strong></span> <span class='ocrx_word' id='word_1_141' title='bbox 293 2578 422 2650; x_wconf 86' lang='lat' dir='ltr'><strong>peccato</strong></span> <span class='ocrx_word' id='word_1_142' title='bbox 449 2591 535 2648; x_wconf 69' lang='lat' dir='ltr'><strong>meo,</strong></span> <span class='ocrx_word' id='word_1_143' title='bbox 569 2590 631 2631; x_wconf 91' lang='lat' dir='ltr'><strong>non</strong></span> <span class='ocrx_word' id='word_1_144' title='bbox 659 2571 715 2645; x_wconf 86' lang='lat' dir='ltr'><strong>ait,</strong></span> <span class='ocrx_word' id='word_1_145' title='bbox 749 2575 874 2647; x_wconf 91' lang='lat' dir='ltr'><strong>propter</strong></span> <span class='ocrx_word' id='word_1_146' title='bbox 908 2589 980 2647; x_wconf 90' lang='lat' dir='ltr'><strong>me,</strong></span> <span class='ocrx_word' id='word_1_147' title='bbox 1011 2577 1059 2630; x_wconf 90' lang='lat' dir='ltr'><strong>aut</strong></span> 
     </span>
     <span class='ocr_line' id='line_1_26' title="bbox 133 2652 1058 2734; baseline 0.001 -23"><span class='ocrx_word' id='word_1_148' title='bbox 133 2672 232 2712; x_wconf 87' lang='lat' dir='ltr'><strong>meam</strong></span> <span class='ocrx_word' id='word_1_149' title='bbox 257 2652 453 2734; x_wconf 88' lang='lat' dir='ltr'><strong>dignitatern,</strong></span> <span class='ocrx_word' id='word_1_150' title='bbox 487 2662 539 2714; x_wconf 89' lang='lat' dir='ltr'><strong>aut</strong></span> <span class='ocrx_word' id='word_1_151' title='bbox 568 2672 682 2713; x_wconf 91' lang='lat' dir='ltr'><strong>nomen</strong></span> <span class='ocrx_word' id='word_1_152' title='bbox 705 2672 823 2729; x_wconf 90' lang='lat' dir='ltr'><strong>meum,</strong></span> <span class='ocrx_word' id='word_1_153' title='bbox 857 2652 912 2712; x_wconf 90' lang='lat' dir='ltr'><strong>sed</strong></span> <span class='ocrx_word' id='word_1_154' title='bbox 935 2659 1058 2734; x_wconf 87' lang='lat' dir='ltr'><strong>propter</strong></span> 
     </span>
     <span class='ocr_line' id='line_1_27' title="bbox 134 2743 439 2797; baseline 0.01 -3"><span class='ocrx_word' id='word_1_155' title='bbox 134 2755 247 2795; x_wconf 91' lang='lat' dir='ltr'><strong>nomen</strong></span> <span class='ocrx_word' id='word_1_156' title='bbox 272 2743 354 2796; x_wconf 90' lang='lat' dir='ltr'><strong>tuum</strong></span> <span class='ocrx_word' id='word_1_157' title='bbox 379 2744 439 2797; x_wconf 88' lang='lat' dir='ltr'><strong>etc.</strong></span> 
     </span>
    </p>

    <p class='ocr_par' dir='ltr' id='par_1_8' title="bbox 134 2816 1061 3645">
     <span class='ocr_line' id='line_1_28' title="bbox 197 2816 1057 2900; baseline 0 -23"><span class='ocrx_word' id='word_1_158' title='bbox 197 2821 239 2878; x_wconf 87' lang='lat' dir='ltr'><strong>lta</strong></span> <span class='ocrx_word' id='word_1_159' title='bbox 252 2839 335 2895; x_wconf 89' lang='lat' dir='ltr'><strong>sane,</strong></span> <span class='ocrx_word' id='word_1_160' title='bbox 349 2826 382 2879; x_wconf 91' lang='lat' dir='ltr'><strong>ut</strong></span> <span class='ocrx_word' id='word_1_161' title='bbox 396 2839 472 2900; x_wconf 93' lang='lat' dir='ltr'><strong>opus</strong></span> <span class='ocrx_word' id='word_1_162' title='bbox 491 2819 694 2878; x_wconf 85' lang='lat' dir='ltr'><strong>consessionis</strong></span> <span class='ocrx_word' id='word_1_163' title='bbox 714 2817 787 2877; x_wconf 92' lang='lat' dir='ltr'><strong>nihil</strong></span> <span class='ocrx_word' id='word_1_164' title='bbox 804 2816 886 2877; x_wconf 90' lang='lat' dir='ltr'><strong>aliud</strong></span> <span class='ocrx_word' id='word_1_165' title='bbox 902 2819 952 2898; x_wconf 80' lang='lat' dir='ltr'><strong>sit,</strong></span> <span class='ocrx_word' id='word_1_166' title='bbox 971 2838 1057 2899; x_wconf 86' lang='lat' dir='ltr'><strong>quam</strong></span> 
     </span>
     <span class='ocr_line' id='line_1_29' title="bbox 135 2901 1058 2981; baseline -0.001 -19"><span class='ocrx_word' id='word_1_167' title='bbox 135 2903 260 2962; x_wconf 88' lang='lat' dir='ltr'><strong>occasio</strong></span> <span class='ocrx_word' id='word_1_168' title='bbox 287 2901 448 2981; x_wconf 89' lang='lat' dir='ltr'><strong>quaedam,</strong></span> <span class='ocrx_word' id='word_1_169' title='bbox 471 2921 531 2981; x_wconf 90' lang='lat' dir='ltr'><strong>qua</strong></span> <span class='ocrx_word' id='word_1_170' title='bbox 552 2901 635 2961; x_wconf 91' lang='lat' dir='ltr'><strong>Deus</strong></span> <span class='ocrx_word' id='word_1_171' title='bbox 657 2907 844 2980; x_wconf 89' lang='lat' dir='ltr'><strong>provocetur</strong></span> <span class='ocrx_word' id='word_1_172' title='bbox 867 2901 907 2959; x_wconf 88' lang='lat' dir='ltr'><strong>ad</strong></span> <span class='ocrx_word' id='word_1_173' title='bbox 930 2903 1058 2980; x_wconf 90' lang='lat' dir='ltr'><strong>promis-</strong></span> 
     </span>
     <span class='ocr_line' id='line_1_30' title="bbox 138 2984 1058 3064; baseline 0 -21"><span class='ocrx_word' id='word_1_174' title='bbox 138 2986 258 3045; x_wconf 88' lang='lat' dir='ltr'><strong>sionem</strong></span> <span class='ocrx_word' id='word_1_175' title='bbox 282 3005 367 3046; x_wconf 89' lang='lat' dir='ltr'><strong>suam</strong></span> <span class='ocrx_word' id='word_1_176' title='bbox 391 2984 589 3064; x_wconf 84' lang='lat' dir='ltr'><strong>implendam,</strong></span> <span class='ocrx_word' id='word_1_177' title='bbox 612 2986 673 3043; x_wconf 92' lang='lat' dir='ltr'><strong>imo</strong></span> <span class='ocrx_word' id='word_1_178' title='bbox 697 3002 757 3062; x_wconf 90' lang='lat' dir='ltr'><strong>qua</strong></span> <span class='ocrx_word' id='word_1_179' title='bbox 779 3002 836 3042; x_wconf 91' lang='lat' dir='ltr'><strong>nos</strong></span> <span class='ocrx_word' id='word_1_180' title='bbox 859 3002 1058 3045; x_wconf 85' lang='lat' dir='ltr'><strong>exerceamur</strong></span> 
     </span>
     <span class='ocr_line' id='line_1_31' title="bbox 136 3065 1060 3148; baseline -0.001 -22"><span class='ocrx_word' id='word_1_181' title='bbox 136 3067 175 3127; x_wconf 90' lang='lat' dir='ltr'><strong>ad</strong></span> <span class='ocrx_word' id='word_1_182' title='bbox 197 3067 287 3127; x_wconf 86' lang='lat' dir='ltr'><strong>fidem</strong></span> <span class='ocrx_word' id='word_1_183' title='bbox 310 3069 526 3148; x_wconf 89' lang='lat' dir='ltr'><strong>promissionis</strong></span> <span class='ocrx_word' id='word_1_184' title='bbox 550 3069 616 3127; x_wconf 85' lang='lat' dir='ltr'><strong>sine</strong></span> <span class='ocrx_word' id='word_1_185' title='bbox 638 3066 731 3126; x_wconf 92' lang='lat' dir='ltr'><strong>dubio</strong></span> <span class='ocrx_word' id='word_1_186' title='bbox 754 3065 997 3144; x_wconf 86' lang='lat' dir='ltr'><strong>adipiscendae,</strong></span> <span class='ocrx_word' id='word_1_187' title='bbox 1031 3072 1060 3126; x_wconf 91' lang='lat' dir='ltr'><strong>ut</strong></span> 
     </span>
     <span class='ocr_line' id='line_1_32' title="bbox 134 3148 1058 3230; baseline -0.001 -20"><span class='ocrx_word' id='word_1_188' title='bbox 134 3151 178 3210; x_wconf 90' lang='lat' dir='ltr'><strong>sic</strong></span> <span class='ocrx_word' id='word_1_189' title='bbox 200 3170 262 3211; x_wconf 90' lang='lat' dir='ltr'><strong>non</strong></span> <span class='ocrx_word' id='word_1_190' title='bbox 285 3152 385 3228; x_wconf 90' lang='lat' dir='ltr'><strong>nobis,</strong></span> <span class='ocrx_word' id='word_1_191' title='bbox 408 3152 549 3227; x_wconf 87' lang='lat' dir='ltr'><strong>Domine,</strong></span> <span class='ocrx_word' id='word_1_192' title='bbox 573 3149 627 3209; x_wconf 90' lang='lat' dir='ltr'><strong>sed</strong></span> <span class='ocrx_word' id='word_1_193' title='bbox 642 3150 759 3209; x_wconf 88' lang='lat' dir='ltr'><strong>nomini</strong></span> <span class='ocrx_word' id='word_1_194' title='bbox 774 3154 826 3208; x_wconf 90' lang='lat' dir='ltr'><strong>tuo</strong></span> <span class='ocrx_word' id='word_1_195' title='bbox 841 3148 896 3208; x_wconf 91' lang='lat' dir='ltr'><strong>des</strong></span> <span class='ocrx_word' id='word_1_196' title='bbox 919 3150 1058 3230; x_wconf 85' lang='lat' dir='ltr'><strong>gloriam,</strong></span> 
     </span>
     <span class='ocr_line' id='line_1_33' title="bbox 135 3231 1058 3312; baseline 0 -20"><span class='ocrx_word' id='word_1_197' title='bbox 135 3240 166 3293; x_wconf 87' lang='lat' dir='ltr'><strong>et</strong></span> <span class='ocrx_word' id='word_1_198' title='bbox 189 3234 331 3312; x_wconf 88' lang='lat' dir='ltr'><strong>laeteris,</strong></span> <span class='ocrx_word' id='word_1_199' title='bbox 364 3254 425 3294; x_wconf 92' lang='lat' dir='ltr'><strong>non</strong></span> <span class='ocrx_word' id='word_1_200' title='bbox 451 3253 519 3294; x_wconf 87' lang='lat' dir='ltr'><strong>curn</strong></span> <span class='ocrx_word' id='word_1_201' title='bbox 543 3232 784 3293; x_wconf 85' lang='lat' dir='ltr'><strong>benefecerimus</strong></span> <span class='ocrx_word' id='word_1_202' title='bbox 808 3231 879 3308; x_wconf 90' lang='lat' dir='ltr'><strong>tibi,</strong></span> <span class='ocrx_word' id='word_1_203' title='bbox 914 3233 973 3293; x_wconf 83' lang='lat' dir='ltr'><strong>sed</strong></span> <span class='ocrx_word' id='word_1_204' title='bbox 996 3253 1058 3294; x_wconf 89' lang='lat' dir='ltr'><strong>oum</strong></span> 
     </span>
     <span class='ocr_line' id='line_1_34' title="bbox 137 3313 1058 3395; baseline -0.002 -20"><span class='ocrx_word' id='word_1_205' title='bbox 137 3315 328 3377; x_wconf 79' lang='lat' dir='ltr'><strong>benefeceris</strong></span> <span class='ocrx_word' id='word_1_206' title='bbox 354 3324 384 3376; x_wconf 87' lang='lat' dir='ltr'><strong>tu</strong></span> <span class='ocrx_word' id='word_1_207' title='bbox 408 3317 506 3392; x_wconf 87' lang='lat' dir='ltr'><strong>nobis,</strong></span> <span class='ocrx_word' id='word_1_208' title='bbox 531 3322 564 3376; x_wconf 90' lang='lat' dir='ltr'><strong>ut</strong></span> <span class='ocrx_word' id='word_1_209' title='bbox 578 3335 632 3395; x_wconf 91' lang='lat' dir='ltr'><strong>per</strong></span> <span class='ocrx_word' id='word_1_210' title='bbox 654 3313 848 3375; x_wconf 82' lang='lat' dir='ltr'><strong>Ezechielem</strong></span> <span class='ocrx_word' id='word_1_211' title='bbox 874 3314 963 3376; x_wconf 92' lang='lat' dir='ltr'><strong>dicis.</strong></span> <span class='ocrx_word' id='word_1_212' title='bbox 999 3316 1058 3376; x_wconf 89' lang='lat' dir='ltr'><strong>Hac</strong></span> 
     </span>
     <span class='ocr_line' id='line_1_35' title="bbox 138 3398 1059 3479; baseline -0.001 -20"><span class='ocrx_word' id='word_1_213' title='bbox 138 3400 258 3460; x_wconf 90' lang='lat' dir='ltr'><strong>ratione</strong></span> <span class='ocrx_word' id='word_1_214' title='bbox 281 3399 343 3477; x_wconf 83' lang='lat' dir='ltr'><strong>fiet,</strong></span> <span class='ocrx_word' id='word_1_215' title='bbox 366 3408 408 3476; x_wconf 83' lang='lat' dir='ltr'><strong>ut,</strong></span> <span class='ocrx_word' id='word_1_216' title='bbox 433 3401 484 3478; x_wconf 88' lang='lat' dir='ltr'><strong>qui</strong></span> <span class='ocrx_word' id='word_1_217' title='bbox 506 3399 667 3479; x_wconf 86' lang='lat' dir='ltr'><strong>gloriatur,</strong></span> <span class='ocrx_word' id='word_1_218' title='bbox 693 3399 723 3457; x_wconf 90' lang='lat' dir='ltr'><strong>in</strong></span> <span class='ocrx_word' id='word_1_219' title='bbox 746 3398 879 3457; x_wconf 87' lang='lat' dir='ltr'><strong>Domino</strong></span> <span class='ocrx_word' id='word_1_220' title='bbox 903 3398 1059 3478; x_wconf 86' lang='lat' dir='ltr'><strong>glorietur,</strong></span> 
     </span>
     <span class='ocr_line' id='line_1_36' title="bbox 135 3480 1059 3563; baseline 0.001 -22"><span class='ocrx_word' id='word_1_221' title='bbox 135 3486 166 3541; x_wconf 90' lang='lat' dir='ltr'><strong>et</strong></span> <span class='ocrx_word' id='word_1_222' title='bbox 189 3502 251 3542; x_wconf 88' lang='lat' dir='ltr'><strong>non</strong></span> <span class='ocrx_word' id='word_1_223' title='bbox 275 3503 308 3542; x_wconf 92' lang='lat' dir='ltr'><strong>se</strong></span> <span class='ocrx_word' id='word_1_224' title='bbox 330 3484 429 3562; x_wconf 92' lang='lat' dir='ltr'><strong>ipsum</strong></span> <span class='ocrx_word' id='word_1_225' title='bbox 454 3481 663 3558; x_wconf 82' lang='lat' dir='ltr'><strong>commendet,</strong></span> <span class='ocrx_word' id='word_1_226' title='bbox 689 3480 743 3540; x_wconf 90' lang='lat' dir='ltr'><strong>sed</strong></span> <span class='ocrx_word' id='word_1_227' title='bbox 766 3480 895 3560; x_wconf 79' lang='lat' dir='ltr'><strong>gratiam</strong></span> <span class='ocrx_word' id='word_1_228' title='bbox 918 3481 981 3542; x_wconf 88' lang='lat' dir='ltr'><strong>Dei</strong></span> <span class='ocrx_word' id='word_1_229' title='bbox 1001 3482 1059 3563; x_wconf 88' lang='lat' dir='ltr'><strong>glo-</strong></span> 
     </span>
     <span class='ocr_line' id='line_1_37' title="bbox 138 3563 1061 3645; baseline -0.002 -20"><span class='ocrx_word' id='word_1_230' title='bbox 138 3563 243 3629; x_wconf 87' lang='lat' dir='ltr'><strong>riflcet.</strong></span> <span class='ocrx_word' id='word_1_231' title='bbox 287 3565 327 3627; x_wconf 81' lang='lat' dir='ltr'><strong>Et</strong></span> <span class='ocrx_word' id='word_1_232' title='bbox 349 3568 422 3645; x_wconf 92' lang='lat' dir='ltr'><strong>erit,</strong></span> <span class='ocrx_word' id='word_1_233' title='bbox 464 3573 497 3625; x_wconf 92' lang='lat' dir='ltr'><strong>ut</strong></span> <span class='ocrx_word' id='word_1_234' title='bbox 520 3568 559 3625; x_wconf 88' lang='lat' dir='ltr'><strong>sit</strong></span> <span class='ocrx_word' id='word_1_235' title='bbox 588 3564 743 3625; x_wconf 88' lang='lat' dir='ltr'><strong>confessio</strong></span> <span class='ocrx_word' id='word_1_236' title='bbox 782 3570 813 3623; x_wconf 87' lang='lat' dir='ltr'><strong>et</strong></span> <span class='ocrx_word' id='word_1_237' title='bbox 834 3564 1061 3644; x_wconf 87' lang='lat' dir='ltr'><strong>magnificentia</strong></span> 
     </span>
    </p>
   </div>
   <div class='ocr_carea' id='block_1_7' title="bbox 137 3646 556 3730">
    <p class='ocr_par' dir='ltr' id='par_1_9' title="bbox 137 3646 556 3730">
     <span class='ocr_line' id='line_1_38' title="bbox 137 3646 556 3730; baseline 0.002 -22"><span class='ocrx_word' id='word_1_238' title='bbox 137 3668 214 3728; x_wconf 92' lang='lat' dir='ltr'><strong>opus</strong></span> <span class='ocrx_word' id='word_1_239' title='bbox 236 3648 310 3726; x_wconf 89' lang='lat' dir='ltr'><strong>Dei,</strong></span> <span class='ocrx_word' id='word_1_240' title='bbox 335 3649 414 3710; x_wconf 90' lang='lat' dir='ltr'><strong>Psal.</strong></span> <span class='ocrx_word' id='word_1_241' title='bbox 441 3651 500 3713; x_wconf 76' lang='lat'><strong>110</strong></span> <span class='ocrx_word' id='word_1_242' title='bbox 512 3646 556 3730; x_wconf 82' lang='lat'><strong>²).</strong></span> 
     </span>
    </p>
   </div>
   <div class='ocr_carea' id='block_1_8' title="bbox 142 3770 348 3780">
    <p class='ocr_par' dir='ltr' id='par_1_10' title="bbox 142 3770 348 3780">
     <span class='ocr_line' id='line_1_39' title="bbox 142 3770 348 3780; baseline 0.019 -4"><span class='ocrx_word' id='word_1_243' title='bbox 142 3770 348 3780; x_wconf 70' lang='grc'><strong>----.-.-</strong></span> 
     </span>
    </p>
   </div>
   <div class='ocr_carea' id='block_1_9' title="bbox 208 3797 769 3876">
    <p class='ocr_par' dir='ltr' id='par_1_11' title="bbox 208 3797 769 3876">
     <span class='ocr_line' id='line_1_40' title="bbox 208 3797 769 3876; baseline -0.016 -17"><span class='ocrx_word' id='word_1_244' title='bbox 208 3802 239 3876; x_wconf 88' lang='grc'><strong>1)</strong></span> <span class='ocrx_word' id='word_1_245' title='bbox 262 3803 291 3858; x_wconf 92' lang='lat' dir='ltr'><strong>ln</strong></span> <span class='ocrx_word' id='word_1_246' title='bbox 310 3803 354 3860; x_wconf 85' lang='lat' dir='ltr'><strong>ed.</strong></span> <span class='ocrx_word' id='word_1_247' title='bbox 374 3802 456 3859; x_wconf 54' lang='lat' dir='ltr'><strong>ilem:</strong></span> <span class='ocrx_word' id='word_1_248' title='bbox 477 3801 520 3858; x_wconf 84' lang='lat'><strong>25.</strong></span> <span class='ocrx_word' id='word_1_249' title='bbox 559 3798 687 3866; x_wconf 65' lang='lat' dir='ltr'><strong>mnia:</strong></span> <span class='ocrx_word' id='word_1_250' title='bbox 709 3797 769 3852; x_wconf 88' lang='lat'><strong>111.</strong></span> 
     </span>
    </p>
   </div>
   <div class='ocr_carea' id='block_1_10' title="bbox 0 0 1187 4208">
    <p class='ocr_par' dir='ltr' id='par_1_12' title="bbox 0 0 1187 4208">
     <span class='ocr_line' id='line_1_41' title="bbox 0 0 1187 4208; baseline 0 0"><span class='ocrx_word' id='word_1_251' title='bbox 0 0 1187 4208; x_wconf 95' lang='lat' dir='ltr'><strong> </strong></span> 
     </span>
    </p>
   </div>
  </div>
 </body>
</html>
