2346 4208
130 238 196 307 Μ)
396 239 554 308 Responsio
573 237 606 292 Ι).
623 236 657 291 Ι.
678 237 789 293 tornet

132 429 173 491 ut
192 429 218 489 si
240 446 382 508 quaeras,
403 422 561 507 quomodo
582 425 724 507 probent,
746 428 834 487 mota
849 442 946 485 mann
966 423 1050 487 olou-

134 513 207 575 tium
228 510 424 573 autoritative
445 509 597 589 indicere,
619 507 768 569 dicendo:
790 506 874 569 Satis
896 514 962 587 eet,
980 506 1051 569 dixi·

133 613 200 655 mna
222 595 440 655 aemimontum
463 599 611 656 nostrum.
961 602 965 611 ’

216 675 325 753 Unde,
348 678 414 738 sive
435 682 582 753 exuram,
602 675 669 735 sive
688 672 891 753 submergant
910 668 999 735 uncos
1022 672 1053 734 li·

133 759 248 838 bellos,
269 758 301 821 id
324 759 407 840 quod
429 758 508 837 dixi,
530 761 640 819 iterum
661 764 805 837 repetens
826 754 916 818 diso:
943 756 979 819 ln
999 754 1055 819 lieo

134 842 290 905 sententia
310 860 361 903 me
383 843 429 903 sio
451 861 521 903 ease
543 840 704 918 audacem,
725 846 759 900 ut
778 840 896 920 ignem,
917 846 1056 917 mortens,

134 934 167 989 et
186 926 309 1003 omnia,
342 926 435 986 etiam
457 926 519 987 iras
541 924 705 987 bestiarum
727 923 871 1002 istarum,
899 923 970 987 Deo
991 940 1056 1005 pro

135 1010 224 1093 pitio,
245 1008 302 1069 sim
325 1026 488 1089 passurus,
516 1016 548 1069 et
569 1026 693 1069 omnem
715 1007 872 1068 contraria
892 1005 1056 1069 donantem

135 1091 334 1173 pertinaciter
354 1110 410 1173 pro
432 1090 590 1154 haeretico
612 1089 789 1168 habiturus,
818 1091 945 1153 etiamsi
964 1088 1057 1153 lore

136 1175 259 1235 nieuses
284 1180 316 1235 et
337 1173 542 1236 Colonienses
563 1192 791 1256 synagogarum
805 1172 838 1234 M
881 1174 948 1235 'stri
964 1174 1057 1235 nostri

134 1256 175 1319 ad
195 1274 290 1317 unum
311 1275 420 1319 omues
441 1256 530 1319 aliter
548 1263 702 1338 saperent,
724 1275 801 1337 quos
814 1263 848 1317 et
891 1258 918 1317 'a
939 1256 1001 1317 scri
1021 1256 1057 1317 tis

136 1339 288 1402 conflteor
328 1359 378 1401 me
410 1359 467 1420 pro
495 1340 658 1403 haereticis
691 1346 724 1400 et
745 1276 1057 1403 misericordissimi

133 1423 264 1485 inimicis
285 1422 409 1487 habere.

217 1504 288 1567 Non
311 1512 415 1568 eutem
437 1506 708 1587 negaviunquam,
730 1522 788 1565 uos
805 1505 925 1567 meritis
947 1511 981 1569 et
995 1524 1057 1587 pre

135 1587 220 1650 cibus
254 1588 436 1652 Sanctorum
470 1587 696 1668 quantumlibet
725 1586 915 1668 imperfectis
952 1588 1058 1663 iuvari,

156 1671 218 1733 uod
242 1670 372 1734 subdole
394 1672 467 1733 mihi
481 1674 603 1735 inurere
616 1677 765 1732 conantur
786 1671 890 1732 miseri
907 1670 1057 1735 homines.

135 1690 197 1818 aed
220 1754 302 1836 quod
334 1756 470 1816 humano
500 1756 624 1817 arbitrio
647 1754 736 1817 nobis
768 1755 890 1835 possint
910 1754 1057 1837 applicari

136 1850 169 1901 et
197 1840 416 1900 communicari
444 1838 551 1919 aliter,
585 1857 677 1919 quam
715 1857 771 1919 per
802 1838 957 1899 virtutem·
979 1836 1059 1915 tidei,

135 1922 202 2005 spei
225 1928 257 1983 et
278 1922 429 2001 cantatis,
452 1937 532 2001 quae
554 1929 600 1983 est
622 1921 799 1982 communio
820 1927 1059 1997 sanctorum,e

136 2006 245 2086 quovis
267 2003 429 2066 sacerdote
458 2011 490 2065 et
510 2005 602 2066 Matre
630 2002 738 2065 dabilis
772 2004 944 2065 ministerio
965 2002 1058 2080 verbi,

136 2106 199 2151 uon
220 2086 396 2169 probabunt
413 2086 551 2169 Magistri
573 2087 685 2164 nostri,
713 2087 771 2147 nisi
792 2088 846 2165 iis,
875 2086 929 2167 qui
952 2084 1058 2149 dicturi

136 2176 222 2231 suntr
245 2171 382 2251 Magistri
406 2172 504 2232 nostri
526 2172 571 2231 sio
595 2170 747 2250 dixerunt,
770 2178 802 2231 et
822 2176 967 2250 tempore
989 2189 1057 2250 que

136 2252 368 2333 dringentorum
392 2272 540 2315 annorum
565 2254 835 2334 praescripserunt.

217 2334 360 2397 Secundo
389 2338 524 2419 capituto
550 2338 675 2398 miseras
704 2341 735 2397 et
761 2338 822 2397 iam
851 2335 1058 2397 cadaverosus

136 2415 344 2501 indulgentias
373 2419 412 2481 cd
442 2423 630 2483 iuventutem
654 2426 686 2481 et
711 2418 805 2481 robur
836 2419 991 2499 pristinae
1011 2418 1058 2480 de

134 2502 284 2645 negtionis
306 2505 489 2582 revocaturi,
512 2504 698 2564 haereticum
721 2521 770 2563 mc
793 2508 948 2580 statuunt,
977 2499 1058 2583 quod

134 2585 165 2645 in
189 2585 332 2668 uigentiis
353 2587 485 2648 relaxari
501 2586 628 2648 dixerim
651 2605 770 2666 poenas
782 2585 907 2648 arbitrio
932 2585 1058 2647 duntax-

134 2675 166 2730 at
187 2669 320 2731 hominis
340 2676 371 2731 et
391 2689 544 2731 canonum
567 2676 706 2730 statutas.

216 2751 274 2813 Hio
302 2752 388 2813 salva
414 2755 588 2814 reverentia
610 2751 828 2814 venerabilium
863 2750 1057 2814 dominorum

134 2834 348 2917 Magistros-um
371 2842 546 2897 nostrorum
570 2840 697 2897 nonest
715 2842 838 2896 servata
851 2834 1057 2897 cautelaCer

133 2917 243 2979 dinalis
265 2917 476 2999 Dertusensis,
496 2921 566 2999 ,qui
588 2918 783 3001 praemonuit
804 2916 988 2998 diligenter,
1024 2924 1056 2979 ut

136 3018 206 3061 ursa
226 2999 265 3063 ad
289 3001 416 3062 verbum
438 3002 584 3083 religiose
606 3004 783 3083 signarent,
804 3001 885 3062 forte
907 3008 1058 3079 metuens,

133 3082 218 3225 guod
241 3083 372 3145 futurum
396 3092 476 3164 eret,
505 3092 540 3145 ut
561 3104 594 3147 ee
616 3086 702 3167 ipsos
729 3082 906 3161 irriderent,
944 3086 971 3145 si
999 3084 1059 3147 elia

154 3184 297 3229 smnassa
319 3169 591 3245 convincerentur,
613 3186 704 3248 quam
726 3186 786 3248 ego
807 3168 1015 3249 scripsissem.

216 3248 328 3311 Exstat
350 3250 436 3328 liber,
459 3271 517 3312 neo
529 3258 661 3333 possunt
672 3270 797 3332 negare,
820 3270 869 3311 me
891 3250 976 3312 hano
995 3270 1057 3313 reu

133 3330 310 3413 disputasse
342 3340 373 3394 et
402 3336 581 3414 inquisisse,
613 3354 673 3395 neo
705 3336 736 3394 in
764 3351 911 3395 sermone
940 3333 1057 3417 vulgari

134 3432 241 3476 susum
263 3415 358 3477 trisse
386 3418 552 3499 quidquam
581 3416 708 3479 definire
736 3425 769 3478 et
793 3435 952 3495 asserere,
983 3420 1058 3481 siout

133 3516 192 3559 neo
212 3497 306 3559 hodio
340 3518 461 3562 assero:
499 3500 572 3563 licet
593 3519 652 3562 noo
673 3500 727 3561 uiti
747 3501 885 3581 Magistri
906 3502 1008 3563 nosti
1027 3504 1057 3563 in

132 3598 226 3641 unum
260 3587 325 3643 siue
347 3581 539 3645 distributive
570 3585 637 3645 siue
657 3584 820 3646 collective
854 3585 974 3664 sumpti
1006 3604 1057 3665 po

133 3668 234 3725 terum
255 3672 353 3725 utram
374 3677 494 3749 partem
516 3668 566 3729 vel
589 3666 721 3748 probare
742 3666 791 3729 ret
806 3665 982 3747 confutare,
1002 3668 1057 3730 niti

132 3762 173 3805 eu
202 3749 445 3831 pneeoriptione
471 3758 503 3813 et
530 3770 603 3829 usu,
634 3753 698 3813 imo
727 3750 825 3824 abusu
856 3760 1056 3830 quaestorum
