2346 4208
172 261 240 329 472
448 262 496 319 Vi.
515 263 619 318 anuo
638 262 789 331 Quomodo
806 265 845 316 uit

175 453 249 514 dato
267 451 435 530 adductos,
471 471 526 513 oro
549 453 624 512 nihil
646 453 807 523 dubitans,
838 453 911 531 quin
934 470 984 510 mo
1007 468 1098 510 exau

175 538 242 596 dias
264 555 302 596 ae
324 555 427 598 veram
449 536 523 595 mihi
544 537 575 595 iu
598 546 629 596 te
650 537 750 597 donea
771 536 874 597 iidem.

257 619 327 680 Hoc
346 621 438 700 igitur
458 638 514 697 per
535 628 630 680 totam
655 621 748 680 vitam
771 628 836 680 erat
866 638 886 677 a
907 618 974 677 Deo
996 622 1099 695 postu·

176 703 320 781 landum,
353 713 388 763 ut
414 703 568 762 morituris
598 703 712 762 donum
735 703 807 762 fidei
828 700 1024 762 concederet.
1066 697 1100 758 ld

176 786 261 864 quod
294 786 478 846 suavissimo
511 788 646 845 carmine
669 785 815 846 Germani
837 787 868 844 in
890 785 971 844 teriia
993 783 1101 842 Pente-

176 878 281 931 eoates
303 877 433 930 mount:

220 986 270 1049 ibt
293 988 380 1049 bition
402 987 455 1048 tuit
477 991 526 1048 beu
551 988 665 1067 heiligen
688 988 761 1063 uniit,

218 1069 293 1131 aaut
315 1073 365 1131 tm
386 1069 493 1147 temtari
516 1071 651 1134 &tanim
670 1072 821 1142 ruerunt.

218 1152 289 1215 bot
310 1171 339 1215 ct
361 1161 418 1214 tut
440 1155 536 1231 bibite
559 1173 596 1214 ou
619 1157 725 1230 natum
748 1152 836 1223 ense,

136 1277 144 1287 ι
218 1234 312 1300 an
335 1237 389 1298 mit
411 1237 481 1315 brim
504 1238 581 1304 torm
605 1246 661 1300 sua
684 1238 779 1314 bition
801 1236 914 1314 bienni,
937 1235 1082 1298 tinniat.

261 1366 356 1431 Porio
387 1376 468 1448 tum,
502 1391 570 1431 cum
598 1375 658 1432 iam
689 1371 882 1432 moriendum
912 1380 979 1447 est,
1012 1371 1103 1430 huius

178 1454 347 1529 orationis,
380 1456 453 1515 item
476 1454 612 1516 mandati
635 1466 666 1516 et
687 1457 901 1536 promissionis
923 1474 998 1514 suae
1019 1473 1103 1514 eom·

179 1536 374 1597 monefaeere
396 1538 494 1598 Deum
517 1542 678 1615 convenit,
711 1539 786 1598 nihil
810 1538 1001 1615 dubitantes,
1029 1538 1103 1615 quin

178 1627 285 1680 nostra
306 1621 346 1680 sit
366 1621 512 1681 exaudita
533 1624 642 1683 oratio.
684 1622 762 1682 Nam
786 1625 811 1682 si
834 1630 995 1700 utrumque
1016 1640 1104 1700 prae-

179 1704 276 1782 cepit,
306 1712 337 1763 et
359 1706 547 1782 orationem,
581 1712 612 1766 et
633 1705 725 1766 fidem
748 1707 778 1763 in
800 1707 958 1782 oratione,
980 1706 1006 1762 si
1029 1723 1103 1783 quo-

182 1805 241 1865 que
263 1788 403 1866 promisit
424 1807 511 1847 suam
533 1791 682 1867 gratiam,
711 1788 783 1868 quid
813 1807 929 1867 quaeso
952 1787 1104 1849 dubitabi·
1128 1812 1131 1816 ·

181 1888 247 1930 mua
278 1867 316 1929 de
345 1868 405 1930 fide
427 1870 544 1949 ipsius?
576 1874 643 1931 sine
674 1871 767 1932 dubio
792 1872 937 1931 exaudiet
958 1887 1032 1948 uos,
1065 1890 1104 1931 ae

179 1971 265 2012 anam
289 1950 420 2012 redimet
440 1951 543 2013 fidem.

266 2035 433 2114 Vigesimo,
456 2036 527 2115 qnid
545 2046 647 2099 autem
670 2060 690 2099 a
711 2039 778 2100 Deo
802 2038 933 2118 amplius
954 2037 1026 2098 addi
1050 2059 1103 2118 po·

180 2115 300 2178 tested
322 2117 551 2180 confirmandos
573 2142 641 2200 nos,
664 2129 698 2183 ut
720 2129 831 2200 sponte
857 2128 986 2182 mortem
1012 2121 1103 2182 obea·

181 2220 258 2276 mus,
280 2220 409 2280 eamque
432 2205 515 2262 omni
538 2213 620 2266 metu
643 2205 786 2284 deposito
809 2225 998 2284 superemus.

264 2282 405 2344 Ostendit
433 2294 463 2345 et
492 2286 588 2349 donat
616 2288 670 2348 tibi
686 2290 717 2347 in
740 2287 862 2348 Christo
887 2289 999 2364 vitam,
1036 2307 1103 2366 gra-

181 2368 253 2427 tiam
278 2373 309 2426 et
329 2367 521 2447 felicitatem,
554 2372 662 2450 quibus
686 2370 806 2431 adiutus
839 2389 939 2449 neque
962 2379 1104 2445 mortam,

181 2468 281 2527 neque
304 2460 474 2530 peceatum,
496 2474 555 2515 neo
575 2455 726 2515 infernum
748 2462 876 2513 metuas.

263 2531 427 2594 Praeterea
455 2546 616 2615 peecatum
647 2546 745 2614 tuum,
777 2544 907 2596 mortem
930 2544 1029 2607 tuam,
1060 2544 1105 2595 tu-

182 2635 293 2695 umque
321 2618 488 2696 infernum,
522 2621 575 2680 illa
604 2623 634 2680 in
663 2621 852 2700 unigenitum
880 2638 968 2678 suum
998 2618 1104 2677 Filium

182 2699 296 2775 reiicit,
320 2707 352 2759 ut
372 2703 398 2760 is
422 2704 580 2764 victoriam
604 2723 641 2762 ex
663 2703 723 2762 illis
744 2702 884 2763 hostibus
907 2709 1024 2782 partam
1049 2701 1104 2761 tibi

182 2782 286 2858 donet,
309 2784 441 2864 nequid
464 2787 595 2866 amplius
617 2784 742 2847 laedere
765 2793 795 2846 te
818 2786 947 2865 possint.

265 2865 426 2928 Praeterea
448 2872 618 2930 tentatione
641 2870 763 2943 mortis,
791 2869 901 2929 inferni
929 2876 960 2929 et
982 2869 1105 2947 peceati

184 2947 336 3010 Christum
361 2969 484 3029 quoque
506 2953 615 3012 Filium
642 2972 729 3012 suum
752 2958 895 3026 exercet,
928 2959 961 3011 ut
989 2950 1106 3011 habeas

182 3032 372 3112 exemplum,
406 3035 562 3111 quomodo
596 3035 741 3096 ferendae
771 3043 802 3095 et
828 3033 1021 3115 superandae
1044 3035 1104 3092 sint

182 3117 367 3177 tentationes
389 3117 470 3178 illae.

265 3199 379 3259 Horum
403 3208 504 3260 autem
528 3203 664 3261 omnium
688 3201 839 3262 donorum
868 3202 952 3260 inte
976 3200 1104 3260 collato-

181 3301 246 3340 rum
272 3284 402 3362 pignora
423 3283 508 3343 addit
532 3304 588 3344 sua
610 3290 816 3361 sacramenta,
837 3290 870 3342 ut
891 3284 1018 3343 omnino
1043 3301 1106 3342 oer-

181 3371 229 3424 tus
253 3366 343 3443 piane
365 3364 439 3425 nihil
461 3366 592 3427 dubites.

266 3446 334 3508 Suis
357 3448 486 3529 angelis,
510 3449 631 3510 Sanctis
654 3468 691 3511 ao
713 3450 859 3511 oreaturis
881 3449 944 3508 suis
962 3447 1104 3509 omnibus

181 3531 224 3592 tui
248 3549 351 3592 euram
373 3531 554 3610 demandat,
588 3539 622 3594 ut
652 3551 802 3611 nusquam
832 3552 851 3592 a
878 3539 909 3592 te
938 3530 1107 3592 deflectant

183 3614 307 3694 oeulos,
336 3614 389 3674 sed
412 3617 545 3677 animam
570 3617 630 3677 iam
654 3617 790 3677 morituri
813 3616 969 3695 excipiant
991 3619 1023 3675 et
1044 3634 1105 3676 ser·

181 3704 263 3759 vent.

265 3780 443 3844 Mandatum
463 3787 627 3864 praeterea
648 3781 774 3863 adieoit,
807 3788 840 3843 ut
868 3781 923 3842 illa
949 3801 969 3842 a
995 3798 1030 3841 sa
1050 3798 1105 3863 po·
