2346 4208
124 242 187 329 168
321 248 478 318 Disputatio
498 249 607 339 Lipsiae
625 229 721 302 habita
738 262 760 299 a
782 245 845 299 XIX

124 433 303 514 temporalis
342 452 399 514 pro
438 439 569 512 peccato
600 434 734 494 contrito
769 431 871 493 adhuc
914 430 1039 511 debitos,

125 525 156 580 οι
177 537 239 579 non
262 517 390 579 solutae.
414 517 508 579 Sicuti
520 517 582 577 Leo
605 516 770 577 modernus
793 516 877 597 Papa
899 534 1039 597 expresse

123 603 155 662 in
188 601 326 681 praefato
357 601 486 661 Decretc
510 599 631 677 delinit,
664 599 747 680 quod
770 599 874 661 Sixtus
897 598 946 660 tv.
974 604 1040 661 ante

125 704 194 745 eum
218 685 452 764 expressissime
473 684 547 744 fecit
568 690 708 764 tempore
729 682 854 743 iubilaei
875 684 935 744 sui.

208 767 296 828 Unde
318 766 509 828 concordare
531 786 594 828 non
616 785 759 846 possum,
788 764 873 846 quod
903 784 1040 828 reveren·

125 851 181 911 dus
203 851 344 910 Peterin
368 851 430 910 suis
453 850 691 911 resolutionibus
714 850 805 927 dicit,
837 848 1041 931 indulgentias

125 933 226 993 solum
250 932 338 993 dates
360 935 465 1014 pigris,
488 933 571 1012 quod
594 934 685 993 etiam
699 935 729 992 in
753 932 905 1007 Sermone
927 932 1040 1012 vulgari

124 1016 274 1090 affirmat,
297 1035 361 1077 non
383 1015 557 1077 volentibus
578 1016 706 1095 implere
728 1035 865 1077 canones
886 1016 1042 1095 poeniten·

125 1099 225 1160 tiales.
265 1099 305 1159 nt
326 1106 428 1160 temen
456 1100 492 1158 in
509 1099 619 1160 eodem
644 1099 829 1160 resolutorio
860 1098 1041 1167 dicitcano

125 1201 180 1242 nes
204 1183 442 1262 poenitentiales
465 1183 561 1263 pigris
582 1183 755 1262 impositos,
778 1181 861 1279 qupd
883 1183 952 1258 viri,
973 1182 1040 1245 olio

124 1266 196 1345 quin
225 1266 354 1341 strenui,
385 1284 508 1326 omnem
537 1266 629 1325 vitam
658 1266 880 1346 poenitentiam
909 1270 1041 1347 agerent

124 1347 213 1409 Unde
234 1349 464 1409 infelicissimae
486 1355 591 1412 esseut
600 1348 846 1433 indulgentiae,
882 1350 909 1408 si
944 1352 1042 1409 essent
1076 1404 1086 1421 ,

128 1430 279 1491 bonorum
301 1451 428 1512 operum
451 1428 658 1494 remissiones
1076 1428 1086 1455 '¹

207 1514 367 1575 Soluturus
396 1514 435 1574 ad
465 1516 598 1611 primurn
626 1514 801 1593 respondit,
837 1511 1040 1594 indulgentias

124 1616 185 1657 non
210 1599 339 1658 attinere
360 1597 400 1657 ad
422 1599 592 1658 animarum
614 1597 766 1676 salutem,
803 1615 874 1658 cnm
905 1597 1039 1677 profecto

123 1682 257 1740 maxime
278 1682 398 1741 intersit
419 1681 526 1740 salutis
547 1681 737 1756 animarum,
760 1699 799 1740 an
822 1680 960 1740 salutem
977 1698 1039 1761 pro

123 1771 269 1824 moveant
295 1763 345 1823 vel
373 1763 553 1844 impediant.
602 1763 733 1824 Interest
766 1764 858 1825 etiam
889 1762 963 1824 lidei
991 1780 1040 1825 nc-

127 1858 218 1923 strae‚
240 1865 279 1906 an
301 1865 393 1926 papa,
415 1853 448 1906 ut
470 1845 581 1906 Christi
603 1846 751 1923 vicarius,
774 1864 893 1925 poenas
916 1854 1040 1926 peccato

123 1929 242 1990 debitas
270 1930 352 1989 facta
384 1930 677 2008 recompensatione
704 1948 760 2011 per
793 1929 902 1988 merita
936 1926 1041 1991 ciust

123 2021 154 2072 et
176 2012 358 2072 Sanctorum
380 2013 480 2091 possit
500 2013 656 2071 remittere
678 2019 709 2072 et
730 2011 842 2072 delere

206 2096 253 2155 De
267 2094 422 2175 Cypriano
445 2093 560 2156 obiecit
547 2094 663 2172 tmihi,
686 2094 769 2174 quod
792 2088 1039 2175 occurrebatCy·
1078 2130 1086 2139 -

122 2179 260 2257 prisnum
284 2178 414 2257 legenti,
443 2179 582 2273 quamvis
611 2196 674 2237 non
701 2178 793 2257 plene
815 2177 890 2237 mihi
912 2183 1040 2251 constet

124 2279 162 2319 an
186 2262 265 2319 sicut
286 2262 318 2318 in
342 2259 487 2334 Graecia,
515 2261 558 2319 ita
586 2267 617 2321 et
651 2262 682 2319 ιιι
705 2259 772 2320 aliis
796 2259 975 2340 regionibus
997 2278 1040 2321 ec·

125 2343 239 2402 clesiae
263 2344 360 2402 maior
380 2362 451 2422 pars
475 2343 548 2402 cleri
565 2342 655 2403 fuerit
674 2343 798 2403 infecta.

208 2425 325 2486 Deinde
348 2426 386 2485 ad
405 2425 537 2485 concilia
558 2425 727 2505 respondit,
749 2425 959 2505 indulgentias
982 2442 1039 2487 nou

123 2526 192 2567 esse
215 2509 312 2570 bonas
335 2508 530 2584 Christiano,
560 2509 675 2585 idest,
706 2511 755 2587 qui
780 2507 841 2568 lide
863 2515 895 2568 et
917 2510 1041 2569 οιιιιιιιιο

127 2590 281 2651 Christum
304 2598 456 2670 sequatur.
479 2591 548 2652 Hoc
559 2595 643 2652 certe
664 2592 746 2652 dicta
769 2591 971 2673 οοιιοιιιοιιιιιι
994 2590 1041 2651 dc

122 2675 211 2734 struit
232 2684 262 2735 et
283 2675 540 2755 indulgentiarum
563 2674 779 2770 largitionem
808 2674 965 2751 quianon
987 2672 1042 2735 niel

125 2756 236 2818 Christi
259 2757 401 2819 fidelibus
430 2765 461 2818 et
487 2758 625 2818 contritis
654 2765 685 2817 et
707 2757 857 2817 confessis
884 2755 942 2817 sub
963 2774 1043 2819 com·

125 2842 208 2899 muni
231 2842 331 2901 forma
351 2841 571 2901 conceduntur.
595 2838 698 2914 Quare
714 2840 870 2900 communi
892 2840 1045 2901 sententie

122 2923 332 3067 indulgentiate
357 2944 418 2985 non
442 2932 513 2983 sunt
501 2923 636 2984 btonae
657 2924 762 2998 malis,
803 2923 874 3001 quia
905 2940 960 2982 eas
982 2939 1043 2984 non

124 3014 363 3085 consequuntur,
387 3008 441 3066 sed
465 3007 555 3068 honis
578 3013 608 3066 et
631 3025 702 3066 vere
725 2969 915 3066 Christianis.

205 3089 274 3149 Non
292 3097 433 3168 accepto,
456 3089 537 3167 quod
561 3090 720 3151 reverend.
744 3089 834 3148 Pater
855 3087 971 3148 dictum
994 3086 1044 3150 ne

125 3190 220 3231 nacae
234 3172 284 3231 hic
296 3179 436 3251 usurpet·
429 3218 436 3230 .
410 3172 529 3232 tNon
544 3172 775 3249 attendendum,
798 3171 877 3249 quis,
899 3170 956 3231 sed
972 3170 1045 3251 quid

121 3254 259 3331 dicatur,
299 3257 443 3334 quonism
466 3257 600 3315 maxime
621 3257 651 3314 in
675 3256 729 3331 iis,
762 3272 842 3333 quae
871 3261 945 3314 sunt
964 3252 1046 3330 nusi,

121 3337 280 3398 attendere
303 3345 427 3417 oportet
449 3340 539 3397 etism
559 3339 626 3415 quis
648 3337 740 3411 dicat,
719 3344 795 3399 tet
817 3335 983 3397 concilium
1006 3337 1045 3398 le·

120 3421 227 3566 gitime
249 3428 470 3502 congregatum
495 3428 542 3480 est
531 3420 602 3480 tab
624 3439 707 3481 omnr
701 3386 896 3482 Christiano
919 3418 1045 3481 andien-

146 3523 196 3563 um

204 3587 287 3646 Dicit
274 3592 444 3647 terrorem
474 3604 536 3647 non
560 3586 787 3682 periculosum,
816 3586 841 3645 si
869 3584 921 3645 hic
943 3585 1013 3647 de
1003 3604 1047 3647 rn-

122 3667 289 3750 dulgentiis
312 3676 437 3729 erretur
461 3668 503 3728 At
525 3669 599 3729 mihi
616 3669 801 3728 contrarium
824 3667 956 3749 videtur,
977 3686 1045 3731 curn

121 3752 289 3832 periculosi
312 3771 433 3813 errores
456 3752 577 3812 fuerunt
598 3751 734 3829 iudicati,
759 3753 809 3831 qui
823 3752 919 3812 sacris
937 3716 1046 3815 ordini·
