<?xml version="1.0" encoding="UTF-8"?>
<!DOCTYPE html PUBLIC "-//W3C//DTD XHTML 1.0 Transitional//EN"
    "http://www.w3.org/TR/xhtml1/DTD/xhtml1-transitional.dtd">
<html xmlns="http://www.w3.org/1999/xhtml" xml:lang="en" lang="en">
 <head>
  <title>
</title>
<meta http-equiv="Content-Type" content="text/html;charset=utf-8" />
  <meta name='ocr-system' content='tesseract 3.04.00' />
  <meta name='ocr-capabilities' content='ocr_page ocr_carea ocr_par ocr_line ocrx_word'/>
</head>
<body>
  <div class='ocr_page' id='page_1' title='image "./dmartinilutheri04luthgoog_0037.png"; bbox 0 0 2346 4208; ppageno 0'>
   <div class='ocr_carea' id='block_1_1' title="bbox 107 259 803 342">
    <p class='ocr_par' dir='ltr' id='par_1_1' title="bbox 107 259 803 342">
     <span class='ocr_line' id='line_1_1' title="bbox 107 259 803 342; baseline 0.01 -23"><span class='ocrx_word' id='word_1_1' title='bbox 107 259 148 335; x_wconf 70' lang='lat'>26</span> <span class='ocrx_word' id='word_1_2' title='bbox 277 266 565 342; x_wconf 62' lang='lat' dir='ltr'>[sinuessanae</span> <span class='ocrx_word' id='word_1_3' title='bbox 581 270 679 331; x_wconf 66' lang='lat' dir='ltr'>anun</span> <span class='ocrx_word' id='word_1_4' title='bbox 697 287 722 329; x_wconf 77' lang='lat' dir='ltr'>a.</span> <span class='ocrx_word' id='word_1_5' title='bbox 742 272 803 327; x_wconf 85' lang='lat' dir='ltr'>xru</span> 
     </span>
    </p>
   </div>
   <div class='ocr_carea' id='block_1_2' title="bbox 487 493 756 591">
    <p class='ocr_par' dir='ltr' id='par_1_2' title="bbox 487 493 756 591">
     <span class='ocr_line' id='line_1_2' title="bbox 487 493 756 591; baseline 0 -35"><span class='ocrx_word' id='word_1_6' title='bbox 487 493 651 591; x_wconf 74' lang='lat' dir='ltr'>Seoppa</span> <span class='ocrx_word' id='word_1_7' title='bbox 753 502 756 507; x_wconf 90' lang='lat'>&#39;</span> 
     </span>
    </p>
   </div>
   <div class='ocr_carea' id='block_1_3' title="bbox 60 566 1028 794">
    <p class='ocr_par' dir='ltr' id='par_1_3' title="bbox 60 566 1028 794">
     <span class='ocr_line' id='line_1_3' title="bbox 60 566 1028 696; baseline 0.003 -25"><span class='ocrx_word' id='word_1_8' title='bbox 60 566 64 576; x_wconf 30' lang='grc' dir='ltr'><strong><em>ι</em></strong></span> <span class='ocrx_word' id='word_1_9' title='bbox 108 608 154 671; x_wconf 88' lang='lat' dir='ltr'>De</span> <span class='ocrx_word' id='word_1_10' title='bbox 162 610 320 678; x_wconf 86' lang='lat' dir='ltr'>Potestate</span> <span class='ocrx_word' id='word_1_11' title='bbox 330 632 431 694; x_wconf 70' lang='lat' dir='ltr'>papae</span> <span class='ocrx_word' id='word_1_12' title='bbox 439 611 482 696; x_wconf 85' lang='lat'>1),</span> <span class='ocrx_word' id='word_1_13' title='bbox 497 615 558 675; x_wconf 91' lang='lat' dir='ltr'>imo</span> <span class='ocrx_word' id='word_1_14' title='bbox 573 597 612 675; x_wconf 85' lang='lat' dir='ltr'>de</span> <span class='ocrx_word' id='word_1_15' title='bbox 625 613 1028 695; x_wconf 75' lang='lat' dir='ltr'>primaluRom.Pontifieis.</span> 
     </span>
     <span class='ocr_line' id='line_1_4' title="bbox 391 713 798 794; baseline 0.012 -21"><span class='ocrx_word' id='word_1_16' title='bbox 391 713 477 783; x_wconf 79' lang='lat' dir='ltr'>Epeii</span> <span class='ocrx_word' id='word_1_17' title='bbox 499 716 710 794; x_wconf 76' lang='lat' dir='ltr'>protestatio..</span> <span class='ocrx_word' id='word_1_18' title='bbox 774 750 798 765; x_wconf 87' lang='lat'>·-</span> 
     </span>
    </p>
   </div>
   <div class='ocr_carea' id='block_1_4' title="bbox 41 820 1075 1476">
    <p class='ocr_par' dir='ltr' id='par_1_4' title="bbox 41 820 1075 1476">
     <span class='ocr_line' id='line_1_5' title="bbox 191 820 1075 912; baseline 0.007 -23"><span class='ocrx_word' id='word_1_19' title='bbox 191 829 373 891; x_wconf 86' lang='lat' dir='ltr'>innomine</span> <span class='ocrx_word' id='word_1_20' title='bbox 397 838 448 892; x_wconf 89' lang='lat' dir='ltr'>tuo</span> <span class='ocrx_word' id='word_1_21' title='bbox 472 820 569 892; x_wconf 75' lang='lat' dir='ltr'>duloi&#39;s</span> <span class='ocrx_word' id='word_1_22' title='bbox 591 832 676 895; x_wconf 81' lang='lat' dir='ltr'>lesu.</span> <span class='ocrx_word' id='word_1_23' title='bbox 716 833 888 912; x_wconf 79' lang='lat' dir='ltr'><strong>Antequam</strong></span> <span class='ocrx_word' id='word_1_24' title='bbox 911 832 941 892; x_wconf 92' lang='lat' dir='ltr'>in</span> <span class='ocrx_word' id='word_1_25' title='bbox 963 851 1027 895; x_wconf 85' lang='lat' dir='ltr'>are-</span> <span class='ocrx_word' id='word_1_26' title='bbox 1071 825 1075 834; x_wconf 81' lang='grc'><em>’</em></span> 
     </span>
     <span class='ocr_line' id='line_1_6' title="bbox 41 898 1028 997; baseline 0.004 -25"><span class='ocrx_word' id='word_1_27' title='bbox 41 907 45 920; x_wconf 93' lang='grc'>’</span> <span class='ocrx_word' id='word_1_28' title='bbox 108 898 177 975; x_wconf 76' lang='lat' dir='ltr'>nasis</span> <span class='ocrx_word' id='word_1_29' title='bbox 202 912 404 992; x_wconf 78' lang='lat' dir='ltr'>descendam,</span> <span class='ocrx_word' id='word_1_30' title='bbox 435 922 593 997; x_wconf 86' lang='lat' dir='ltr'>protestor</span> <span class='ocrx_word' id='word_1_31' title='bbox 621 934 724 976; x_wconf 86' lang='lat' dir='ltr'>eoram</span> <span class='ocrx_word' id='word_1_32' title='bbox 752 914 841 978; x_wconf 90' lang='lat' dir='ltr'>vobis</span> <span class='ocrx_word' id='word_1_33' title='bbox 864 915 1028 976; x_wconf 88' lang='lat' dir='ltr'>illustrissi-</span> 
     </span>
     <span class='ocr_line' id='line_1_7' title="bbox 107 996 1024 1080; baseline 0.001 -24"><span class='ocrx_word' id='word_1_34' title='bbox 107 997 174 1078; x_wconf 88' lang='lat' dir='ltr'>mis,</span> <span class='ocrx_word' id='word_1_35' title='bbox 198 996 362 1077; x_wconf 83' lang='lat' dir='ltr'>nobilibus,</span> <span class='ocrx_word' id='word_1_36' title='bbox 385 997 555 1080; x_wconf 86' lang='lat' dir='ltr'>magniflois</span> <span class='ocrx_word' id='word_1_37' title='bbox 579 1007 609 1059; x_wconf 92' lang='lat' dir='ltr'>et</span> <span class='ocrx_word' id='word_1_38' title='bbox 631 998 898 1061; x_wconf 74' lang='lat' dir='ltr'>excellentissimis</span> <span class='ocrx_word' id='word_1_39' title='bbox 921 998 1024 1061; x_wconf 90' lang='lat' dir='ltr'>Domi-</span> 
     </span>
     <span class='ocr_line' id='line_1_8' title="bbox 107 1080 1028 1164; baseline 0.003 -26"><span class='ocrx_word' id='word_1_40' title='bbox 107 1080 164 1156; x_wconf 84' lang='lat' dir='ltr'>nis,</span> <span class='ocrx_word' id='word_1_41' title='bbox 187 1080 291 1147; x_wconf 88' lang='lat' dir='ltr'>omnia</span> <span class='ocrx_word' id='word_1_42' title='bbox 336 1101 369 1142; x_wconf 86' lang='lat' dir='ltr'>er</span> <span class='ocrx_word' id='word_1_43' title='bbox 389 1101 440 1147; x_wconf 90' lang='lat' dir='ltr'>me</span> <span class='ocrx_word' id='word_1_44' title='bbox 463 1080 594 1142; x_wconf 78' lang='lat' dir='ltr'>dicenda</span> <span class='ocrx_word' id='word_1_45' title='bbox 616 1089 647 1142; x_wconf 92' lang='lat' dir='ltr'>et</span> <span class='ocrx_word' id='word_1_46' title='bbox 668 1081 750 1143; x_wconf 86' lang='lat' dir='ltr'>diota</span> <span class='ocrx_word' id='word_1_47' title='bbox 770 1083 801 1143; x_wconf 89' lang='lat' dir='ltr'>in</span> <span class='ocrx_word' id='word_1_48' title='bbox 831 1082 936 1164; x_wconf 83' lang='lat' dir='ltr'>primis</span> <span class='ocrx_word' id='word_1_49' title='bbox 959 1100 1028 1142; x_wconf 89' lang='lat' dir='ltr'>esse</span> 
     </span>
     <span class='ocr_line' id='line_1_9' title="bbox 107 1162 1028 1246; baseline 0.003 -24"><span class='ocrx_word' id='word_1_50' title='bbox 107 1162 245 1223; x_wconf 89' lang='lat' dir='ltr'>subieota</span> <span class='ocrx_word' id='word_1_51' title='bbox 266 1163 296 1223; x_wconf 90' lang='lat' dir='ltr'>iu</span> <span class='ocrx_word' id='word_1_52' title='bbox 319 1166 379 1225; x_wconf 86' lang='lat' dir='ltr'>reio</span> <span class='ocrx_word' id='word_1_53' title='bbox 402 1165 518 1246; x_wconf 82' lang='lat' dir='ltr'>primae</span> <span class='ocrx_word' id='word_1_54' title='bbox 541 1164 638 1244; x_wconf 84' lang='lat' dir='ltr'>sedis,</span> <span class='ocrx_word' id='word_1_55' title='bbox 673 1171 704 1225; x_wconf 89' lang='lat' dir='ltr'>et</span> <span class='ocrx_word' id='word_1_56' title='bbox 724 1165 848 1226; x_wconf 86' lang='lat' dir='ltr'>Domini</span> <span class='ocrx_word' id='word_1_57' title='bbox 869 1165 900 1225; x_wconf 90' lang='lat' dir='ltr'>in</span> <span class='ocrx_word' id='word_1_58' title='bbox 923 1174 961 1225; x_wconf 87' lang='lat' dir='ltr'>ea</span> <span class='ocrx_word' id='word_1_59' title='bbox 982 1184 1028 1225; x_wconf 90' lang='lat' dir='ltr'>se·</span> 
     </span>
     <span class='ocr_line' id='line_1_10' title="bbox 106 1243 1028 1331; baseline 0.002 -25"><span class='ocrx_word' id='word_1_60' title='bbox 106 1243 223 1328; x_wconf 84' lang='lat' dir='ltr'>dentis,</span> <span class='ocrx_word' id='word_1_61' title='bbox 258 1246 369 1315; x_wconf 82' lang='lat' dir='ltr'>deinde</span> <span class='ocrx_word' id='word_1_62' title='bbox 405 1247 611 1331; x_wconf 84' lang='lat' dir='ltr'>quorumlibet</span> <span class='ocrx_word' id='word_1_63' title='bbox 639 1249 786 1327; x_wconf 88' lang='lat' dir='ltr'>aliorum,</span> <span class='ocrx_word' id='word_1_64' title='bbox 821 1266 949 1329; x_wconf 87' lang='lat' dir='ltr'>quorum</span> <span class='ocrx_word' id='word_1_65' title='bbox 980 1255 1028 1308; x_wconf 89' lang='lat' dir='ltr'>est</span> 
     </span>
     <span class='ocr_line' id='line_1_11' title="bbox 55 1330 1026 1418; baseline 0.003 -29"><span class='ocrx_word' id='word_1_66' title='bbox 55 1405 64 1418; x_wconf 28' lang='grc' dir='ltr'>ν</span> <span class='ocrx_word' id='word_1_67' title='bbox 107 1331 438 1412; x_wconf 63' lang='grc' dir='ltr'>οπαηῐεε,οοπίςετθ,</span> <span class='ocrx_word' id='word_1_68' title='bbox 460 1330 500 1390; x_wconf 74' lang='lat' dir='ltr'>‘et</span> <span class='ocrx_word' id='word_1_69' title='bbox 527 1330 566 1390; x_wconf 92' lang='lat' dir='ltr'>ad</span> <span class='ocrx_word' id='word_1_70' title='bbox 590 1332 725 1391; x_wconf 86' lang='lat' dir='ltr'>veritatis</span> <span class='ocrx_word' id='word_1_71' title='bbox 748 1331 957 1410; x_wconf 84' lang='lat' dir='ltr'>oognitionem</span> <span class='ocrx_word' id='word_1_72' title='bbox 980 1350 1026 1392; x_wconf 90' lang='lat' dir='ltr'>re-</span> 
     </span>
     <span class='ocr_line' id='line_1_12' title="bbox 107 1411 228 1476; baseline 0.025 -4"><span class='ocrx_word' id='word_1_73' title='bbox 107 1411 228 1476; x_wconf 80' lang='lat' dir='ltr'>ducere.</span> 
     </span>
    </p>
   </div>
   <div class='ocr_carea' id='block_1_5' title="bbox 68 1512 1051 2840">
    <p class='ocr_par' dir='ltr' id='par_1_5' title="bbox 100 1512 1048 2344">
     <span class='ocr_line' id='line_1_13' title="bbox 123 1512 1028 1594; baseline 0.002 -22"><span class='ocrx_word' id='word_1_74' title='bbox 123 1582 129 1589; x_wconf 86' lang='lat'>.</span> <span class='ocrx_word' id='word_1_75' title='bbox 188 1513 229 1573; x_wconf 83' lang='lat' dir='ltr'>Elt</span> <span class='ocrx_word' id='word_1_76' title='bbox 252 1514 324 1592; x_wconf 88' lang='lat' dir='ltr'>quia</span> <span class='ocrx_word' id='word_1_77' title='bbox 354 1512 541 1575; x_wconf 82' lang='lat' dir='ltr'>reverendus</span> <span class='ocrx_word' id='word_1_78' title='bbox 572 1512 662 1573; x_wconf 87' lang='lat' dir='ltr'>Pater</span> <span class='ocrx_word' id='word_1_79' title='bbox 690 1515 719 1573; x_wconf 92' lang='lat' dir='ltr'>in</span> <span class='ocrx_word' id='word_1_80' title='bbox 751 1514 942 1594; x_wconf 77' lang='lat' dir='ltr'>praefatione</span> <span class='ocrx_word' id='word_1_81' title='bbox 971 1533 1028 1574; x_wconf 89' lang='lat' dir='ltr'>sua</span> 
     </span>
     <span class='ocr_line' id='line_1_14' title="bbox 106 1595 1026 1674; baseline 0.002 -19"><span class='ocrx_word' id='word_1_82' title='bbox 106 1597 192 1674; x_wconf 81' lang='lat' dir='ltr'><strong>quasi</strong></span> <span class='ocrx_word' id='word_1_83' title='bbox 223 1616 256 1655; x_wconf 89' lang='lat' dir='ltr'>se</span> <span class='ocrx_word' id='word_1_84' title='bbox 283 1595 464 1657; x_wconf 81' lang='lat' dir='ltr'>excusando</span> <span class='ocrx_word' id='word_1_85' title='bbox 487 1602 616 1658; x_wconf 84' lang='lat' dir='ltr'>testatur</span> <span class='ocrx_word' id='word_1_86' title='bbox 637 1616 672 1656; x_wconf 89' lang='lat' dir='ltr'>se</span> <span class='ocrx_word' id='word_1_87' title='bbox 693 1596 824 1659; x_wconf 76' lang='lat' dir='ltr'>libenter</span> <span class='ocrx_word' id='word_1_88' title='bbox 847 1597 928 1659; x_wconf 87' lang='lat' dir='ltr'>hane</span> <span class='ocrx_word' id='word_1_89' title='bbox 953 1598 1026 1659; x_wconf 90' lang='lat' dir='ltr'>omi-</span> 
     </span>
     <span class='ocr_line' id='line_1_15' title="bbox 106 1678 1048 1767; baseline -0.001 -26"><span class='ocrx_word' id='word_1_90' title='bbox 106 1680 366 1759; x_wconf 88' lang='lat' dir='ltr'>sissemateriam,</span> <span class='ocrx_word' id='word_1_91' title='bbox 385 1700 443 1761; x_wconf 82' lang='lat' dir='ltr'>pro</span> <span class='ocrx_word' id='word_1_92' title='bbox 458 1681 567 1740; x_wconf 90' lang='lat' dir='ltr'>summi</span> <span class='ocrx_word' id='word_1_93' title='bbox 586 1678 743 1767; x_wconf 78' lang='lat' dir='ltr'>pontilicis</span> <span class='ocrx_word' id='word_1_94' title='bbox 763 1681 945 1761; x_wconf 82' lang='lat' dir='ltr'>reverentia,</span> <span class='ocrx_word' id='word_1_95' title='bbox 967 1680 1048 1757; x_wconf 49' lang='lat' dir='ltr'>uisi,</span> 
     </span>
     <span class='ocr_line' id='line_1_16' title="bbox 105 1763 1025 1843; baseline 0.001 -21"><span class='ocrx_word' id='word_1_96' title='bbox 105 1780 161 1842; x_wconf 90' lang='lat' dir='ltr'>per</span> <span class='ocrx_word' id='word_1_97' title='bbox 180 1781 279 1828; x_wconf 88' lang='lat' dir='ltr'>meam</span> <span class='ocrx_word' id='word_1_98' title='bbox 302 1763 597 1842; x_wconf 85' lang='lat' dir='ltr'>pe1·traotusfuissel</span> <span class='ocrx_word' id='word_1_99' title='bbox 617 1763 872 1843; x_wconf 75' lang='lat' dir='ltr'>propositionem.</span> <span class='ocrx_word' id='word_1_100' title='bbox 902 1763 944 1823; x_wconf 89' lang='lat' dir='ltr'>At</span> <span class='ocrx_word' id='word_1_101' title='bbox 965 1782 1025 1823; x_wconf 92' lang='lat' dir='ltr'>me-</span> 
     </span>
     <span class='ocr_line' id='line_1_17' title="bbox 106 1845 1025 1931; baseline 0.001 -27"><span class='ocrx_word' id='word_1_102' title='bbox 106 1845 233 1911; x_wconf 81' lang='lat' dir='ltr'>minerit</span> <span class='ocrx_word' id='word_1_103' title='bbox 249 1846 436 1907; x_wconf 86' lang='lat' dir='ltr'>reverendus</span> <span class='ocrx_word' id='word_1_104' title='bbox 461 1846 560 1924; x_wconf 86' lang='lat' dir='ltr'>Pater,</span> <span class='ocrx_word' id='word_1_105' title='bbox 584 1848 641 1913; x_wconf 86' lang='lat' dir='ltr'>nisi</span> <span class='ocrx_word' id='word_1_106' title='bbox 665 1848 748 1931; x_wconf 91' lang='lat' dir='ltr'>prius</span> <span class='ocrx_word' id='word_1_107' title='bbox 770 1847 887 1927; x_wconf 91' lang='lat' dir='ltr'>ipsein</span> <span class='ocrx_word' id='word_1_108' title='bbox 910 1846 1025 1907; x_wconf 90' lang='lat' dir='ltr'>resolu-</span> 
     </span>
     <span class='ocr_line' id='line_1_18' title="bbox 105 1927 1027 2011; baseline 0.001 -23"><span class='ocrx_word' id='word_1_109' title='bbox 105 1929 184 1991; x_wconf 84' lang='lat' dir='ltr'>torio</span> <span class='ocrx_word' id='word_1_110' title='bbox 207 1935 279 1990; x_wconf 88' lang='lat' dir='ltr'>ante</span> <span class='ocrx_word' id='word_1_111' title='bbox 301 1936 442 2011; x_wconf 81' lang='lat' dir='ltr'>tempora</span> <span class='ocrx_word' id='word_1_112' title='bbox 463 1927 602 1990; x_wconf 82' lang='lat' dir='ltr'>Silvestri</span> <span class='ocrx_word' id='word_1_113' title='bbox 623 1935 789 2009; x_wconf 77' lang='lat' dir='ltr'>negasset,</span> <span class='ocrx_word' id='word_1_114' title='bbox 812 1930 901 1991; x_wconf 87' lang='lat' dir='ltr'>Rom.</span> <span class='ocrx_word' id='word_1_115' title='bbox 924 1928 1027 1990; x_wconf 88' lang='lat' dir='ltr'>Ponti-</span> 
     </span>
     <span class='ocr_line' id='line_1_19' title="bbox 104 2008 1013 2092; baseline 0.001 -20"><span class='ocrx_word' id='word_1_116' title='bbox 104 2008 193 2077; x_wconf 85' lang='lat' dir='ltr'>liaem</span> <span class='ocrx_word' id='word_1_117' title='bbox 224 2010 292 2073; x_wconf 84' lang='lat' dir='ltr'>aliis</span> <span class='ocrx_word' id='word_1_118' title='bbox 324 2013 531 2092; x_wconf 81' lang='lat' dir='ltr'>superiorein,</span> <span class='ocrx_word' id='word_1_119' title='bbox 567 2031 629 2073; x_wconf 91' lang='lat' dir='ltr'>uon</span> <span class='ocrx_word' id='word_1_120' title='bbox 664 2012 772 2075; x_wconf 83' lang='lat' dir='ltr'>luisset</span> <span class='ocrx_word' id='word_1_121' title='bbox 807 2012 1013 2081; x_wconf 82' lang='lat' dir='ltr'>neeessariam</span> 
     </span>
     <span class='ocr_line' id='line_1_20' title="bbox 104 2057 1026 2176; baseline -0.004 -17"><span class='ocrx_word' id='word_1_122' title='bbox 104 2113 154 2159; x_wconf 79' lang='lat' dir='ltr'>me</span> <span class='ocrx_word' id='word_1_123' title='bbox 188 2095 385 2159; x_wconf 86' lang='lat' dir='ltr'>tredeeimam</span> <span class='ocrx_word' id='word_1_124' title='bbox 417 2095 501 2156; x_wconf 90' lang='lat' dir='ltr'>illam</span> <span class='ocrx_word' id='word_1_125' title='bbox 533 2097 675 2174; x_wconf 82' lang='lat' dir='ltr'>posuisse</span> <span class='ocrx_word' id='word_1_126' title='bbox 701 2097 963 2176; x_wconf 75' lang='lat' dir='ltr'>propositionem,</span> <span class='ocrx_word' id='word_1_127' title='bbox 994 2057 1026 2159; x_wconf 81' lang='lat' dir='ltr'>ei</span> 
     </span>
     <span class='ocr_line' id='line_1_21' title="bbox 100 2177 1025 2260; baseline 0.004 -24"><span class='ocrx_word' id='word_1_128' title='bbox 100 2177 188 2256; x_wconf 90' lang='lat' dir='ltr'>-quod</span> <span class='ocrx_word' id='word_1_129' title='bbox 211 2178 242 2237; x_wconf 90' lang='lat' dir='ltr'>in</span> <span class='ocrx_word' id='word_1_130' title='bbox 266 2179 350 2238; x_wconf 81' lang='lat' dir='ltr'>Aetia</span> <span class='ocrx_word' id='word_1_131' title='bbox 365 2178 564 2259; x_wconf 55' lang='lat' dir='ltr'>Augustam)</span> <span class='ocrx_word' id='word_1_132' title='bbox 589 2197 692 2238; x_wconf 86' lang='lat' dir='ltr'>eoram</span> <span class='ocrx_word' id='word_1_133' title='bbox 715 2179 819 2259; x_wconf 84' lang='lat' dir='ltr'>legato</span> <span class='ocrx_word' id='word_1_134' title='bbox 841 2177 930 2240; x_wconf 82' lang='lat' dir='ltr'>Sedis</span> <span class='ocrx_word' id='word_1_135' title='bbox 951 2197 1025 2260; x_wconf 87' lang='lat' dir='ltr'>apo-</span> 
     </span>
     <span class='ocr_line' id='line_1_22' title="bbox 105 2260 1026 2344; baseline 0.002 -24"><span class='ocrx_word' id='word_1_136' title='bbox 105 2260 235 2322; x_wconf 86' lang='lat' dir='ltr'>stolieae</span> <span class='ocrx_word' id='word_1_137' title='bbox 277 2261 405 2322; x_wconf 86' lang='lat' dir='ltr'>Beatum</span> <span class='ocrx_word' id='word_1_138' title='bbox 444 2260 602 2344; x_wconf 74' lang='lat' dir='ltr'>Pelagium</span> <span class='ocrx_word' id='word_1_139' title='bbox 630 2260 811 2323; x_wconf 74' lang='lat' dir='ltr'>Pontificem</span> <span class='ocrx_word' id='word_1_140' title='bbox 844 2261 1026 2342; x_wconf 84' lang='lat' dir='ltr'>evangeliea</span> 
     </span>
    </p>

    <p class='ocr_par' dir='ltr' id='par_1_6' title="bbox 68 2339 1051 2840">
     <span class='ocr_line' id='line_1_23' title="bbox 68 2339 1024 2425; baseline 0.001 -21"><span class='ocrx_word' id='word_1_141' title='bbox 68 2357 73 2383; x_wconf 83' lang='lat'>¹</span> <span class='ocrx_word' id='word_1_142' title='bbox 104 2344 219 2423; x_wconf 80' lang='lat' dir='ltr'>scripta</span> <span class='ocrx_word' id='word_1_143' title='bbox 249 2345 380 2414; x_wconf 78' lang='lat' dir='ltr'>torsisse</span> <span class='ocrx_word' id='word_1_144' title='bbox 409 2352 566 2421; x_wconf 79' lang='lat' dir='ltr'>causatur,</span> <span class='ocrx_word' id='word_1_145' title='bbox 599 2346 649 2425; x_wconf 92' lang='lat' dir='ltr'>qui</span> <span class='ocrx_word' id='word_1_146' title='bbox 671 2351 773 2404; x_wconf 89' lang='lat' dir='ltr'>lamen</span> <span class='ocrx_word' id='word_1_147' title='bbox 805 2339 940 2405; x_wconf 84' lang='lat' dir='ltr'>maxime</span> <span class='ocrx_word' id='word_1_148' title='bbox 961 2363 1024 2405; x_wconf 89' lang='lat' dir='ltr'>om-</span> 
     </span>
     <span class='ocr_line' id='line_1_24' title="bbox 103 2425 1024 2503; baseline 0.001 -16"><span class='ocrx_word' id='word_1_149' title='bbox 103 2427 187 2487; x_wconf 90' lang='lat' dir='ltr'>nium</span> <span class='ocrx_word' id='word_1_150' title='bbox 210 2426 248 2486; x_wconf 91' lang='lat' dir='ltr'>ad</span> <span class='ocrx_word' id='word_1_151' title='bbox 273 2433 447 2488; x_wconf 84' lang='lat' dir='ltr'>sanatorum</span> <span class='ocrx_word' id='word_1_152' title='bbox 460 2427 581 2503; x_wconf 85' lang='lat' dir='ltr'>Petrum</span> <span class='ocrx_word' id='word_1_153' title='bbox 604 2426 806 2488; x_wconf 78' lang='lat' dir='ltr'>intentis&#39;mem</span> <span class='ocrx_word' id='word_1_154' title='bbox 828 2426 923 2489; x_wconf 88' lang='lat' dir='ltr'>verba</span> <span class='ocrx_word' id='word_1_155' title='bbox 941 2425 1024 2488; x_wconf 81' lang='lat' dir='ltr'>Chri·</span> 
     </span>
     <span class='ocr_line' id='line_1_25' title="bbox 103 2510 1025 2591; baseline -0.001 -20"><span class='ocrx_word' id='word_1_156' title='bbox 103 2510 143 2584; x_wconf 77' lang='lat' dir='ltr'>sti</span> <span class='ocrx_word' id='word_1_157' title='bbox 164 2512 296 2589; x_wconf 64' lang='lat' dir='ltr'>aceepit.</span> <span class='ocrx_word' id='word_1_158' title='bbox 339 2510 462 2573; x_wconf 84' lang='lat' dir='ltr'>Frustra</span> <span class='ocrx_word' id='word_1_159' title='bbox 484 2531 558 2591; x_wconf 81' lang='lat' dir='ltr'>ergo</span> <span class='ocrx_word' id='word_1_160' title='bbox 581 2510 780 2573; x_wconf 88' lang='lat' dir='ltr'>Reverendus</span> <span class='ocrx_word' id='word_1_161' title='bbox 803 2510 894 2573; x_wconf 87' lang='lat' dir='ltr'>Pater</span> <span class='ocrx_word' id='word_1_162' title='bbox 920 2510 952 2571; x_wconf 89' lang='lat' dir='ltr'>in</span> <span class='ocrx_word' id='word_1_163' title='bbox 975 2530 1025 2571; x_wconf 90' lang='lat' dir='ltr'>me</span> 
     </span>
     <span class='ocr_line' id='line_1_26' title="bbox 105 2590 1025 2674; baseline -0.001 -19"><span class='ocrx_word' id='word_1_164' title='bbox 105 2610 230 2655; x_wconf 79' lang='lat' dir='ltr'>oausam</span> <span class='ocrx_word' id='word_1_165' title='bbox 252 2600 395 2672; x_wconf 77' lang='lat' dir='ltr'>torquere</span> <span class='ocrx_word' id='word_1_166' title='bbox 417 2595 536 2672; x_wconf 87' lang='lat' dir='ltr'>nititur,</span> <span class='ocrx_word' id='word_1_167' title='bbox 570 2595 619 2655; x_wconf 88' lang='lat' dir='ltr'>oui</span> <span class='ocrx_word' id='word_1_168' title='bbox 640 2596 707 2674; x_wconf 85' lang='lat' dir='ltr'>ipse</span> <span class='ocrx_word' id='word_1_169' title='bbox 728 2613 791 2657; x_wconf 89' lang='lat' dir='ltr'>non</span> <span class='ocrx_word' id='word_1_170' title='bbox 814 2590 909 2661; x_wconf 80' lang='lat' dir='ltr'>semel</span> <span class='ocrx_word' id='word_1_171' title='bbox 932 2612 1025 2663; x_wconf 71' lang='lat' dir='ltr'>,onea-</span> 
     </span>
     <span class='ocr_line' id='line_1_27' title="bbox 104 2677 1024 2757; baseline 0.002 -21"><span class='ocrx_word' id='word_1_172' title='bbox 104 2677 224 2738; x_wconf 87' lang='lat' dir='ltr'>sionem</span> <span class='ocrx_word' id='word_1_173' title='bbox 245 2678 408 2756; x_wconf 87' lang='lat' dir='ltr'>praestitit.</span> <span class='ocrx_word' id='word_1_174' title='bbox 437 2677 497 2738; x_wconf 85' lang='lat' dir='ltr'>Sed</span> <span class='ocrx_word' id='word_1_175' title='bbox 514 2679 576 2737; x_wconf 89' lang='lat' dir='ltr'>iam</span> <span class='ocrx_word' id='word_1_176' title='bbox 591 2677 771 2757; x_wconf 84' lang='lat' dir='ltr'>ambagibus</span> <span class='ocrx_word' id='word_1_177' title='bbox 788 2678 925 2755; x_wconf 61' lang='lat' dir='ltr'>remotis,</span> <span class='ocrx_word' id='word_1_178' title='bbox 945 2677 1024 2757; x_wconf 82' lang='lat' dir='ltr'>prin-</span> 
     </span>
     <span class='ocr_line' id='line_1_28' title="bbox 104 2759 1051 2840; baseline -0.006 -20"><span class='ocrx_word' id='word_1_179' title='bbox 104 2759 206 2838; x_wconf 82' lang='lat' dir='ltr'>eipsle</span> <span class='ocrx_word' id='word_1_180' title='bbox 227 2760 408 2838; x_wconf 83' lang='lat' dir='ltr'>institutum,</span> <span class='ocrx_word' id='word_1_181' title='bbox 430 2760 497 2822; x_wconf 89' lang='lat' dir='ltr'>Deo</span> <span class='ocrx_word' id='word_1_182' title='bbox 520 2760 608 2838; x_wconf 83' lang='lat' dir='ltr'>duee,</span> <span class='ocrx_word' id='word_1_183' title='bbox 632 2759 856 2840; x_wconf 80' lang='lat' dir='ltr'>aggrediemur.</span> <span class='ocrx_word' id='word_1_184' title='bbox 1036 2784 1051 2814; x_wconf 70' lang='grc' dir='ltr'><strong><em>ι</em></strong></span> 
     </span>
    </p>
   </div>
   <div class='ocr_carea' id='block_1_6' title="bbox 73 2856 1026 3624">
    <p class='ocr_par' dir='ltr' id='par_1_7' title="bbox 73 2856 1026 3439">
     <span class='ocr_line' id='line_1_29' title="bbox 73 2856 1025 2937; baseline 0.002 -19"><span class='ocrx_word' id='word_1_185' title='bbox 73 2923 78 2931; x_wconf 91' lang='lat'><em>.</em></span> <span class='ocrx_word' id='word_1_186' title='bbox 187 2858 369 2919; x_wconf 84' lang='lat' dir='ltr'>Reverende</span> <span class='ocrx_word' id='word_1_187' title='bbox 391 2860 496 2937; x_wconf 87' lang='lat' dir='ltr'>Pater,</span> <span class='ocrx_word' id='word_1_188' title='bbox 528 2861 638 2921; x_wconf 89' lang='lat' dir='ltr'>Vestra</span> <span class='ocrx_word' id='word_1_189' title='bbox 661 2856 828 2921; x_wconf 76' lang='lat' dir='ltr'>Conclusio</span> <span class='ocrx_word' id='word_1_190' title='bbox 860 2859 1025 2920; x_wconf 79' lang='lat' dir='ltr'>tredecima</span> 
     </span>
     <span class='ocr_line' id='line_1_30' title="bbox 105 2942 1025 3018; baseline 0.002 -18"><span class='ocrx_word' id='word_1_191' title='bbox 105 2959 194 3000; x_wconf 88' lang='lat' dir='ltr'>meae</span> <span class='ocrx_word' id='word_1_192' title='bbox 233 2943 447 3004; x_wconf 81' lang='lat' dir='ltr'>contradioens</span> <span class='ocrx_word' id='word_1_193' title='bbox 476 2944 587 3005; x_wconf 86' lang='lat' dir='ltr'>fatetur</span> <span class='ocrx_word' id='word_1_194' title='bbox 626 2944 717 3005; x_wconf 85' lang='lat' dir='ltr'>Rom.</span> <span class='ocrx_word' id='word_1_195' title='bbox 753 2942 925 3018; x_wconf 77' lang='lat' dir='ltr'>Ecclesiam</span> <span class='ocrx_word' id='word_1_196' title='bbox 955 2961 1025 3003; x_wconf 91' lang='lat' dir='ltr'>esse</span> 
     </span>
     <span class='ocr_line' id='line_1_31' title="bbox 105 3023 1025 3107; baseline 0.004 -24"><span class='ocrx_word' id='word_1_197' title='bbox 105 3023 173 3083; x_wconf 92' lang='lat' dir='ltr'>aliis</span> <span class='ocrx_word' id='word_1_198' title='bbox 197 3027 396 3105; x_wconf 82' lang='lat' dir='ltr'>superiorem,</span> <span class='ocrx_word' id='word_1_199' title='bbox 419 3028 505 3088; x_wconf 82' lang='lat' dir='ltr'>iuxta</span> <span class='ocrx_word' id='word_1_200' title='bbox 525 3025 826 3107; x_wconf 80' lang='lat' dir='ltr'>frigidissimaRorn.</span> <span class='ocrx_word' id='word_1_201' title='bbox 841 3024 1025 3089; x_wconf 73' lang='lat' dir='ltr'>Pontificum</span> 
     </span>
     <span class='ocr_line' id='line_1_32' title="bbox 104 3106 1024 3190; baseline 0.002 -24"><span class='ocrx_word' id='word_1_202' title='bbox 104 3106 256 3187; x_wconf 73' lang='lat' dir='ltr'>Decreta,</span> <span class='ocrx_word' id='word_1_203' title='bbox 290 3109 370 3169; x_wconf 86' lang='lat' dir='ltr'>intra</span> <span class='ocrx_word' id='word_1_204' title='bbox 401 3110 642 3190; x_wconf 82' lang='lat' dir='ltr'>quadringentos</span> <span class='ocrx_word' id='word_1_205' title='bbox 673 3127 773 3169; x_wconf 84' lang='lat' dir='ltr'>annos</span> <span class='ocrx_word' id='word_1_206' title='bbox 795 3115 882 3188; x_wconf 80' lang='lat' dir='ltr'>nata,</span> <span class='ocrx_word' id='word_1_207' title='bbox 915 3109 1024 3188; x_wconf 91' lang='lat' dir='ltr'>quibus</span> 
     </span>
     <span class='ocr_line' id='line_1_33' title="bbox 105 3189 1024 3272; baseline 0.003 -22"><span class='ocrx_word' id='word_1_208' title='bbox 105 3189 230 3250; x_wconf 85' lang='lat' dir='ltr'>obstare</span> <span class='ocrx_word' id='word_1_209' title='bbox 252 3191 352 3252; x_wconf 82' lang='lat' dir='ltr'>diuitis</span> <span class='ocrx_word' id='word_1_210' title='bbox 374 3198 491 3253; x_wconf 90' lang='lat' dir='ltr'>textum</span> <span class='ocrx_word' id='word_1_211' title='bbox 515 3193 621 3252; x_wconf 86' lang='lat' dir='ltr'>saer&#39;ae</span> <span class='ocrx_word' id='word_1_212' title='bbox 643 3191 835 3272; x_wconf 76' lang='lat' dir='ltr'>Senpturae,</span> <span class='ocrx_word' id='word_1_213' title='bbox 869 3198 900 3252; x_wconf 89' lang='lat' dir='ltr'>st</span> <span class='ocrx_word' id='word_1_214' title='bbox 926 3192 1024 3253; x_wconf 86' lang='lat' dir='ltr'>bisto-</span> 
     </span>
     <span class='ocr_line' id='line_1_34' title="bbox 102 3272 1026 3354; baseline 0.003 -23"><span class='ocrx_word' id='word_1_215' title='bbox 102 3272 163 3332; x_wconf 80' lang='lat' dir='ltr'>uias</span> <span class='ocrx_word' id='word_1_216' title='bbox 185 3274 372 3354; x_wconf 86' lang='lat' dir='ltr'>approbatas</span> <span class='ocrx_word' id='word_1_217' title='bbox 394 3275 477 3335; x_wconf 90' lang='lat' dir='ltr'>mille</span> <span class='ocrx_word' id='word_1_218' title='bbox 500 3281 530 3336; x_wconf 92' lang='lat' dir='ltr'>et</span> <span class='ocrx_word' id='word_1_219' title='bbox 563 3281 683 3334; x_wconf 85' lang='lat' dir='ltr'>eentum</span> <span class='ocrx_word' id='word_1_220' title='bbox 718 3293 885 3354; x_wconf 86' lang='lat' dir='ltr'>annorum,</span> <span class='ocrx_word' id='word_1_221' title='bbox 918 3280 1026 3336; x_wconf 89' lang='lat' dir='ltr'>eontra</span> 
     </span>
     <span class='ocr_line' id='line_1_35' title="bbox 104 3357 421 3439; baseline 0.006 -24"><span class='ocrx_word' id='word_1_222' title='bbox 104 3373 195 3435; x_wconf 89' lang='lat' dir='ltr'>quam</span> <span class='ocrx_word' id='word_1_223' title='bbox 219 3357 263 3417; x_wconf 87' lang='lat' dir='ltr'>sio</span> <span class='ocrx_word' id='word_1_224' title='bbox 286 3377 421 3439; x_wconf 91' lang='lat' dir='ltr'>oppono.</span> 
     </span>
    </p>

    <p class='ocr_par' dir='ltr' id='par_1_8' title="bbox 105 3432 1025 3624">
     <span class='ocr_line' id='line_1_36' title="bbox 187 3432 1025 3520; baseline 0.002 -21"><span class='ocrx_word' id='word_1_225' title='bbox 187 3439 418 3503; x_wconf 74' lang='lat' dir='ltr'>monarchia-et</span> <span class='ocrx_word' id='word_1_226' title='bbox 439 3432 515 3501; x_wconf 81' lang='lat' dir='ltr'>unis</span> <span class='ocrx_word' id='word_1_227' title='bbox 533 3440 722 3520; x_wconf 76' lang='lat' dir='ltr'>principatus</span> <span class='ocrx_word' id='word_1_228' title='bbox 752 3440 782 3500; x_wconf 92' lang='lat' dir='ltr'>in</span> <span class='ocrx_word' id='word_1_229' title='bbox 814 3441 946 3505; x_wconf 74' lang='lat' dir='ltr'>ecelesia</span> <span class='ocrx_word' id='word_1_230' title='bbox 968 3441 1025 3502; x_wconf 91' lang='lat' dir='ltr'>Dei</span> 
     </span>
     <span class='ocr_line' id='line_1_37' title="bbox 105 3519 1025 3624; baseline 0.004 -41"><span class='ocrx_word' id='word_1_231' title='bbox 105 3530 152 3583; x_wconf 85' lang='lat' dir='ltr'>est</span> <span class='ocrx_word' id='word_1_232' title='bbox 179 3523 217 3583; x_wconf 88' lang='lat' dir='ltr'>de</span> <span class='ocrx_word' id='word_1_233' title='bbox 250 3524 315 3585; x_wconf 83' lang='lat' dir='ltr'>iure</span> <span class='ocrx_word' id='word_1_234' title='bbox 338 3522 457 3599; x_wconf 87' lang='lat' dir='ltr'>divino,</span> <span class='ocrx_word' id='word_1_235' title='bbox 491 3529 524 3583; x_wconf 90' lang='lat' dir='ltr'>et</span> <span class='ocrx_word' id='word_1_236' title='bbox 544 3542 564 3582; x_wconf 86' lang='lat' dir='ltr'>a</span> <span class='ocrx_word' id='word_1_237' title='bbox 587 3519 709 3585; x_wconf 77' lang='lat' dir='ltr'>Christo</span> <span class='ocrx_word' id='word_1_238' title='bbox 732 3521 913 3604; x_wconf 64' lang='lat' dir='ltr'>institutus,⁸</span> <span class='ocrx_word' id='word_1_239' title='bbox 931 3543 1025 3624; x_wconf 73' lang='lat' dir='ltr'>quare</span> 
     </span>
    </p>
   </div>
   <div class='ocr_carea' id='block_1_7' title="bbox 128 3642 389 3651">
    <p class='ocr_par' dir='ltr' id='par_1_9' title="bbox 128 3642 389 3651">
     <span class='ocr_line' id='line_1_38' title="bbox 128 3642 389 3651; baseline -0.004 -2"><span class='ocrx_word' id='word_1_240' title='bbox 128 3643 316 3651; x_wconf 66' lang='lat'>.-.-·..0.-.-.-.-0.</span> <span class='ocrx_word' id='word_1_241' title='bbox 325 3642 361 3650; x_wconf 53' lang='lat' dir='ltr'>...n</span> <span class='ocrx_word' id='word_1_242' title='bbox 376 3644 389 3648; x_wconf 60' lang='lat'>‚-</span> 
     </span>
    </p>
   </div>
   <div class='ocr_carea' id='block_1_8' title="bbox 104 3727 1092 3868">
    <p class='ocr_par' dir='ltr' id='par_1_10' title="bbox 104 3727 1092 3868">
     <span class='ocr_line' id='line_1_39' title="bbox 177 3727 1092 3798; baseline 0.003 -17"><span class='ocrx_word' id='word_1_243' title='bbox 177 3728 208 3794; x_wconf 83' lang='lat' dir='ltr'>l)</span> <span class='ocrx_word' id='word_1_244' title='bbox 230 3729 259 3778; x_wconf 91' lang='lat' dir='ltr'>In</span> <span class='ocrx_word' id='word_1_245' title='bbox 280 3727 322 3779; x_wconf 90' lang='lat' dir='ltr'>ed.</span> <span class='ocrx_word' id='word_1_246' title='bbox 342 3729 428 3796; x_wconf 82' lang='lat' dir='ltr'>prino.</span> <span class='ocrx_word' id='word_1_247' title='bbox 442 3728 533 3781; x_wconf 84' lang='lat' dir='ltr'>deest:</span> <span class='ocrx_word' id='word_1_248' title='bbox 555 3744 652 3797; x_wconf 84' lang='lat' dir='ltr'>papae.</span> <span class='ocrx_word' id='word_1_249' title='bbox 673 3728 705 3796; x_wconf 86' lang='lat'>2)</span> <span class='ocrx_word' id='word_1_250' title='bbox 726 3730 757 3782; x_wconf 90' lang='lat' dir='ltr'>ln</span> <span class='ocrx_word' id='word_1_251' title='bbox 772 3727 814 3782; x_wconf 88' lang='lat' dir='ltr'>ed.</span> <span class='ocrx_word' id='word_1_252' title='bbox 826 3730 912 3798; x_wconf 84' lang='lat' dir='ltr'>prino.</span> <span class='ocrx_word' id='word_1_253' title='bbox 932 3729 1026 3784; x_wconf 84' lang='lat' dir='ltr'>deest:</span> <span class='ocrx_word' id='word_1_254' title='bbox 1089 3753 1092 3757; x_wconf 94' lang='lat'>·</span> 
     </span>
     <span class='ocr_line' id='line_1_40' title="bbox 104 3797 629 3868; baseline -0.008 -13"><span class='ocrx_word' id='word_1_255' title='bbox 104 3797 272 3867; x_wconf 81' lang='lat' dir='ltr'>Augustae,</span> <span class='ocrx_word' id='word_1_256' title='bbox 291 3803 436 3868; x_wconf 85' lang='lat' dir='ltr'>repetitum</span> <span class='ocrx_word' id='word_1_257' title='bbox 457 3816 493 3853; x_wconf 89' lang='lat' dir='ltr'>ex</span> <span class='ocrx_word' id='word_1_258' title='bbox 512 3801 555 3855; x_wconf 91' lang='lat' dir='ltr'>ed.</span> <span class='ocrx_word' id='word_1_259' title='bbox 575 3801 629 3854; x_wconf 85' lang='lat' dir='ltr'>len.</span> 
     </span>
    </p>
   </div>
   <div class='ocr_carea' id='block_1_9' title="bbox 802 3978 819 4011">
    <p class='ocr_par' dir='ltr' id='par_1_11' title="bbox 802 3978 819 4011">
     <span class='ocr_line' id='line_1_41' title="bbox 802 3978 819 4011; baseline 0 0"><span class='ocrx_word' id='word_1_260' title='bbox 802 3978 819 4011; x_wconf 65' lang='grc' dir='ltr'>ἱ</span> 
     </span>
    </p>
   </div>
   <div class='ocr_carea' id='block_1_10' title="bbox 0 0 1178 4208">
    <p class='ocr_par' dir='ltr' id='par_1_12' title="bbox 0 0 1178 4208">
     <span class='ocr_line' id='line_1_42' title="bbox 0 0 1178 4208; baseline 0 0"><span class='ocrx_word' id='word_1_261' title='bbox 0 0 1178 4208; x_wconf 95' lang='lat' dir='ltr'> </span> 
     </span>
    </p>
   </div>
  </div>
 </body>
</html>
