2346 4208
423 268 442 305 a
457 250 578 309 Notariis
597 259 724 323 exceptu.
972 252 1033 319 151

118 438 222 517 operis,
250 455 347 516 quare
375 456 440 498 non
462 437 582 498 videtur
604 438 683 500 bane
705 439 838 513 dictum,
859 439 943 517 qnod
966 438 1031 500 hoc

118 519 293 581 adimentes
314 523 480 582 insaniant.
522 521 591 582 Hoc
612 522 778 602 probatur,
801 522 874 604 quie
896 522 1031 583 ecclesia

116 604 203 681 iniis,
225 621 308 683 quae
329 611 404 665 sunt
424 602 507 683 fidei,
529 611 705 685 non'errat,
729 612 761 666 et
773 624 852 684 quas
862 607 1032 686 respiciunt

117 687 276 747 animarum
299 686 442 749 salutern.

180 770 270 845 lmo,
299 775 332 829 ut
354 769 383 831 S.
408 769 580 850 Cyprianus
613 779 665 858 ait,
697 772 781 833 Deus
803 791 866 833 non
883 773 1032 851 permittit

117 853 252 913 maiorem
275 863 395 934 partem
419 852 492 914 cleri
513 872 625 932 errare,
647 862 706 925 sed
727 857 758 914 in
779 855 918 916 conciliis
940 874 1031 935 gene-

112 935 233 1013 rdibus,
260 944 294 997 et
320 955 376 1016 per
398 938 627 1005 universitatem
661 940 739 1007 oleri
763 941 823 999 iam
846 959 865 999 a
887 939 1031 999 trecentis

112 1021 188 1079 annis
222 1018 437 1100 indulgentiae
470 1027 631 1100 reputatae
660 1032 732 1090 suut
763 1023 853 1082 utiles
883 1031 913 1082 et
960 1024 1030 1101 piae

113 1101 296 1164 Ghfissfifflliss·
325 1101 416 1178 QUOd
441 1105 539 1183 patuit
559 1105 589 1164 in
613 1112 748 1172 concilio
771 1105 957 1181 Viennensi,
978 1104 1030 1165 ubi

112 1187 296 1266 approbatae
318 1195 390 1246 sunt
412 1185 504 1247 datos
526 1206 583 1267 per
606 1195 763 1258 Urbanum
785 1188 836 1250 IV.
860 1207 916 1268 pro
941 1206 1031 1248 vene-

110 1268 205 1331 rutilis
229 1268 437 1330 eucharistiae
449 1278 661 1355 veneratione,
685 1298 757 1338 nam
773 1273 936 1333 concilium
950 1271 1031 1332 hanc

109 1350 220 1413 rddidit
241 1355 394 1413 rationem
418 1355 582 1439 motivam,
604 1368 637 1422 ut
659 1362 773 1423 christi
795 1355 904 1418 fideles
927 1365 1031 1414 essens

111 1438 199 1518 uagis
229 1436 331 1516 parsti
360 1435 400 1496 ad
429 1435 579 1516 obsequia
599 1440 810 1506 venerationis
843 1446 875 1500 et
903 1439 1029 1498 honoris

113 1529 301 1581 srcrsmento
324 1517 546 1599 impendenda.

159 1603 214 1665 Sic
239 1603 439 1664 Innocentius
450 1602 501 1666 lll.
525 1607 556 1666 in
580 1611 714 1670 concilio
734 1604 880 1690 generali,
903 1602 954 1663 ubi
975 1604 1029 1663 uti-

115 1683 249 1747 lissimam
263 1687 532 1770 constitutipnem:
556 1692 663 1754 Omnis
676 1693 841 1771 utriusque,
864 1693 960 1747 alote
982 1705 1030 1747 ec

114 1768 194 1831 dosia
216 1775 389 1848 receptam,
411 1769 518 1849 edidit,
541 1776 580 1837 de
603 1775 803 1856 indulgentiis
826 1789 949 1850 quoque
971 1769 1030 1829 dis-

113 1855 203 1930 posuit
231 1840 484 1932 hospitaliordm,
512 1858 633 1920 dicens:
665 1859 855 1939 lniungimus
886 1853 973 1913 vobis
996 1853 1027 1912 in

112 1938 318 1997 remissionem
339 1943 553 2022 peccatorum,
584 1949 736 2021 quatenus
766 1941 806 2002 de
829 1938 918 1999 bonis
940 1934 1029 1996 vobis

113 2019 224 2080 colans
248 2028 340 2099 grata
360 2020 405 2078 eis
428 2021 564 2085 subsidia
586 2026 721 2087 caritatis
744 2024 897 2104 erogetis,
919 2026 953 2079 ut
975 2037 1029 2098 per

113 2103 338 2165 obventionem
362 2109 495 2162 vestram
525 2111 661 2187 ipsorum
688 2109 814 2187 inopiae
841 2103 1029 2178 consulatur,

115 2194 211 2247 etvos
235 2205 291 2264 per
312 2186 408 2263 haec,
439 2199 469 2246 et
489 2192 569 2265 alia,
606 2211 684 2271 quae
706 2192 840 2250 Domino
863 2188 1031 2266 inspirante

116 2267 253 2347 feceritis,
282 2270 321 2328 ad
344 2277 470 2329 aeterna
492 2278 616 2354 possitis
646 2274 759 2354 gaudia
781 2272 951 2354 pervenire.
995 2269 1027 2328 lu

118 2353 213 2413 sudem
238 2372 363 2432 quoque
375 2356 507 2418 concilio
531 2359 660 2418 limitata
679 2358 735 2417 fuit
750 2358 925 2416 inferiorum
943 2371 1028 2433 prae-

119 2432 233 2496 latorum
257 2436 466 2516 indulgentias
489 2441 582 2501 dandi
605 2449 762 2521 potestas,
792 2458 871 2517 quae
898 2439 929 2496 in
952 2435 1029 2514 Lug-

120 2515 232 2581 dunensi
257 2522 392 2580 concilio
417 2520 528 2583 deinde
550 2525 607 2584 fuit
628 2524 807 2603 approbata.
852 2520 911 2580 Sed
934 2521 960 2578 si
984 2520 1027 2577 in-

120 2598 284 2684 dulgentiae
307 2611 413 2663 essent
433 2608 538 2667 vilium
561 2609 635 2668 boni
658 2608 775 2686 operis,
798 2615 828 2665 et
849 2603 1029 2663 Christianis

121 2683 248 2766 inutiles,
287 2686 359 2765 quid
391 2706 469 2767 opus
494 2699 576 2751 esset
608 2691 805 2751 collationem
835 2689 899 2746 vitii
925 2687 1028 2764 operis

121 2769 240 2831 minuere
261 2772 292 2831 in
316 2770 452 2833 inferiori
474 2775 630 2854 praelato,
663 2782 694 2833 et
716 2772 855 2833 conferre
877 2772 907 2829 in
932 2770 1025 2848 pleni-

122 2852 238 2914 tudinem
262 2855 437 2933 potestatis.

184 2937 331 3016 Accedit,
361 2941 444 3015 quod
478 2939 632 3000 laudabile
657 2939 896 3000 Constantiense
925 2935 1026 2994 conci-

121 3011 190 3096 lium,
220 3021 305 3100 quod
334 3028 365 3081 et
391 3024 470 3082 inter
501 3043 620 3083 errores
644 3023 802 3082 damnavit
824 3019 1025 3097 indulgentia·

121 3114 169 3161 rum
190 3110 421 3183 contemptum,
444 3108 575 3167 contulit
596 3106 804 3185 indulgentias
829 3101 970 3164 omnibus
994 3102 1023 3159 in

121 3188 232 3248 concilio
263 3189 498 3266 exsistentibus,
535 3199 565 3250 et
590 3191 666 3250 feria
694 3195 782 3249 sexta
809 3184 1025 3259 ieiunantibus,

122 3270 184 3343 qnod
204 3272 313 3332 suisset
334 3271 416 3331 bona
439 3292 534 3352 opera
555 3281 708 3334 tantorum
725 3273 846 3331 Patr-um
863 3270 1024 3347 inquinare

121 3354 286 3416 etinficere.
311 3353 350 3412 Εἰ
368 3353 500 3433 Gereon,
523 3376 612 3435 quem
636 3354 822 3417 reverendus
846 3355 935 3413 Pater
957 3353 1023 3412 illu-

121 3440 192 3496 strem
216 3438 396 3517 theologum
419 3441 566 3519 appellat,
589 3443 667 3501 sicut
688 3440 744 3499 fuit
765 3440 829 3497 veri
852 3445 883 3496 et
901 3437 1023 3496 honesti
1068 3472 1070 3477 -

121 3519 354 3599 studiosissimus,
377 3522 402 3579 is
426 3521 549 3600 decidit,
570 3524 829 3604 indulgentiarum
844 3521 1022 3580 concessio·

121 3614 175 3681 nem
198 3625 261 3664 non
290 3623 361 3663 esse
395 3609 480 3683 parvi
511 3607 708 3686 pendendam
744 3624 797 3663 seu
826 3611 1024 3664 contemnen-

121 3677 181 3777 lltm,
201 3687 255 3747 sed
279 3686 393 3748 devote
415 3690 675 3770 amplectendam,
697 3693 728 3751 in
751 3662 821 3762 fide,
845 3708 900 3766 spe
923 3694 953 3746 et
971 3705 1021 3747 ca-

121 3774 189 3832 nure
203 3771 328 3831 Domini
352 3775 448 3832 nostri
471 3773 676 3855 JesuOhristi,
700 3777 750 3854 qui
772 3772 865 3831 talem
890 3778 1022 3851 potesla-

138 3881 214 3926 Lntlreri
229 3899 280 3937 opp,
296 3890 319 3928 V,
332 3890 359 3928 A.
375 3891 406 3926 ad
416 3891 457 3929 ref.
471 3891 521 3931 trist
535 3893 550 3930 l.
563 3904 586 3942 ρ.
605 3895 651 3938 Vol,
666 3897 708 3937 Ill.
818 3874 850 3936 ll
