2346 4208
117 246 181 314 446
444 243 601 317 Disputatio
619 243 654 301 D.
673 246 710 302 ii.
729 246 759 304 L.

181 433 231 497 40.
253 429 328 492 ideo
361 431 520 492 nonlicet
548 431 693 512 privatis,
726 430 947 511 qualesquales
974 433 1037 512 sint,

120 515 179 576 hac
201 533 279 596 pace
300 521 477 596 praecepta,
500 515 602 575 iacere
624 513 674 575 vel
695 513 776 576 ferre
798 516 861 575 vim
883 516 1038 597 privatam,

121 598 176 659 sed
199 598 397 679 magistratus
415 605 463 658 est
484 597 686 659 invocandus.

181 683 232 746 41.
256 681 399 743 Ceterum
422 683 520 763 magis
521 682 647 742 tratus
639 682 739 762 rmpii,
770 687 900 762 propter
921 681 1038 826 reiiffio·

120 783 201 843 nem,
223 765 254 826 id
279 771 334 837 est,
357 772 483 846 propter
504 767 634 845 primam
657 765 792 826 tabulam
816 765 928 826 volunt
950 786 979 825 vr
1001 785 1040 826 en

120 866 224 929 ogere,
248 847 332 928 quod
353 855 458 929 agunt.

183 933 234 994 42.
256 931 357 991 Hic
333 950 358 991 ιι
370 951 434 992 non
445 930 554 993 volunt
568 931 744 993 melioribus
757 932 931 1012 informari,
953 931 1040 994 habet

121 1013 224 1076 locum
238 1013 515 1076 doctrinaGhristi:
537 1014 635 1094 Vade,
651 1015 761 1095 vende,
783 1016 938 1096 relinque,
960 1015 1041 1094 cede,

121 1097 216 1178 perde
238 1098 352 1177 omnia,
375 1099 467 1158 etiam
489 1099 589 1177 ipsam
611 1100 756 1162 animam.

183 1182 233 1245 43.
257 1179 337 1254 Quia
358 1181 439 1241 ultra
460 1200 590 1263 regnum
627 1183 688 1243 hoc
710 1181 816 1242 mnndi
839 1201 905 1243 non
930 1189 978 1243 est
999 1200 1041 1242 su·

120 1265 222 1344 perius
244 1263 403 1323 aliuco
347 1283 403 1325 reo
383 1284 494 1362 rpatrm,
529 1263 612 1344 quod
646 1284 702 1346 pro
732 1264 823 1327 nobis
854 1272 968 1327 eontra
987 1266 1043 1327 hoc

120 1365 249 1429 rognum
272 1354 342 1426 stet,
364 1349 423 1409 nisi
445 1348 520 1409 illud
543 1354 701 1410 aeternum
724 1367 854 1430 regnum
877 1349 948 1411 Dei.

185 1431 235 1493 44.
257 1430 304 1491 Ita
326 1430 382 1494 sub
404 1434 585 1512 magistratu
612 1432 795 1514 prohibente
820 1432 938 1493 malum
962 1439 1042 1493 tene·

122 1532 189 1574 mur
211 1513 352 1594 obedire,
376 1521 408 1577 et
428 1534 491 1576 non
508 1516 604 1595 ferre,
636 1515 690 1577 sed
711 1517 856 1577 resistere
879 1516 966 1576 malo
989 1517 1042 1576 vir-

122 1602 187 1658 tuts
209 1597 365 1658 secundae
386 1598 519 1660 tabulae.

181 1683 232 1745 45.
254 1681 445 1762 Magistratui
475 1701 550 1743 vero
589 1682 733 1744 inferenti
765 1682 881 1743 malum
917 1688 1044 1763 proptor

121 1764 250 1843 primam
271 1765 406 1825 tabulam
432 1766 542 1845 (aliam
564 1777 689 1827 causam
702 1765 817 1827 habere
831 1784 898 1827 non
922 1768 1042 1846 potest)

120 1864 185 1908 non
206 1852 255 1908 est
272 1847 485 1910 resistendum

182 1932 232 1994 46
257 1930 336 2006 Quia
358 1950 421 1994 non
442 1932 591 1993 habemus
614 1932 708 1992 alium
731 1932 969 2029 magistratum,
991 1930 1044 1993 sub

121 2030 182 2093 quo
205 2015 390 2095 prohibente
413 2014 526 2076 malurn
548 2016 636 2075 istius
658 2016 857 2097 magistratus
879 2033 1043 2096 possemus

121 2103 174 2157 aut
195 2096 379 2159 deberemus
401 2099 554 2161 resistere.

182 2182 231 2245 47.
254 2181 340 2243 Sicut
360 2201 423 2242 non
444 2181 592 2242 habemus
615 2180 707 2241 aliam
723 2179 880 2261 quandam
903 2181 1040 2242 tabulam

120 2262 298 2344 secundam,
319 2272 445 2346 propter
462 2282 552 2345 quam
573 2264 680 2325 liceret
669 2264 717 2347 tl)
731 2271 840 2326 contra
854 2266 955 2345 ¹istam
967 2266 1043 2346 prio-

119 2365 312 2409 ramasse.

183 2367 250 2495 48.g
256 2431 376 2493 Tabula
397 2433 478 2492 enirn
503 2431 654 2512 secunda,
677 2432 757 2492 siout
778 2438 810 2492 et
831 2433 1042 2513 magistratus,

121 2515 277 2596 pertinent
297 2515 336 2577 sd
358 2516 440 2577 hanc
469 2517 562 2577 vitam
585 2514 708 2596 mundi,
745 2514 893 2576 divinitus
931 2516 996 2578 dati
1016 2522 1043 2576 et

122 2600 288 2662 constituti.

180 2684 231 2747 49.
253 2683 326 2745 Ideo
350 2689 489 2743 nostrum
512 2702 576 2744 non
599 2688 661 2762 est,
683 2682 745 2743 imo
767 2681 963 2763 prohibitum
988 2687 1040 2760 est,

121 2764 272 2845 dissipare
300 2767 495 2848 magistratus
524 2773 556 2827 et
583 2766 708 2848 politius
737 2766 846 2827 aDeo
883 2767 1040 2828 ordinatas

121 2851 246 2928 propria
269 2851 450 2911 temeritate.

184 2935 233 2997 50.
257 2933 317 2995 sed
348 2933 466 2994 dandus
499 2938 547 2993 est
568 2932 655 2993 locus
677 2934 760 3011 irae,
800 2938 830 2993 et
852 2953 919 2994 non
944 2933 1041 2995 deien-

123 3011 217 3074 dendi
239 3017 299 3096 ipsi
322 3037 340 3076 a
362 3016 452 3078 nobis
473 3017 560 3096 ipsis,

184 3104 232 3165 51.
254 3101 390 3164 Evidens
413 3107 475 3180 est,
506 3119 620 3182 papam
641 3120 704 3162 non
727 3119 796 3161 esse
818 3101 1043 3180 magistratum,

120 3200 222 3263 neque
249 3185 491 3246 ecclesiasticum
523 3203 625 3263 neque
653 3184 827 3266 politicum,
864 3183 923 3245 sed
947 3201 1044 3264 neque

121 3284 369 3330 oeconomicum.

132 3362 135 3366 ’
183 3352 233 3416 52.
255 3352 331 3412 Tres
354 3353 435 3412 enim
458 3349 645 3412 hierarchias
661 3348 817 3410 ordinavit
827 3348 915 3410 Deus
940 3356 1046 3411 contra

120 3429 299 3530 diabolum,
322 3436 441 3496 scilicet
463 3434 698 3514 oeconomiam,
727 3431 868 3513 politiam
893 3438 929 3494 et
951 3433 1046 3496 eccle-

120 3534 209 3581 aram.

182 3603 233 3666 53.
256 3600 508 3663 Ecclesiasticum
542 3619 604 3662 non
650 3618 720 3660 esse
753 3599 935 3682 convincit,
970 3598 1050 3682 quod

195 3816 227 3888 1)
249 3813 285 3873 ln
302 3813 349 3874 eo.
367 3814 459 3884 origo.
471 3809 551 3868 iuuat,
