2346 4208
169 262 233 331 386
471 265 615 319 Τιιιιιιιιι
633 264 744 318 Lntberi

171 451 315 512 Horatius
349 453 405 512 ait:
439 451 546 512 Coena
581 450 681 511 brevis
710 451 796 509 iuvat
824 457 855 510 et·
874 469 973 531 prope
995 450 1092 509 rivum
1156 474 1159 479 ·

172 553 298 595 somnus
321 536 352 593 in
374 534 478 595 herba.
521 533 560 593 Et
577 533 696 593 Eccles.
720 535 774 596 31:
798 533 930 595 Somnus
953 534 1093 593 sanitatis

106 640 109 645 ·
170 619 201 677 in
232 617 358 678 homine
389 635 501 698 parco,
534 616 646 676 dormit
673 635 771 695 usque
799 636 908 695 mane,
938 623 969 676 et
990 617 1094 676 anima

170 701 266 781 ipsius
289 719 350 761 non
375 702 443 781 ipso
459 699 668 760 delectabitur.
694 698 796 773 Quare
809 700 1003 761 veredicitur
1024 718 1092 779 pro-

171 782 298 845 verbio:
321 783 481 844 iucundae
503 781 686 845 collationes
710 786 906 862 vespertinae
927 784 1029 842 tristes
1051 783 1093 841 ia·

171 868 256 927 ciunt
279 868 453 926 matutinas.
496 867 639 945 Denique
661 868 816 927 serotinae
830 866 964 927 fabellae
985 873 1017 926 et
1037 885 1093 946 po-

170 952 302 1010 tationes
331 949 517 1012 destructum
546 956 655 1030 pecus
689 958 719 1009 et
746 950 907 1010 confusum
939 954 1031 1030 caput
1051 948 1093 1007 fa·

171 1033 271 1104 ciunt
295 1053 385 1093 mane
408 1034 493 1093 vero
503 1033 647 1093 refertum
670 1034 755 1092 omni
776 1033 961 1113 gravedine,
983 1033 1030 1112 pit
1018 1032 1094 1092 tuito

172 1123 204 1176 et
225 1114 410 1196 phlegmate.
434 1116 522 1191 Quae
544 1117 620 1176 mire
641 1116 811 1195 impediunt
833 1114 984 1176 sacerdot
965 1121 1003 1175 trs
1026 1113 1092 1175 offi-

169 1200 249 1258 cium
275 1206 337 1258 tum
361 1199 469 1260 orandi
494 1206 556 1259 tum
564 1194 774 1259 sacrificandi.
798 1199 899 1274 Quare
924 1204 957 1258 ιιι
944 1198 1028 1258 thio
1050 1199 1092 1257 vi·

170 1281 248 1361 giles
271 1281 418 1342 adversus
439 1281 470 1341 id
494 1282 608 1342 molum
626 1283 907 1362 generalissimum,
938 1300 1007 1342 sero
1043 1299 1093 1340 co-

168 1365 242 1460 gita,
266 1364 348 1444 quod
371 1384 432 1425 non
456 1371 511 1446 pot
513 1367 571 1425 eris
593 1365 722 1444 perdere
739 1385 910 1445 vesperam,
933 1365 1006 1444 quin
1030 1383 1093 1425 om·

169 1449 242 1508 nino
272 1448 323 1508 vel
350 1467 448 1528 prope
470 1447 639 1528 perdideris
668 1456 699 1507 et
720 1469 810 1509 mane
840 1456 871 1508 et
893 1455 989 1508 totum
1012 1447 1093 1507 diem

168 1538 357 1611 sequentem
390 1531 539 1613 Experto
564 1531 674 1610 crede,
706 1533 732 1591 si
764 1551 828 1592 non
851 1530 1018 1631 credideris
1042 1550 1093 1590 ex-

168 1614 266 1719 perta,
289 1621 434 1695 expertus
457 1614 530 1675 clim
554 1614 670 1708 credes.

389 1797 430 1860 Π.
474 1797 520 1856 De
543 1797 738 1859 sacerdotum
765 1796 876 1858 studia.

192 1948 389 2028 Vespere
401 1967 528 2008 omnmo
550 1948 668 2030 aliquid
691 1969 729 2009 ex
753 1950 848 2009 sacris
872 1949 907 2010 lit
895 1949 968 2009 teris
991 1955 1092 2010 tecum

167 2033 197 2093 in
220 2030 314 2092 corde
335 2031 415 2091 ieras
438 2030 477 2091 ad
500 2029 633 2110 lectum,
669 2051 730 2111 quo
753 2032 837 2092 velut
860 2029 1025 2092 mundum
1030 2034 1092 2093 ani-

167 2114 229 2173 mal
259 2115 415 2174 ruminans
438 2114 572 2175 suaviter
594 2113 784 2176 obdormias:
825 2135 886 2176 non
916 2117 955 2175 sit
988 2118 1091 2176 aute'm

168 2196 311 2286 inultum,
345 2196 402 2257 sed
429 2199 530 2279 potius
554 2197 725 2277 modicum,
754 2197 834 2258 bene
856 2199 1025 2280 cogitatum
1048 2206 1093 2259 ιι-

166 2299 225 2360 que
239 2279 448 2422 ,intellectum
470 2280 553 2360 quod
577 2301 667 2341 mane
690 2301 818 2362 surgens
840 2282 925 2342 velut
913 2282 1091 2361 treliqnias

167 2362 319 2423 serotinas
346 2365 492 2459 reperias
530 2364 607 2424 Item
640 2367 670 2424 in
706 2366 840 2425 omnit
812 2365 912 2426 studio
936 2383 1091 2425 sacrarum

167 2446 320 2506 literarum
355 2448 481 2510 omnino
512 2447 580 2507 de'
573 2449 698 2528 ingenio
733 2454 764 2507 et
790 2447 898 2509 labore
927 2447 1092 2545 desperan

165 2518 238 2588 dum
262 2536 326 2607 est,
365 2530 419 2590 sed
443 2540 510 2589 cum
535 2530 645 2591 timore
676 2538 706 2591 et
729 2531 898 2591 hnmilitate
920 2551 939 2592 a
961 2532 1056 2592 Deo
1047 2548 1093 2591 tn·

168 2575 326 2672 tellectum
347 2612 401 2672 tibi
425 2616 521 2693 petas.
566 2609 690 2674 ldcirco
707 2633 775 2673 cnm
798 2611 936 2674 codicem
960 2614 1092 2694 accedia,

166 2695 273 2755 oculos
309 2703 340 2755 et
368 2696 470 2757 cordis
505 2701 536 2755 et
569 2699 707 2777 corporis
737 2697 865 2777 primum
901 2699 930 2757 in
966 2697 1090 2758 coelum

166 2776 269 2839 eleves
292 2775 330 2838 ad
353 2771 517 2857 Christum,
539 2778 624 2840 brevi
647 2781 779 2861 suspirio
796 2782 859 2840 eius
882 2781 1043 2867 gratiam
1035 2801 1088 2840 rm·

164 2853 330 3003 ploiando,
367 2861 450 2942 quod
479 2862 591 2923 idem
585 2864 708 2943 saepius
732 2864 905 2941 faciendum
941 2870 989 2925 ιιι
1012 2865 1093 2924 inter

176 2940 338 3026 egendum,
361 2944 472 3006 sedt
438 2953 472 3006 ιιι
494 2945 578 3006 dicas
603 2952 633 3007 et
655 2947 788 3028 cogit:es
812 2935 869 3027 Da,
892 2946 1035 3045 Domine,
1058 2954 1091 3008 ut

164 3027 295 3089 ethaeo
315 3033 399 3089 recte
420 3029 610 3111 intelligam,
635 3033 732 3111 magis
755 3037 788 3091 ut
810 3031 981 3091 etfaciam
1027 3031 1089 3105 Sed

164 3124 240 3172 cava
248 3110 403 3172 omnibus
427 3112 537 3190 modis,
559 3132 599 3173 ne
614 3112 693 3174 ideo
717 3115 822 3193 cupias
845 3113 969 3174 studere
991 3114 1089 3210 saora',

164 3201 197 3254 ut
218 3194 295 3255 velis
320 3195 533 3256 tantummodo
558 3197 637 3255 scire
660 3203 690 3257 et
711 3198 884 3340 intelligtere
903 3201 983 3274 (non
1008 3199 1089 3258 enim

163 3277 255 3338 credo
280 3285 310 3338 te
333 3285 404 3338 tarn
417 3298 522 3340 crassa
544 3279 681 3339 Minerva
703 3300 824 3358 esse,u
807 3281 1022 3358 uthonorem,
1046 3281 1091 3341 lu·

164 3379 247 3420 orum
273 3369 325 3422 aut
345 3363 474 3442 gloriam
499 3363 690 3458 quaeras),'
682 3382 744 3424 rmo
778 3383 836 3425 nec
859 3370 891 3425 ιιι
911 3364 1001 3424 velis
1011 3366 1091 3426 alios

162 3433 291 3507 docere:
315 3447 390 3505 satis
413 3445 467 3506 tibi
492 3447 617 3505 tutatsit
635 3447 793 3526 cogitatio,
817 3455 921 3527 potest
943 3449 1024 3508 enirn
1048 3448 1091 3508 ibi

163 3528 372 3590 occultissime
409 3530 505 3603 latere
533 3529 732 3609 kenodoxia,
769 3530 823 3591 sed
857 3551 982 3612 prorsus
1013 3532 1090 3592 nihil

161 3628 292 3688 quaeras
314 3613 373 3672 nisi
394 3613 528 3691 gloriam
551 3612 630 3692 Dei,
659 3615 701 3673 ita
735 3622 768 3674 ut
789 3616 834 3674 sic
856 3615 897 3677 sis
920 3615 1090 3676 animatus:

160 3691 253 3773 ncne,
277 3696 393 3775 optime
415 3696 548 3757 Domine
562 3693 646 3776 lesu,
669 3697 780 3758 sinon
803 3707 849 3760 est
871 3698 968 3759 hocs
971 3698 1088 3760 tudium

160 3777 193 3837 in
210 3777 342 3857 gloriam
365 3785 452 3839 tuam
462 3796 576 3860 ,ergo
608 3797 647 3842 ne
674 3780 771 3843 iacias
802 3797 852 3844 me
874 3782 913 3844 ad
936 3782 1088 3861 syllabam
