2332 4206
169 245 233 314 376
471 245 626 316 disputatio
644 242 682 301 D.
703 245 741 300 1.
765 245 797 300 Ι..

211 440 262 501 22.
295 435 474 496 Haeretious
507 435 566 496 diei
600 453 663 495 nun
695 440 826 518 potest,
864 436 922 516 qni
956 445 1090 516 praesepti

172 539 302 602 operum
326 518 430 578 divina
453 518 681 600 transgreditur.

216 607 265 667 23.
288 602 467 663 Haeretious
489 603 549 663 diei
570 620 633 662 non
656 608 778 681 potest,
806 602 864 681 qui
890 602 1045 663 articulum
1056 601 1091 661 ati-

171 707 262 767 quem
284 684 355 744 fidei
378 687 509 764 ignorat.

212 768 465 833 24.t1aerettous
489 768 547 828 diui
570 767 677 841 debet,
708 767 763 846 qui
789 767 961 830 obstinate
984 777 1055 829 errat
1070 768 1091 826 in

173 851 304 913 artioulo
328 849 407 925 fidei,
431 860 461 911 et
483 852 562 912 idem
586 851 706 911 asserit.

213 938 264 997 25.
298 933 382 993 Siout
418 942 627 1015 transgressor
659 935 829 1014 praesepti
883 937 1094 1016 magistratuum

170 1024 219 1079 est
239 1037 301 1077 nou
324 1016 488 1077 seditiosus
501 1018 542 1091 Ι),
566 1017 637 1077 lieet
649 1023 774 1094 peooet,
802 1018 915 1097 sitque
930 1016 1090 1099 puniendus.

213 1102 262 1164 26.
287 1099 346 1159 Sed
370 1101 420 1177 qui
445 1109 537 1181 negat
561 1110 613 1160 aut
633 1102 801 1179 impugnat
827 1103 1061 1182 magistratum,
1077 1099 1094 1157 is

174 1190 222 1244 est
245 1182 421 1242 seditiosus.

213 1266 263 1329 27.
287 1265 364 1325 Cum
388 1265 531 1344 Papistae
555 1264 743 1341 nectutem,
769 1284 834 1326 neo
859 1266 1038 1341 iatronem,
1056 1282 1096 1324 ner

175 1349 364 1426 adultarum,
388 1350 438 1426 qui
462 1358 562 1408 tamen
586 1349 617 1406 in
639 1346 745 1407 divina
771 1358 960 1432 praecepta
982 1356 1096 1431 pessunt

175 1451 238 1493 nun
261 1431 363 1491 dicant
386 1431 591 1505 haereticum,
625 1431 713 1490 siouti
736 1451 816 1492 vere
840 1452 956 1513 neque
977 1431 1097 1493 haeretiei

174 1515 219 1575 itti
243 1524 321 1574 sunt.

215 1599 265 1661 28.
296 1597 404 1656 Merito
439 1598 518 1657 asini
555 1599 709 1656 asinorum
745 1595 881 1658 dicendi
917 1608 1009 1675 sunt,
1039 1593 1098 1677 quod

174 1681 349 1741 haereticos
372 1680 507 1739 clamant
530 1699 602 1758 eos,
632 1681 682 1757 qui
707 1687 823 1740 contra
847 1684 1049 1743 ceremonias
1067 1698 1098 1739 eo

174 1765 290 1824 etesiae
314 1771 454 1843 peooant.

217 1850 267 1911 29.
298 1845 454 1925 Siquidem
477 1847 572 1904 asinis
594 1845 685 1926 digua
709 1852 758 1904 est
780 1849 971 1926 sapientia,
994 1846 1098 1908 matn'd

175 1929 263 2008 dam,
297 1929 478 2008 parricidam
494 1925 551 2006 ²),
589 1927 783 1989 Sodomitam
823 1929 1027 1993 haereticum
1057 1947 1099 1988 non

176 2013 254 2154 dipii,
287 2021 318 2072 at
342 2021 520 2073 vescentem
544 2011 686 2071 carnibus
708 2018 801 2071 sexta
823 2011 911 2074 feria
936 2015 1100 2076 haeretiouu

175 2116 208 2156 ru
234 2115 316 2156 ioan.

222 2181 271 2243 30.
300 2178 401 2236 Etiam
426 2180 493 2256 ipsa
515 2177 617 2256 Papae
640 2175 789 2247 eeclesia,
821 2182 979 2257 quamvis
1001 2182 1040 2241 sit
1053 2174 1100 2238 'nr-

177 2262 359 2342 lignantium
381 2260 531 2331 eeclesia,
565 2268 666 2319 tamen
699 2260 887 2341 coniugium
923 2263 1100 2325 saoerdotnn

177 2344 245 2405 sola
269 2343 362 2403 officii
386 2346 590 2423 suspensione
611 2342 746 2402 damnat.

217 2429 267 2492 31.
297 2425 447 2486 Concedit
475 2429 567 2505 igitur
588 2426 794 2486 Christianum
826 2433 861 2486 et
894 2447 965 2490 non
990 2428 1099 2490 haereti·

176 2530 245 2572 oum
272 2509 434 2570 dicendum
468 2529 551 2587 esse,
580 2507 717 2587 quisquis
751 2509 966 2572 sacerdotum
999 2511 1099 2572 durent

178 2614 315 2655 uxorem.

218 2680 268 2742 32.
291 2677 393 2752 Quare
416 2693 474 2734 nee·
496 2674 534 2733 ad
556 2675 706 2736 insemum
730 2672 863 2735 damnat
884 2679 1030 2739 animam
1045 2679 1101 2749 eius.

177 2761 220 2819 uti
243 2760 344 2819 solent
367 2759 512 2818 haeretiei
536 2757 683 2817 damnari.

220 2845 267 2905 33.
300 2842 451 2903 Concedit
473 2842 562 2900 simut
589 2835 805 2922 (necessario)
845 2859 912 2902 neo
947 2851 1103 2922 mortepu·

177 2924 321 2985 nieudum
347 2945 425 2997 esse,
449 2925 502 2984 sed
526 2924 671 3004 adempto
695 2920 851 2982 duntaxat
880 2926 997 2990 officio
1020 2928 1103 2987 rivere

176 3020 210 3066 ut
234 3006 438 3068 Christianum
463 3009 533 3067 sinit
558 3016 588 3066 et
610 3008 728 3067 fatetur.

219 3092 269 3154 34.
292 3090 394 3165 Quare
418 3098 532 3152 eertum
557 3098 620 3167 est,
643 3106 701 3148 nec
721 3088 858 3148 mortale
882 3104 1055 3171 peceatum
1072 3110 1104 3151 re

177 3175 293 3252 putari,
323 3176 353 3232 in
377 3176 445 3253 ipsa
467 3174 569 3252 Papae
592 3172 739 3247 ecelesia,
763 3171 789 3229 si
814 3175 980 3237 sacerdos
1004 3174 1104 3238 durent

180 3276 307 3316 uxorem
318 3256 357 3323 ³).

250 3478 281 3544 1)
305 3478 331 3528 in
359 3479 424 3531 edit..
451 3481 566 3546 origin..
592 3477 635 3531 ed.
657 3476 727 3532 1558
752 3481 780 3528 ei
803 3476 852 3530 ed.
878 3479 966 3536 derb:
996 3500 1050 3537 non
1073 3488 1103 3534 at

181 3548 339 3601 seditiosus.
379 3551 410 3606 Qt
434 3551 461 3600 tn
483 3552 539 3601 edit
568 3552 653 3618 orig:
675 3546 853 3617 patricidam.

247 3621 279 3683 3)
302 3620 330 3671 ln
351 3623 471 3674 edit-ione
491 3621 620 3687 originali
632 3621 731 3672 harum
748 3623 1000 3690 propositionum,
1018 3627 1045 3676 in
1061 3635 1101 3689 qus

176 3692 414 3761 quadraginta
441 3695 646 3761 propositiones
675 3689 838 3757 traduntur,
869 3694 995 3750 ultimae
1019 3699 1056 3749 itu
1074 3692 1099 3743 le

177 3771 296 3830 guntur:
