2346 4208
209 241 216 270 2
289 248 293 257 .

417 300 573 354 aliotsniis
592 309 715 371 exceptu.
972 304 1032 370 181

129 487 311 570 indulgentiis
332 494 493 569 peccatum
516 507 579 550 non
603 495 707 550 manet
728 491 919 570 impunitum,
943 493 1032 554 salvo

127 591 171 650 eo,
199 573 282 652 quod
305 573 397 632 etiam
421 572 460 633 de
482 572 606 653 proprio
629 573 806 634 satisfacere
828 591 889 634 nou
917 581 1033 656 posset,

128 675 176 723 nnn
194 655 415 717 accedentibus
438 655 551 716 Obristi
573 656 696 716 meritis.

190 739 238 800 De
269 757 426 799 consensu
453 737 604 818 fidelium,
644 739 738 800 oredo
775 741 929 800 neminem
964 760 1033 802 esse

128 824 173 882 itm
196 822 346 897 stultum,
381 823 432 900 qui
456 821 562 882 credat
583 840 647 881 rem
670 841 740 882 esse
762 824 967 883 necessariam
990 825 1032 884 in·

125 903 284 987 dulgentm
306 905 339 964 iu
359 904 505 984 iubileeo,
528 910 560 964 et
573 905 599 963 si
611 906 767 965 existimet
786 906 844 966 iter
857 907 1031 967 Romanum

124 1006 179 1049 usse
200 988 403 1065 meritorium,
426 1007 485 1048 nec
505 987 555 1047 bic
577 994 667 1066 errat,
690 995 750 1049 stat
771 991 852 1048 enim
868 1008 956 1069 opus,
978 1009 1034 1070 per

122 1071 192 1150 quod
214 1073 285 1151 quis
307 1072 502 1151 consequitur
526 1069 731 1151 indulgentias
754 1090 824 1131 esse
835 1073 1032 1149 meritorium,

121 1161 267 1216 ettamen
289 1155 374 1234 ipsas
396 1152 603 1235 indulgentias
627 1173 689 1214 non
713 1173 782 1215 esse
803 1156 985 1217 meritorias.

187 1238 299 1314 Porro,
322 1237 362 1297 de
384 1237 486 1299 verbis
508 1236 647 1298 sixtinae
671 1244 702 1297 et
724 1236 862 1300 moderni
876 1238 1033 1299 Pontiflcis

117 1341 166 1382 non
188 1322 273 1382 facio
287 1322 359 1398 vim,
381 1321 453 1400 quia
474 1318 653 1381 cathedram
666 1320 746 1381 Petri
769 1340 891 1400 sequor,
914 1323 1032 1382 eteius

116 1405 312 1483 sententiam,
340 1404 443 1483 quiin
466 1423 505 1463 ea
526 1402 630 1480 sedet,
662 1403 806 1483 quamdiu
828 1405 858 1464 iu
882 1404 1032 1481 haeresin,

116 1487 184 1566 quod
216 1487 321 1556 absit,
356 1486 518 1567 prolapsus
545 1505 609 1546 non
632 1486 731 1547 luerit.
774 1486 846 1548 Scio
876 1507 946 1547 enm
969 1508 1031 1548 non

116 1571 248 1649 probare,
274 1569 330 1630 sed
352 1567 490 1644 delinire,
513 1588 603 1648 quem
627 1579 660 1630 ut
682 1570 793 1632 Christi
814 1570 957 1632 vicarium
982 1570 1032 1631 de·

117 1651 242 1716 liniendo
267 1651 398 1713 arbitror
419 1671 488 1713 esse
509 1652 725 1713 indefectibilis
748 1653 829 1715 fidei.
872 1652 933 1713 Sed
956 1653 1034 1713 haec

117 1739 208 1800 sunia
248 1755 357 1797 eorum
386 1737 545 1796 committo
575 1735 709 1809 iudicio,
743 1755 872 1815 quorum
906 1737 1034 1797 interest

115 1826 228 1898 paratus
253 1825 357 1880 errata
378 1838 566 1899 expungere,
588 1820 613 1878 si
635 1837 716 1898 quse
737 1818 948 1880 ostendentur.

275 1925 373 2014 ddssit
394 1953 543 2015 Lutherus
566 1953 699 2015 addere:
732 1951 772 2013 Et
793 1973 864 2035 ego.

115 2168 292 2236 Duodecimn
313 2168 387 2229 Julii
421 2173 653 2248 argumentatus
682 2173 729 2229 est
749 2169 876 2243 lintius,
910 2189 1033 2250 respon·

429 2253 532 2335 ‘dente
552 2251 702 2320 Lnthero,
1054 2250 1068 2259 “

401 2415 453 2475 De
475 2416 742 2477 Poeuitentia.

329 2566 363 2627 ln
387 2568 512 2628 nomine
534 2576 586 2629 tuo
610 2566 707 2627 dulcis
729 2567 814 2629 lesu.

192 2720 312 2780 Contra
341 2716 572 2779 conclusionem
607 2719 766 2779 reverendi
789 2719 886 2778 Patris
914 2728 944 2776 et
967 2740 1033 2796 pur-

126 2812 171 2860 tem
194 2802 353 2863 Sermonis
386 2803 433 2860 sui
465 2801 504 2861 de
543 2803 735 2882 poenitentia
769 2820 824 2880 pro
855 2801 1033 2860 defensione

127 2887 295 2961 optimorum
318 2884 442 2943 Petrum
465 2885 706 2963 praedicentium
741 2884 869 2944 intendo
891 2883 1036 2962 probare:

129 2962 336 3028 Paenitentiam
360 2986 463 3025 veram
488 2969 625 3048 incipere
664 2988 683 3026 a
704 2969 815 3033 timore
847 2967 938 3025 etiam
961 2986 1033 3044 poe-

131 3065 181 3127 nae,
202 3058 232 3110 et
254 3049 337 3129 quud
363 3049 442 3109 bene
465 3051 530 3128 quis
553 3070 587 3110 se
610 3060 771 3130 praeparet
785 3051 813 3119 ¹)
829 3047 1033 3125 discutiend0,

132 3133 311 3213 recogitando
335 3139 393 3193 ete.

196 3216 316 3293 Primo,
350 3216 422 3294 quia
444 3214 536 3274 telem
561 3216 684 3276 medum
710 3214 907 3295 praedicandi
931 3214 1034 3274 obser·

136 3298 198 3357 vuvit
216 3299 367 3359 Dominus
389 3298 490 3372 lesus,
513 3301 631 3358 eteius
655 3318 835 3379 praecursor
867 3298 897 3357 S.
920 3297 1033 3356 dohan-

138 3393 184 3439 uss.
202 3381 271 3441 Luc.
294 3381 374 3440 enim
395 3384 438 3444 lb.
463 3380 542 3440 tilius
566 3383 711 3463 prodigus
734 3383 813 3462 gerit
836 3389 940 3460 typum
964 3400 1034 3459 poe·

141 3459 237 3523 nitentis
265 3463 433 3524 secundum
457 3464 661 3544 Augustinum
699 3466 737 3525 de
772 3471 889 3542 quaest.
912 3483 1033 3543 evang„

144 3536 309 3607 Autronium
333 3546 411 3607 libro
435 3551 463 3609 2.
487 3548 526 3608 de
547 3550 716 3626 poenitent.
740 3568 807 3628 cap.
831 3550 877 3624 3.,
900 3545 1055 3635 (Εἰπγεο-κ

152 3714 535 3734 N-——m

187 3822 207 3885 t)
223 3826 248 3881 ln
266 3826 384 3884 edden·
410 3835 439 3884 et
460 3825 534 3898 apud
553 3824 683 3880 tursolt:
702 3828 887 3896 praepararet
