2346 4208
203 255 244 319 12
319 243 324 259 ’
488 256 614 326 Epistola
632 257 842 312 Hier.Emseri.

199 444 415 526 obsecrauit·
438 446 514 522 Dei,
547 443 795 524 quandoquidem
825 452 856 504 te
878 447 961 506 Deus
989 443 1048 503 illis
1070 443 1118 502 do·

203 531 363 589 mesticum
392 527 476 588 dedit
503 547 597 588 sanae
620 528 778 588 doctrinae
801 528 957 590 doctorem
982 548 1019 587 ac
1041 529 1118 587 navi·

205 612 292 671 aulae
316 630 389 670 suae
410 614 574 691 remigem,
606 632 680 690 age,
703 614 844 689 inquam,
872 619 964 691 atque
986 611 1120 670 relisae

203 696 295 754 remis
319 694 453 754 Archam
489 695 570 753 hano
600 714 639 753 ex
667 695 713 755 his
738 695 876 775 Syrtibus
908 698 984 762 (nisi
1013 700 1121 773 sponte

203 798 259 837 sua
281 778 473 857 naufragium
496 781 595 854 amat)
612 781 642 837 in
667 780 829 838 stationem
846 799 931 838 suam
954 779 1121 858 pristinam,

202 861 264 921 hoc
286 867 349 938 est,
382 861 412 919 in
436 863 585 941 gremium
615 869 740 921 sanotae
768 864 889 925 matris,
906 861 1057 922 ecclesiae
1078 880 1121 920 re·

203 945 317 1004 ducito.
362 943 395 1002 ld
419 945 499 1003 enim
522 944 617 1004 debes
642 946 724 1019 Deo,
754 944 848 1005 debes
870 947 1005 1025 patriae,
1029 943 1121 1004 debes

204 1028 394 1088 Christianae
416 1034 540 1088 nostrae
562 1028 758 1108 reipublicae.
792 1029 858 1089 Nec
881 1030 1027 1089 maiorem
1051 1026 1121 1087 alibi

202 1112 331 1191 gratiam
355 1129 422 1169 cum
447 1111 513 1171 Deo
537 1112 623 1185 inira,
647 1119 699 1171 aut
722 1112 892 1172 uberiorem
917 1131 972 1191 pro
995 1130 1028 1171 re
1051 1129 1121 1189 qua-

202 1195 283 1272 piam
307 1193 479 1253 mercedem
502 1193 540 1255 ab
563 1215 600 1254 eo
624 1215 748 1274 sperare
765 1197 894 1282 poteris.
938 1194 1028 1268 Quod
1043 1192 1072 1272 ¹)
1097 1194 1121 1253 si

202 1278 286 1337 corvi
308 1277 411 1355 aliqui,
435 1276 619 1338 caducorum
643 1278 795 1339 bonorum
817 1280 943 1339 istorum
968 1277 1121 1337 cadaveri-

201 1359 261 1420 bus
284 1361 421 1435 inescati,
444 1368 474 1420 te
496 1362 584 1438 sequi
607 1362 770 1437 noluerint,
795 1370 827 1422 ut
849 1364 900 1440 qui
922 1361 1120 1420 Temesseum

202 1443 513 1526 aliquandogenium
535 1444 696 1504 affuturum
719 1465 780 1506 non
810 1447 961 1524 cogitent,
994 1444 1122 1504 redeant

203 1526 310 1586 saltem
333 1524 483 1607 pacificae
505 1527 544 1586 ad
567 1536 596 1587 te
620 1527 797 1603 columbae,
833 1528 958 1587 viridem
982 1527 1054 1586 fidei
1077 1546 1121 1585 ra

202 1630 283 1668 mum
315 1630 418 1670 secum
453 1609 643 1688 deferentes,
676 1629 736 1688 quo
767 1613 865 1670 crucis
887 1610 999 1670 Christi
1028 1610 1121 1689 stipiti

201 1693 303 1754 denuo
327 1694 514 1770 inserantur,
537 1693 651 1772 fiatque
673 1695 758 1753 iuxta
780 1712 888 1753 vocem
910 1695 1119 1772 ipsiusuuum

201 1778 310 1836 iterum
333 1777 415 1837 ovile
438 1783 469 1836 et
490 1796 567 1836 unus
588 1784 709 1856 pastor,
731 1786 764 1836 ut
786 1776 940 1837 destructa
962 1776 1121 1856 Babylone

201 1859 400 1920 aedificentur
422 1861 497 1919 muri
519 1860 694 1920 Ierusalem.
739 1860 867 1920 Coelum
886 1861 965 1919 enim
990 1866 1021 1919 et
1043 1866 1121 1919 terra

200 1943 388 2020 transibunt,
410 1937 547 2002 ‘verbnm
571 1949 672 2002 autern
696 1943 817 2003 Domini
848 1948 952 2002 manet
973 1943 1004 2001 in
1027 1949 1120 2002 aeter-

200 2045 283 2088 num.
333 2025 427 2102 Vale,
467 2032 497 2084 et
525 2026 700 2105 epistolam·
722 2027 803 2086 hanc
834 2032 1001 2105 perpetuae
1034 2043 1120 2085 meaa

200 2128 274 2188 erga
296 2116 327 2168 te
351 2107 566 2169 observantiae
596 2115 706 2168 testem
736 2108 873 2188 benigno
895 2109 981 2169 vultu
1004 2110 1119 2188 accipe,

199 2199 231 2251 et
251 2191 325 2250 felix
346 2193 376 2249 in
400 2191 520 2252 Christo
543 2191 704 2270 triumpha.

421 2273 469 2332 Ex
491 2274 611 2353 Lipsia,
632 2274 734 2335 Idibus
757 2275 896 2354 Augusti.

482 2359 572 2417 Anno
595 2358 633 2419 M.
657 2359 693 2418 D.
717 2358 786 2416 XlX
803 2357 846 2431 2).

272 2633 300 2693 1)
331 2630 408 2697 Apud
437 2632 549 2683 Loesch.
574 2631 664 2683 deleto
685 2631 758 2698 quod
779 2629 915 2682 antecedit
934 2635 1037 2696 puncto
1057 2629 1119 2696 legi·

199 2708 255 2753 tur:
283 2705 399 2769 quamsi.
442 2704 471 2762 ⁸2)
494 2702 561 2754 lbid.
589 2702 739 2755 seeundum
773 2702 921 2753 editionem
955 2701 1118 2769 originalem

201 2775 367 2840 Lipsiensem
395 2775 508 2840 legitur:
540 2774 581 2824 Ex
606 2775 713 2840 lipsio,
742 2773 836 2826 Idibus
863 2770 982 2840 Augusti
1011 2788 1119 2824 annoa

197 2846 282 2896 natali
302 2847 411 2898 Christi.
449 2845 484 2898 Μ.
505 2845 534 2895 D.
554 2846 787 2913 Undevigssimo.
817 2852 844 2898 et
865 2849 892 2896 in
919 2846 972 2896 fine
997 2845 1118 2896 additum

197 2917 297 2986 legitur
317 2919 370 2970 hoc
389 2917 570 2985 Sapphicum:

416 3056 585 3125 Sapphicum
606 3057 729 3110 eiusdem
750 3057 784 3110 de
804 3058 900 3109 eadem

560 3129 754 3196 disputatione.

340 3236 449 3288 Africae
469 3251 526 3288 nou
548 3241 588 3287 tot
607 3251 677 3288 nova
696 3236 775 3287 Nilus
795 3235 884 3287 adfert

339 3305 474 3372 Monstra,
496 3312 563 3374 quot
583 3324 671 3374 nuper
690 3307 751 3359 tulit
770 3322 822 3357 una
842 3306 946 3358 scribas

339 3377 465 3442 criticos,
485 3378 592 3431 Momos
617 3378 714 3445 (etiam
737 3381 894 3446 imperitos)

382 3451 488 3518 Lipsico
509 3466 612 3520 pugna.

339 3555 416 3621 Quis,
437 3556 550 3621 malum,
570 3557 654 3609 sacris
675 3556 863 3609 coeodaemon
881 3557 948 3609 istas

337 3628 431 3681 Rebus
451 3630 575 3679 immittit
595 3631 701 3680 furias?
721 3630 781 3697 quis
801 3629 873 3680 inter

338 3699 428 3751 Tanta
447 3700 554 3752 divinae
575 3699 694 3767 Sophiae
713 3703 863 3768 magistros

380 3770 493 3825 Proelia
511 3773 627 3827 miscet?
