2346 4208
134 270 199 337 242
379 273 471 330 Rosci.
490 273 517 327 L.
539 290 624 343 super
643 274 829 343 Propositicn.

135 465 218 536 rent,
249 477 289 517 ne
311 465 558 537 praesumerent,
581 478 631 519 me
652 459 836 539 taciturum,
857 459 961 537 itaque
977 454 1032 516 nolu

134 551 279 685 tacerqu
302 622 385 704 finge
410 580 461 684 me
480 625 524 684 ita
545 624 716 704 pepigisse,
744 642 841 705 rogo,
869 632 937 685 uter
956 621 1033 703 prinu

134 707 227 769 solvit
236 707 385 786 pactum?
407 706 519 767 Nonne
533 706 653 781 Ennius,
676 709 736 786 qui,
758 714 792 767 ut
813 706 919 781 audio,
940 702 1034 785 cmpul-

135 791 210 851 losis
233 799 264 849 et
284 791 483 867 iniquissimis
509 790 606 849 literis
619 791 710 850 etiam
723 786 1037 851 illustrissimuml’rin

133 875 232 954 cipem
263 881 294 933 et
322 880 484 951 patronum
513 879 651 933 nostrum
684 881 793 952 (quem
820 892 897 934 suae
931 869 1036 932 factioni

22 1022 29 1033 ,
132 956 361 1036 stupidissimae
384 955 513 1015 similem
537 957 687 1033 somniat)
714 975 912 1037 corrumpere
932 954 1037 1017 molitu

132 1046 196 1114 est,
228 1040 363 1119 pessima
384 1037 424 1098 de
445 1057 515 1116 me,
551 1046 696 1117 quantum
720 1040 836 1119 potuit,
875 1054 1037 1100 recensens:

74 1146 85 1164 ·
132 1124 218 1201 quasi
241 1140 405 1202 negassem
428 1121 457 1182 S.
475 1121 596 1181 Patrum
618 1122 709 1181 simul
724 1123 863 1183 omnium
875 1118 1037 1197 sententias

132 1206 205 1265 mihi
228 1204 285 1264 soli
308 1206 478 1284 arrogarim
503 1203 679 1284 scripturae
700 1205 798 1265 intelli
823 1206 956 1284 entiam,
980 1212 1038 1265 corr

111 1300 113 1305 '
131 1288 202 1348 cilia
223 1289 370 1368 negarim,
393 1286 566 1347 haereticos
579 1287 778 1349 defenderim.
800 1225 855 1349 fiis
873 1290 956 1349 enim
972 1304 1038 1347 mcc·

132 1371 228 1436 duciis
250 1371 346 1430 homo
369 1370 421 1429 iile
442 1391 535 1450 purus
559 1378 590 1430 et
612 1370 642 1431 S.
660 1371 825 1452 theologus
849 1381 912 1433 tam
935 1386 1037 1433 sacru!
1061 1372 1064 1379 '

131 1463 162 1514 et
183 1453 360 1514 venerabile
383 1460 475 1533 caput
496 1473 589 1514 ausus
611 1461 659 1513 est
681 1460 810 1528 tentare,
833 1462 930 1516 etms
951 1470 1038 1515 coru

131 1539 249 1617 optimo
262 1536 405 1616 Principe
427 1544 488 1597 tam
513 1538 638 1617 egregie
660 1537 892 1599 commendare,
915 1530 1037 1613 Quidni

130 1621 223 1698 aiios,
251 1626 361 1700 putas,
384 1618 489 1680 scribit
510 1626 542 1678 et
559 1619 694 1698 loquitur
724 1617 811 1701 (sinc
832 1620 954 1681 scilicet
971 1616 1038 1701 psci

130 1703 328 1778 violatione),
350 1703 401 1780 qui
429 1701 469 1762 ad
491 1711 628 1762 nostrum
656 1711 819 1783 patronum
848 1704 909 1765 ista
931 1700 1038 1765 scribiti

129 1786 192 1846 Ant
214 1786 286 1865 quid
309 1784 391 1865 apud
413 1786 554 1847 aemulos
579 1805 665 1846 meos
688 1804 792 1846 verum
816 1786 909 1864 dicit,
943 1780 1036 1867 quiri

129 1869 233 1950 talem,
256 1877 318 1929 tam
341 1867 533 1957 prudentem,
556 1866 832 1930 tamformidabilis
853 1864 1035 1931 iudiciil'r'in·

128 1954 228 2032 cipem
253 1952 373 2012 mentiri
395 1951 468 2010 nihil
492 1951 608 2030 pudet?

211 2034 315 2095 Audio
341 2034 475 2113 denique
498 2034 651 2095 conflasse
686 2054 755 2095 eum
787 2034 939 2114 quasdam
962 2036 1036 2095 inter·

128 2119 318 2199 pretationes
340 2136 432 2258 suqer
455 2117 591 2177 articulis
613 2117 811 2196 quibusdam,
835 2118 909 2178 mihi
932 2136 985 2198 pcr
1002 2116 1036 2176 iu·

128 2204 248 2281 quietos
277 2207 308 2259 et
337 2201 408 2260 mai
439 2202 484 2259 sui
516 2201 644 2280 cupidos
665 2201 859 2261 Fraterculcs
886 2198 1035 2281 impositiq

126 2291 218 2363 atquc
245 2285 355 2342 iterum
388 2302 436 2342 me
467 2303 570 2343 coram
601 2283 796 2364 magnatibus
827 2285 903 2344 mira
926 2283 1035 2345 canuc

127 2365 361 2443 Manichaeum,
399 2366 575 2444 Hussitam,
598 2365 850 2447 Vuicklefistam,
883 2374 915 2427 et
947 2364 1035 2427 nescio

127 2457 202 2529 quot
228 2448 393 2529 generibus
422 2449 609 2510 haereticum
645 2449 855 2529 descripsisse.
900 2449 952 2512 Sic
971 2446 1035 2510 mici

126 2534 261 2593 Ecciana
296 2531 449 2592 modestia
475 2540 605 2593 ‘servare
641 2540 775 2614 pactum.
830 2533 944 2593 Verum
971 2530 1035 2593 baut

127 2637 214 2677 suam
236 2617 386 2675 insaniam
410 2614 483 2674 mihi
506 2616 595 2676 facile
619 2622 666 2676 est
689 2624 902 2694 contemnere,
926 2617 975 2697 qni
994 2630 1035 2673 nu

126 2701 182 2760 rim
204 2700 337 2759 hominis
360 2699 456 2758 ferme
479 2706 575 2759 totam
600 2699 833 2780 supellectilem.
875 2699 977 2781 Atque
995 2692 1035 2757 ubi

126 2784 180 2843 ilia
203 2801 257 2842 sua
279 2783 436 2862 genimina
465 2783 495 2841 in
526 2801 634 2846 manus
658 2802 743 2843 meas
771 2783 931 2861 venerint,
959 2794 1037 2862 spem

125 2866 208 2945 quod
238 2865 364 2924 Eccium
404 2885 504 2924 meum
536 2865 629 2946 digne
659 2873 690 2925 et
721 2864 887 2946 magnifice
921 2872 1037 2926 tracus

125 2951 258 3029 possim,
288 2950 312 3007 si
336 2967 397 3026 qua
421 2948 543 3008 tandem
567 2950 618 3008 via
638 2949 813 3029 intelligere
834 2949 952 3029 possit,
977 2942 1036 3027 quid
1073 2952 1079 2973 ⁶

124 3035 164 3092 sit
184 3032 280 3090 muita
301 3033 427 3110 pacisci,
451 3040 481 3090 et
503 3032 577 3091 nihil
592 3051 724 3110 servare,
747 3038 897 3092 ettamen
921 3032 961 3095 ab
980 3028 1037 3091 clii!
1074 3068 1079 3113 g

124 3115 275 3175 servanda
298 3114 511 3194 expostulare,
544 3121 636 3193 atquc
663 3114 711 3174 his
732 3113 875 3175 omnibus
904 3112 986 3175 aliud
1003 3110 1038 3173 ni·
1076 3162 1079 3171 .

123 3198 166 3259 hii
194 3216 359 3277 quaerere,
393 3216 483 3276 quam
514 3205 545 3257 ut
573 3204 686 3258 noceat
719 3204 750 3257 et
781 3199 946 3259 veritatem
975 3214 1036 3257 con·

125 3282 305 3424 euquqefim
330 3363 401 3422 mihi
424 3362 536 3423 sufficit
558 3362 640 3442 quod
657 3363 795 3423 carnifex
817 3362 872 3423 ilia
889 3361 1039 3423 conscien-

124 3448 234 3507 tiarum
257 3446 489 3527 theologistria,
523 3449 571 3505 cui
604 3453 702 3506 totum
726 3446 843 3525 deben,
875 3445 961 3524 quod
980 3460 1040 3504 mc·

125 3531 315 3590 conscientia
329 3531 452 3608 patitur,
475 3528 587 3589 cecidit
607 3530 638 3588 in
650 3529 709 3589 hac
729 3529 950 3608 disputatione.
972 3527 1039 3588 Nam

122 3615 204 3692 prius
227 3612 403 3690 didiceram,
427 3614 565 3672 meritum
589 3611 763 3672 aliudesse
786 3614 933 3692 congrui,
965 3604 1040 3672 aliud

121 3695 281 3776 condigni,
310 3695 412 3755 facere
433 3695 590 3755 hominem
612 3714 722 3775 posse,
751 3694 834 3774 quod
869 3696 899 3754 in
930 3714 965 3755 se
991 3696 1039 3765 cst,

121 3778 159 3838 ad
188 3778 385 3839 dbtincndam
423 3779 569 3857 gratiam,
602 3797 697 3858 posse
724 3796 887 3839 removere
914 3776 1036 3849 obicem,

1071 738 1079 800 t
