2346 4208
119 244 184 314 428
421 245 739 318 emimontu

183 435 234 497 23
261 432 330 495 Hoc
357 433 468 514 aliqui,
501 451 612 495 census
643 432 769 495 disendi
799 452 858 496 seu
890 435 1042 495 materian

121 516 291 577 subiectam
312 537 375 577 nou
399 517 640 594 considerantes,
652 527 773 578 -oontra
793 518 900 600 legem
912 518 970 579 Dei
989 517 1043 578 diri

144 599 281 660 stabant

122 621 142 680 p
183 684 233 745 24.
256 682 296 742 Et
317 683 491 762 perniciose
510 682 642 760 docent,
663 683 766 764 tegern
787 683 849 744 oei
870 683 1045 764 simpliciter

121 764 291 826 tollendam
314 785 384 825 ease
405 765 444 826 ah
467 766 621 843 ecelesia,
657 766 687 826 id
720 766 805 846 quod
835 767 1042 846 blasphemum

122 856 155 908 et
176 848 361 928 murilegum
383 856 439 911 est

184 933 234 994 25.
257 930 409 991 Universa
426 933 509 991 enim
522 931 679 1012 Scriptura
695 932 798 1009 tradit,
821 934 1041 1013 poeniteutiam

123 1031 143 1072 a
164 1012 234 1092 lege
256 1032 325 1073 esse
338 1013 556 1091 inchoandam,
577 1015 608 1075 id
631 1015 714 1094 qnod
735 1018 781 1076 rei
801 1017 903 1096 ipsius
925 1015 1002 1076 ordo
1017 1024 1045 1075 et

122 1097 315 1175 experientia
335 1115 459 1175 quoque
481 1106 642 1160 monstrat

185 1180 233 1241 26.
264 1177 491 1240 convertantur
515 1183 649 1261 (inquit)
679 1182 711 1240 iu
742 1180 899 1241 internum
932 1199 1044 1257 omnes,

14 1280 19 1288 ·
123 1261 175 1338 qni
206 1260 429 1323 obliviscuntur
449 1265 559 1341 Deum,
581 1273 630 1325 et:
664 1265 760 1341 Pone,
781 1263 931 1341 Domine,
960 1264 1043 1344 legite

123 1342 253 1403 latorem
275 1363 369 1425 snper
389 1365 455 1422 eos,
477 1355 511 1406 ut
532 1349 632 1407 seiam
649 1347 792 1407 homines
815 1354 876 1406 ete„

186 1428 236 1488 27.
258 1428 357 1507 Reple
383 1429 479 1490 faoies
501 1448 607 1490 eorum
628 1431 814 1511 ignominia,
847 1437 881 1490 et
902 1434 1044 1508 quaerent

122 1527 237 1568 nomen
272 1518 374 1586 tuum,
400 1513 552 1592 Domine3
573 1520 617 1573 et:
656 1513 692 1573 ln
722 1512 870 1594 operibus
904 1531 1044 1573 manuum

122 1609 246 1652 suarum
268 1595 513 1674 comprehensus
535 1605 583 1656 est
603 1605 760 1676 pecator.

186 1676 236 1738 28.
258 1674 343 1738 Ordo
363 1680 407 1738 rei
428 1687 486 1756 eat,
508 1679 591 1758 qnod
614 1698 697 1763 mors
717 1687 750 1739 et
771 1685 940 1759 peeoesm
956 1678 1045 1740 estin

123 1765 232 1818 nature
252 1768 325 1820 aute
345 1763 440 1821 vitam
462 1771 495 1822 et
514 1764 670 1823 iustitiam.

184 1843 234 1903 29.
265 1842 335 1903 Non
365 1847 448 1905 enim
479 1847 552 1906 iusti
585 1853 640 1906 aut
668 1847 728 1905 rivi
762 1863 891 1924 aimus,
919 1848 1046 1924 pensato

122 1931 175 1981 eut
197 1927 288 1984 morti
310 1926 470 2006 tradendi,
503 1928 560 1989 aed
579 1936 761 2009 peeeotores
781 1930 861 2005 iem,
884 1935 918 1987 et
938 1925 1048 1986 mortui

122 2025 179 2086 per
199 2006 311 2086 Adam,
332 2010 517 2070 iustitiouudi
539 2022 570 2071 et
591 2010 766 2072 vivificandi
784 2030 843 2091 per
863 2010 1030 2072 Christum.

185 2092 235 2154 30.
265 2090 369 2166 Quare
400 2095 486 2174 prior
512 2093 671 2154 doeendus
705 2102 753 2155 est
772 2094 876 2154 Ada·
912 2091 965 2169 (id
994 2097 1044 2168 est,

124 2182 287 2251 peoeutum
310 2184 341 2234 et
369 2182 482 2253 mors),
517 2180 568 2256 qui
602 2178 701 2238 forme
728 2187 775 2238 est
804 2178 900 2236 futuri
928 2174 1044 2250 Christi,

125 2264 237 2334 postea
258 2257 401 2317 docendi.

184 2340 234 2401 31.
263 2339 427 2401 Peccatum
460 2362 536 2403 vero
566 2351 597 2404 et
619 2362 702 2403 mors
734 2362 796 2403 non
829 2360 888 2422 per
923 2341 1042 2436 veqhun

122 2423 241 2564 gratiqq
277 2431 308 2482 et
344 2424 466 2505 solatii,
504 2426 558 2486 sed
596 2446 650 2506 per
688 2426 789 2506 legem
831 2444 966 2486 neeesse
1004 2430 1044 2484 est

123 2514 213 2565 osten
237 2506 257 2565 i.

183 2591 233 2652 32.
261 2589 462 2669 Experientia
481 2599 544 2669 est,
579 2591 661 2670 qnod
684 2590 784 2650 Adam
806 2589 892 2669 prius
912 2591 1042 2671 arguitur

122 2672 201 2750 legis
224 2679 443 2752 transgressor,
465 2682 538 2755 post
557 2695 613 2754 per
634 2693 740 2734 semen
764 2672 902 2732 mulieris
920 2673 1041 2753 promis

122 2772 189 2811 sum
213 2755 339 2831 erigitur
361 2766 419 2816 eto.

185 2835 235 2896 33.
263 2835 302 2896 Et
326 2839 424 2898 David
459 2842 543 2919 prius
567 2841 637 2919 tege
666 2859 721 2918 per
741 2837 864 2897 Nathan
888 2837 1040 2911 oeeiditur,

121 2916 292 2978 dieentem:
324 2920 370 2979 Tu
393 2941 427 2981 es
448 2922 501 2982 ille
523 2932 593 2999 eto,
620 2931 692 3004 post
720 2920 888 3001 evaugelio
910 2930 1042 2982 servatur

121 2998 260 3060 dicente:
284 3002 352 3064 Non
377 3007 516 3065 morieris
538 3015 596 3066 eto.

184 3084 233 3145 34.
256 3084 369 3147 Paulus
391 3090 475 3167 prius
497 3089 566 3169 tege
583 3096 753 3168 prostratus
776 3085 877 3145 audit:
902 3085 986 3161 Quid
1001 3103 1041 3144 me

121 3169 339 3244 persequeris?
360 3182 432 3250 post
454 3173 618 3252 evangetio
640 3169 828 3230 vivificatur:
867 3169 969 3251 Surge
990 3180 1041 3229 eto.

183 3251 232 3312 35.
260 3251 299 3310 Et
330 3254 397 3329 ipse
430 3255 568 3315 Christus
596 3255 689 3314 hiare.
715 3259 744 3315 t:
789 3253 997 3313 Poenitemtni
1016 3257 1043 3312 et

122 3331 238 3392 credite
259 3336 437 3415 evangetio,
458 3338 719 3418 appropinquavit
741 3337 970 3417 enimregnum
982 3335 1041 3395 Dei

184 3417 233 3478 36.
262 3415 389 3477 Iterum:
418 3420 561 3500 Oportuit
584 3424 615 3480 in
637 3421 764 3480 nomine
785 3420 852 3478 eius
875 3418 1041 3498 praedieari

124 3499 344 3576 poenitentiam
369 3509 398 3560 et
420 3506 633 3565 remissionem
655 3512 863 3584 peeeatorum.

183 3583 232 3644 37.
264 3581 315 3641 Sic
345 3591 375 3642 et
407 3588 531 3665 spiritus
562 3588 662 3666 primo
697 3586 798 3666 arguit
827 3583 980 3645 mundum
1009 3582 1042 3642 de

120 3674 266 3761 peceato,
301 3674 334 3724 nt
355 3665 446 3727 fidem
469 3668 582 3730 doeeat
601 3671 633 3729 in
656 3669 828 3742 Christum,
860 3667 893 3727 id
917 3676 982 3744 est,
1002 3685 1043 3727 re

119 3766 301 3814 missionem
320 3755 533 3833 pessumum.
