2346 4208
178 267 241 334 418
331 269 364 325 11.
396 270 500 324 Conoio
518 269 552 326 D.
571 270 605 323 M.
627 272 653 326 L.
674 271 709 325 de
726 287 800 340 pass.
820 271 932 327 Christi.

182 454 328 516 illudatur
366 455 522 534 Christus,
565 463 597 517 et
630 463 663 517 ut
698 475 767 516 eum
806 457 976 536 latronibus
1012 477 1109 537 repu·.

179 545 268 600 tetur.
305 574 306 578 =
356 551 360 559 '
808 592 816 609 ,

262 621 403 682 Tenteris
427 621 552 683 libidine
574 629 606 681 et
627 624 879 702 eoncupiscentia
901 625 1017 701 earnis,
1049 643 1100 684 oo·

179 705 258 788 gite,
292 724 383 785 quam
411 706 576 766 crudeliter
607 711 711 765 tenera
743 705 854 766 Christi
888 725 962 768 earo
995 705 1099 787 flagris

181 806 291 867 adesa,
314 788 461 849 confossa
483 796 513 849 et
534 788 670 849 lacerata
690 791 737 850 sit.

261 871 403 933 Tentaris
425 871 497 933 odio
520 878 572 933 aut
593 872 709 933 invidia
731 880 783 932 aut
804 874 954 951 vindicta,
985 875 1098 954 cogita,

180 954 334 1034 Christum
358 974 471 1036 magno
494 955 630 1016 elamore
646 963 677 1016 et
698 956 813 1016 eiulatu
837 976 894 1037 pro
916 963 947 1017 te
969 956 1099 1036 aliisque

111 1042 119 1061 ¹
179 1039 310 1098 inimicis
332 1039 394 1097 suis
409 1057 525 1117 orasse,
549 1038 719 1118 dequibus
742 1040 838 1101 mutto
862 1041 1100 1120 iustiuspotuis·

179 1127 229 1184 set
248 1139 383 1202 poenam
405 1141 535 1181 sumere.

262 1203 403 1265 Tantaris
425 1203 640 1266 afflictionibus
663 1204 747 1282 aliis,
778 1206 1011 1288 qualescunque
1035 1214 1099 1266 tan-

180 1286 249 1348 dem
280 1288 355 1366 sint,
390 1289 455 1348 sive
477 1291 631 1362 internae,
666 1288 732 1346 sive
754 1296 916 1369 extqnae,
950 1289 1099 1350 oontirme

181 1379 264 1431 tuum
278 1389 332 1430 eor
353 1373 449 1431 etsie
472 1371 581 1432 dioito:
605 1371 718 1451 Magna
739 1390 778 1431 ea
794 1379 879 1432 esset
899 1372 1098 1454 ingratitudo,

180 1455 207 1513 si
227 1471 354 1534 parvam
376 1454 456 1514 hano
478 1454 676 1515 afflictionem
700 1455 852 1533 patienter
872 1455 951 1516 ferre
972 1455 1099 1534 nollem,

174 1556 249 1598 oum
272 1537 410 1598 Christus
433 1538 584 1598 Dominus
606 1556 642 1597 ae
654 1539 830 1616 redemptor
853 1558 939 1599 meus
960 1540 991 1599 in
1008 1539 1098 1601 horto

180 1639 256 1701 prae
276 1620 442 1701 angoribus
456 1622 657 1702 sanguineum
681 1622 817 1681 emiserit
830 1621 983 1687 sudorem.
1019 1622 1099 1697 Quid

180 1707 262 1765 enim
285 1712 369 1764 esset
389 1707 522 1786 turpius,
550 1723 640 1782 quam
663 1722 783 1763 servum
807 1706 838 1764 in
860 1705 942 1767 leoto
966 1706 1100 1765 molliter

180 1794 360 1866 securare,
394 1794 474 1864 tum,
510 1806 578 1847 oum
601 1788 752 1847 Dominus
774 1789 869 1867 ipsius
892 1807 949 1869 pro
972 1790 1036 1849 vita
1057 1788 1098 1848 di·

181 1869 328 1931 minaret?

264 1953 347 2014 ane
369 1953 408 2013 ad
430 1953 512 2012 huno
534 1952 658 2014 modum
684 1954 865 2022 confirmare
890 1958 920 2015 et
944 1953 1100 2015 consolari

183 2045 214 2098 te
235 2037 347 2097 Christi
368 2038 515 2116 passione
537 2037 670 2116 poteris,
706 2043 815 2098 contra
847 2039 951 2098 omnia
973 2039 1048 2096 vitia
1071 2041 1103 2097 et

181 2126 320 2202 peecata,
341 2128 434 2198 atque
455 2120 533 2180 haee
555 2140 628 2180 vera
641 2119 801 2180 meditatio
824 2122 978 2200 passionis
990 2120 1102 2180 Christi

182 2211 244 2282 est,
277 2210 307 2263 et
336 2203 367 2262 hi
397 2210 468 2262 sunt
488 2205 552 2264 veri
573 2204 705 2281 fruetus,
739 2204 790 2283 qui
814 2223 912 2265 exea
939 2204 1029 2266 nobis
1051 2223 1103 2284 pe-

183 2287 268 2348 tendi
291 2293 371 2346 sunt.
416 2285 475 2360 Qui
497 2288 589 2367 igitur
610 2306 644 2347 se
667 2288 830 2367 diligenter
862 2287 901 2347 ad
928 2288 1009 2347 hune
1036 2307 1100 2347 mo-

183 2369 254 2430 dum
277 2370 307 2428 in
330 2388 368 2429 ea
380 2377 535 2448 exercent,
557 2370 600 2430 illi
622 2371 719 2450 longe
729 2371 842 2431 rectius
864 2371 987 2445 iaciunt,
1010 2389 1101 2450 quam

185 2454 210 2513 si
235 2453 345 2512 miliies
373 2453 531 2513 historiam
554 2455 709 2534 passionis
730 2452 880 2515 audirent.
923 2455 963 2514 at
984 2455 1015 2513 hi
1037 2461 1104 2514 tan·

183 2544 245 2598 tum
269 2535 432 2597 Christiani
456 2555 528 2596 vere
551 2537 706 2613 dicuntur,
737 2539 788 2615 qui
813 2536 852 2596 ad
874 2539 955 2599 huno
977 2536 1103 2598 modurn

182 2619 293 2680 Christi
327 2621 419 2679 vitam
453 2639 491 2679 ae
523 2639 638 2680 nomen
671 2621 701 2679 in
736 2640 792 2680 sua
827 2622 890 2681 vita
916 2622 1102 2701 exprimunt,

182 2702 440 2783 quemadmodum
464 2702 494 2766 S.
515 2703 627 2763 Paulus
651 2721 774 2782 quoqne
796 2703 884 2764 dicit:
907 2703 967 2778 Qui
989 2704 1101 2765 Christi

182 2793 265 2864 sunt,
298 2804 422 2846 earnem
451 2805 538 2846 suam
567 2806 635 2846 aum
665 2788 922 2866 eononpiseentiis
944 2807 1006 2848 una
1032 2806 1101 2847 oum

181 2858 303 2931 Christo
325 2869 550 2933 erucifixerunt,
587 2870 695 2950 Neque
717 2871 798 2930 enim
821 2870 923 2932 verbis
939 2877 992 2932 aut
1013 2880 1103 2951 gestu

181 2953 315 3037 quisdam
339 2959 478 3030 externo,
501 2952 556 3013 sed
573 2954 636 3014 vita
658 2973 695 3014 ao
708 2954 844 3016 moribus
862 2954 973 3016 Christi
995 2954 1101 3034 passio

181 3036 270 3098 nobis
292 3037 568 3117 est'exprimenda.

263 3119 297 3180 id
326 3120 408 3199 quod
430 3121 591 3200 apostotus
620 3139 743 3200 quoque
774 3127 880 3181 monet
907 3119 1018 3181 librae.
1044 3123 1102 3184 12:

181 3204 364 3284 Recogitate
386 3204 502 3281 lesum,
529 3202 600 3264 fidei
623 3212 748 3264 nostrae
771 3204 896 3283 dudem,
933 3205 982 3283 qui
1006 3204 1100 3264 talem

181 3287 359 3348 sustinuerit
380 3306 399 3346 a
420 3286 634 3367 peecatoribus
657 3287 804 3348 adversus
827 3308 861 3348 se
885 3286 1102 3348 contradictio-

180 3389 268 3449 nem,
291 3390 330 3430 ne
351 3369 560 3451 defatigamini
582 3372 691 3431 animis
714 3373 824 3432 vestris
847 3371 967 3432 defeoti.

264 3453 304 3514 m
335 3453 365 3514 S.
398 3453 504 3513 Petrus
539 3473 603 3534 oap,
630 3457 663 3516 4:
707 3455 793 3514 Siout
825 3455 963 3515 Christus
992 3473 1103 3534 passus

182 3544 230 3597 est
250 3555 358 3615 earne,
388 3539 433 3596 sia
455 3555 512 3596 vos
534 3556 656 3617 quoque
679 3539 765 3598 iuxta
787 3537 916 3598 eandem
940 3539 1104 3618 cogitatio-

180 3639 252 3681 nem
275 3638 443 3680 armsmrm.
629 3630 632 3639 ’
1068 3652 1072 3659 .

266 3704 379 3764 Verum
412 3702 566 3764 obsolevit
591 3703 669 3762 haee
698 3706 777 3765 ratio
807 3703 1005 3764 meditandae
1032 3723 1101 3784 pss-

179 3788 277 3849 sionis
301 3786 424 3863 Christi,
447 3793 478 3846 et
500 3807 569 3853 rara
590 3796 646 3866 est,
670 3806 738 3846 aum
760 3794 864 3851 amen
882 3786 913 3850 8.
936 3786 1048 3873 Paulum
1072 3794 1103 3848 et
