2346 4208
120 267 185 337 210
339 267 497 341 Disputatio
517 256 623 340 sidus
641 268 733 327 habitu
750 287 774 326 n.
792 265 860 326 XIX

123 477 206 539 pam,
228 457 315 538 quod
332 458 459 538 impium
481 458 520 518 sit
541 457 643 518 aDeo
664 476 790 537 sperare
812 457 1028 519 dimidiumve

121 543 219 605 niam:
248 560 324 622 ergo
347 547 450 621 quoad
472 559 616 619 poenum.
638 539 776 602 Admitto
800 548 910 622 totum,
934 560 1029 603 secru-

122 623 193 687 dum
216 623 382 704 praedicta.
899 700 904 709 Ι
1069 630 1075 637 “

16 772 29 791 N
205 709 267 767 lam
295 707 526 769 iliasutoritss
556 706 648 787 Greg.
678 708 708 768 4.
740 708 833 768 Mon:
868 707 933 768 Aut
961 708 1052 769 suiu'

122 809 181 855 uos
201 790 262 851 hoc
284 788 388 851 {leudo
410 791 606 868 insequimur,
628 796 681 849 aut
695 792 763 870 ipse
784 790 970 870 iudicando,
988 790 1030 851 rix

120 873 204 939 aliud
225 873 326 953 aptius
339 890 396 953 pro
410 893 460 933 me
474 871 586 934 adduci
602 875 712 953 potuit.
756 873 903 935 Similiter
926 864 1029 935 stillsd
1070 888 1075 897 ’

120 957 224 1019 Hiero.
247 955 281 1017 0.
303 957 494 1036 Mensarum,
517 956 665 1035 admitto,
696 955 781 1036 quod
803 963 910 1018 tamen
933 957 1029 1019 Hiero·

122 1041 207 1121 uymi
229 1057 298 1100 esse
319 1038 437 1100 dubito.
502 1102 505 1107 ,

205 1122 345 1183 Admitto
367 1128 484 1198 totum,
507 1121 591 1201 quod
615 1140 752 1182 canones
775 1141 839 1182 nou
861 1124 940 1183 sctis
959 1120 1030 1203 prus·

126 1205 241 1286 figunt,
264 1205 336 1266 ideo
359 1205 500 1284 relinquo
524 1204 649 1265 arbitrio
674 1205 856 1267 sacerdotis.
899 1205 1032 1267 Addost

123 1308 184 1369 ego
206 1289 303 1349 multo
327 1289 424 1368 magis
447 1288 571 1349 arbitrio
594 1289 670 1368 Dei,
702 1289 754 1367 qui
784 1289 869 1350 solus
901 1295 950 1350 est
969 1306 1031 1369 pon

124 1371 248 1513 ἀοέαῒοτ
286 1373 462 1452 spirituum,
496 1380 527 1433 et
548 1391 612 1432 uon
639 1373 764 1452 ignarus
792 1391 895 1452 neque
916 1372 1031 1451 ‘iniquus

124 1456 155 1517 iu
179 1456 249 1516 idat.
1018 1494 1031 1509 .-
1068 1476 1071 1481 ·

208 1537 314 1599 Placet
343 1544 384 1598 et·
402 1537 456 1599 illa
492 1537 641 1597 autoritas
667 1536 833 1617 Augustini
861 1556 888 1599 e.
928 1536 1032 1599 nullum

129 1621 176 1685 ltu
196 1620 370 1701 impartitur
391 1619 489 1681 sDeo
514 1620 640 1699 largitas
663 1620 908 1700 misericordiae,
931 1627 965 1681 ut
982 1636 1033 1681 uon

122 1705 312 1785 relinquatur
332 1705 466 1764 iustitiae
487 1702 660 1783 disciplina.
709 1704 817 1765 Potest
838 1723 895 1784 pro
919 1723 986 1782 me,
1008 1706 1034 1765 ti

123 1806 180 1868 pro
202 1788 240 1851 o.
262 1787 299 1849 D.
322 1788 437 1864 volere,
461 1794 593 1849 nauseo,

206 1871 246 1932 Elt
267 1869 401 1931 Isidorus
431 1870 569 1947 quamvis
598 1869 757 1930 nonsatis
779 1871 882 1950 gravis
905 1866 1033 1933 autor‘u

123 1953 170 2016 his
191 1954 299 2030 rebus,
321 1953 425 2032 planet
446 1958 581 2029 tumen,¹
595 1952 678 2031 quod
700 1952 888 2032 poenitentis
911 1950 1033 2015 sensus
1073 1986 1075 1995 =

123 2038 240 2099 tionem
262 2043 382 2097 tantum
416 2034 520 2095 divino
543 2037 667 2115 pensari
701 2035 815 2096 iudicio
845 2035 951 2116 dictat,
982 2050 1033 2099 uon

123 2120 269 2183 humano.
312 2118 395 2199 Ergo
418 2119 514 2179 multo
537 2120 637 2178 minus
650 2102 763 2180 reniitti
785 2125 890 2198 potest
911 2120 1032 2181 hunum

123 2203 255 2281 iudicio,
288 2221 355 2264 oum
391 2202 486 2261 clavis
508 2203 671 2282 potestatis
694 2221 756 2262 nou
780 2201 892 2263 debeat
914 2198 1031 2283 operati,

41 2312 45 2318 1
130 2287 188 2346 nisi
209 2287 293 2365 prior
315 2286 355 2345 sit
376 2285 470 2344 clavis
493 2287 656 2362 scientiae,
693 2304 772 2364 quoe
795 2287 888 2364 sciat,
922 2283 1031 2365 quidet

124 2376 271 2448 quantum
293 2369 403 2429 solvat.
789 2430 801 2440 ,

207 2451 299 2532 Apud
320 2452 419 2512 Deum
441 2451 672 2531 productiorem
706 2469 775 2512 esse
797 2470 932 2531 poenam
954 2464 1028 2530 quau

125 2535 247 2616 culpam
274 2554 313 2595 ex
326 2535 499 2615 Augustino
524 2534 676 2612 concedo,
699 2534 912 2595 salvatamen
934 2530 1028 2596 autori

122 2624 188 2683 tute
207 2617 294 2679 Pauli
315 2619 446 2679 Roman.
468 2619 497 2680 7.
520 2617 662 2678 dicentis:
695 2617 765 2679 Non
782 2618 910 2679 invenio
932 2618 964 2678 in
982 2630 1028 2691 ne,

123 2701 184 2765 hoc
206 2709 262 2779 est,
284 2703 421 2761 incarne
441 2719 521 2778 mea,
544 2699 671 2763 bonum..
712 2701 971 2762 Guiusseuteutiu
984 2700 1028 2773 esi,
1050 2732 1054 2745 ·

123 2804 258 2865 poenam
280 2791 312 2845 et
332 2790 493 2864 peccatum
517 2784 607 2843 simul
629 2783 717 2845 finiri.

82 2893 84 2897 ·
205 2867 291 2927 Haec
313 2866 691 2947 deprimassouclusione.
737 2864 798 2927 Sed
821 2873 932 2927 contra
952 2864 1027 2927 oliuu

123 2950 212 3030 dicit,
246 2970 317 3011 esse
338 2950 587 3011 manifestissime
625 2951 734 3017 falsam
761 2956 792 3010 et
812 2958 937 3029 praeter
956 2962 1028 3009 usun

126 3037 219 3098 totius
242 3034 409 3112 ecclesiae,
439 3032 522 3112 quod
552 3034 680 3113 quilibet
708 3033 853 3094 sacerdos
878 3033 972 3096 debet
988 3026 1029 3091 so

123 3119 245 3181 solvere
279 3137 299 3177 s
319 3136 422 3197 poena
453 3122 485 3176 et
517 3116 608 3196 eulpa
639 3117 860 3197 poenitentem.
914 3117 956 3177 Et
981 3114 1029 3175 hu
1069 3126 1075 3175 ·ῐ

124 3201 236 3281 probat
257 3201 357 3279 primo
381 3199 537 3276 exdictis,
560 3201 665 3278 idest,
688 3219 729 3259 ex
750 3199 856 3260 nihilo.
901 3192 1029 3261 Secundo
1064 3188 1075 3289 i

122 3285 364 3364 portationem,
398 3285 469 3363 quic
500 3291 725 3345 sacramentum
759 3283 970 3362 poenitentioe
999 3275 1030 3337 tii
1071 3298 1075 3373 ῑ

123 3367 280 3448 quoddam
313 3366 471 3443 iudiciale,
505 3374 536 3426 et
562 3366 602 3427 sd
633 3366 777 3427 iudicium
799 3366 958 3427 ferendum
977 3380 1039 3445 pti·-
1071 3386 1075 3477 Ι

123 3452 201 3519 tinet
221 3450 400 3513 iurisdictio.
444 3449 687 3515 lurisdictiouem
710 3457 812 3511 sutem
836 3469 907 3511 esse
929 3451 1029 3510 aaut·

123 3543 185 3595 tum
209 3536 239 3594 iu
262 3534 456 3595 inferioribus
481 3532 630 3593 Praelatis
652 3533 691 3595 ad
715 3533 886 3594 tollendum
910 3527 1029 3595 condri-

123 3636 225 3694 onem,
248 3623 309 3679 tarn
324 3619 356 3678 in
366 3616 565 3697 peccantibus
579 3635 671 3696 quam
689 3617 884 3695 inpeccatis,
906 3608 1027 3678 secundo

123 3703 153 3763 in
175 3699 415 3763 detestationem
438 3700 607 3779 criminum,
630 3701 748 3780 alioqui
759 3699 889 3779 quilibet
910 3699 1026 3761 villanus

123 3783 273 3848 sacerdos
292 3792 378 3851 osset
399 3785 586 3864 episcopus,
620 3785 876 3866 archiepiscopus
898 3791 931 3847 et
949 3795 1026 3865 papt-
