2346 4208
121 237 163 307 96
287 236 463 313 'Disputatio
482 243 591 313 lipsiae
608 245 704 299 habita
723 261 749 298 a.
769 244 830 299 XIX

55 458 58 472 ι
122 428 163 490 da
183 433 240 525 est,
263 429 347 508 quod
368 429 447 491 haee
469 431 618 492 autoritas
648 449 712 492 non
735 429 775 492 ad
796 430 897 491 solum
918 429 1043 492 Petrum

120 513 281 592 pertineat,
304 519 441 574 autnon
464 513 504 575 ad
525 532 634 575 omnes
658 532 743 575 oves.

204 595 330 675 Tertio,
362 597 387 656 si
415 615 471 677 per
493 597 553 658 ista
574 597 668 660 verba
695 597 874 678 probabitur
895 596 1044 677 primatus

121 679 220 745 inoert
221 699 256 740 us
279 685 310 739 et
297 679 432 740 trullus
454 681 512 740 erit
531 682 643 760 primat
645 700 701 758 us,
729 681 802 759 quia
830 698 892 741 non
920 676 1063 759 poniturt

110 763 270 842 primatus
293 764 352 822 nisi
374 763 430 824 sub
455 762 634 825 conditione
656 762 853 841 dilectionis,
879 780 940 823 nea
960 763 1045 825 enim

123 851 247 925 oportet
274 844 462 928 Soripturam
497 846 715 928 dirumpere
707 866 740 906 ιιι
766 845 902 907 diversas
930 852 1044 926 partes,

122 928 177 989 sed
200 929 297 1009 magis
320 930 516 990 eonoinnare.
552 929 690 1008 Ideoque
721 948 789 988 oum
823 930 863 989 sit
882 929 1044 1009 intertum,

122 1012 189 1092 quis
212 1010 320 1092 diligat
340 1011 511 1094 Christum,
533 1014 682 1073 incertum
711 1031 835 1092 quoque
863 1012 922 1073 erit
941 1011 1044 1088 uobis,

39 1114 43 1121 ’
122 1096 189 1176 quis
213 1095 253 1155 sit
272 1101 379 1176 pastor
399 1103 471 1157 nost
473 1115 514 1157 er
557 1096 641 1156 Et
618 1115 644 1155 ar
666 1097 695 1156 ei
715 1115 779 1155 non
800 1100 848 1156 est
868 1096 1046 1159 necessaria

122 1177 263 1259 dileetio,
292 1197 350 1238 nee
378 1179 469 1240 nobis
490 1180 697 1239 necessarium
721 1180 778 1239 erit
797 1197 971 1259 agnosoere
991 1196 1045 1276 pa·

52 1322 55 1327 ,
121 1265 245 1322 storem.
279 1261 404 1322 Reatina
422 1281 496 1343 ergo
520 1262 645 1339 dieitur,
668 1261 751 1340 quod
773 1261 834 1322 hoe
855 1261 983 1324 verbum
1005 1252 1046 1323 stt

120 1352 320 1425 praeceptum
341 1344 446 1405 datum
469 1347 619 1406 universis
642 1345 788 1425 praelatis
811 1344 982 1424 ecelesiae,
1011 1352 1044 1407 ut

122 1429 307 1508 oontemptis
331 1427 459 1507 divitiis,
489 1428 651 1509 dignitate,
681 1430 774 1489 etiam
800 1429 870 1508 ipso
898 1428 1043 1508 primatu,

121 1510 246 1571 tandem
274 1512 338 1570 vita
365 1519 396 1571 et
432 1518 531 1572 morte
559 1530 628 1571 sese
651 1510 831 1591 impendant
852 1529 908 1590 pro
932 1509 1043 1572 ovibus

122 1593 244 1655 Christi
267 1593 343 1668 Quis
365 1599 413 1654 est
432 1594 497 1673 hie,
519 1601 550 1655 et
570 1594 762 1657 laudabimus
784 1593 875 1655 euml

203 1677 340 1738 Transeo
371 1697 424 1756 ea,
453 1639 532 1756 qnae
560 1697 599 1738 ex
627 1677 908 1759 Chrysostomot
876 1675 978 1738 attulit
1002 1674 1043 1739 do

122 1760 237 1821 vertioe
259 1760 393 1841 collegii,
416 1768 447 1821 et
468 1760 626 1841 quomodo
650 1761 741 1822 Petro
764 1760 875 1821 tradita
895 1760 935 1821 sit
956 1778 1043 1845 prae-

121 1842 253 1912 sidentia
275 1843 391 1904 orbist
378 1851 536 1923 terrarum,
559 1847 631 1923 quia
652 1844 757 1906 omnia
777 1842 936 1920 oonoedo,
959 1834 1043 1922 quod

121 1927 164 1987 sit
182 1929 296 2007 primus
318 1928 349 1987 in
372 1927 507 2003 honore,
530 1926 670 1989 sednon
692 1927 806 1989 solus
798 1947 829 1986 ur
851 1886 1044 1993 ιιιιιιιιιιιιιιιιι·

122 2011 216 2089 tione,
239 2011 378 2071 saltem
370 2030 435 2071 rure
457 2010 572 2074 divino.

204 2094 252 2154 De
279 2111 353 2153 aasu
374 2094 465 2172 Petri,
487 2093 588 2156 Galat
613 2097 650 2172 2,
678 2093 730 2154 ubi
750 2095 860 2156 iterum
898 2093 1043 2174 egregius

120 2176 157 2238 D.
180 2176 217 2238 D.
242 2176 380 2245 odiosius
411 2178 484 2236 mihi
512 2178 673 2238 articulum
699 2177 888 2237 Hussitioum
916 2175 1042 2258 obierit,

121 2259 237 2320 nullum
260 2279 330 2320 esse
353 2260 511 2321 dominum
532 2261 719 2340 spiritualem
742 2260 793 2319 vel
814 2260 960 2339 aivilem,
990 2259 1042 2339 qui

121 2343 162 2402 sit
182 2345 213 2402 in
235 2348 364 2422 peooato
382 2345 518 2422 mortali3
541 2345 566 2403 si
581 2345 726 2423 dicerem,
742 2343 870 2413 ¹Petrum
891 2341 963 2403 ideo
977 2361 1041 2405 non

122 2444 191 2487 esse
213 2426 393 2506 praelatum,
416 2429 488 2506 quia
508 2436 670 2507 peeoasset
690 2427 868 2488 mortaliter.
896 2425 1041 2507 Respon-

121 2508 201 2571 deo:
234 2509 303 2571 Hoo
324 2529 388 2571 non
410 2511 576 2591 agebatur,
606 2518 637 2572 et
625 2510 708 2571 tad
730 2508 891 2571 rhombum
914 2515 962 2570 est
980 2510 1043 2571 isra

121 2592 298 2673 disputatio.
321 2593 393 2655 Soio
414 2602 460 2655 et
467 2596 584 2675 optime
607 2596 682 2672 seio,
705 2592 957 2672 quodPraelatus
980 2611 1042 2655 ma·

120 2674 168 2736 lus
190 2695 253 2736 non
275 2677 315 2737 sit
334 2677 528 2740 reiioiendus.
557 2678 633 2740 ldeo
656 2686 687 2738 et
709 2695 769 2757 ego
792 2675 1042 2739 damnoHnssiti·

121 2777 191 2819 anm
214 2760 384 2821 artioulum.
407 2759 469 2822 Sed
479 2762 541 2823 hoa
551 2762 656 2833 voluit
679 2759 762 2840 quod
775 2760 892 2838 Petrus,
914 2758 1041 2839 quando

120 2843 151 2903 in
180 2861 274 2903 eausa
301 2842 374 2904 fidei
403 2846 544 2927 praebuit
571 2844 767 2921 seandalum,
800 2845 911 2904 sinon
933 2843 1042 2905 fuisset

122 2926 301 2987 emendatus
329 2948 384 3008 per
409 2929 553 3006 Paulum,
580 2929 689 2989 merito
657 2926 822 2988 tdabuit
858 2927 1042 2989 amoveris

120 3011 303 3107 praelatura,
326 3032 397 3072 nam
410 3012 584 3073 haeretious
605 3018 721 3107 pastor,
743 3014 797 3071 aut
816 3010 854 3088 is,
876 3009 928 3088 qni
949 3011 1040 3071 simu·

122 3093 192 3154 lat
184 3114 216 3154 rn
238 3095 406 3175 perieulum
428 3095 509 3173 fidei,
532 3096 666 3176 graviter
683 3100 800 3174 peceat
823 3093 902 3153 Nam
922 3092 1028 3154 hao
1003 3113 1040 3155 ιι·

122 3177 290 3239 mulatione
318 3179 399 3240 Petri
425 3178 523 3239 fundit
511 3185 559 3238 tus
593 3178 712 3258 peribat
739 3176 816 3238 fides
849 3176 1043 3256 Christi,ut

121 3260 232 3321 Paulus
258 3262 347 3340 dioit,
380 3261 451 3323 ideo
480 3263 583 3343 potius
611 3262 719 3322 fuisset
751 3260 948 3340 faaiendum,
982 3260 1042 3323 nisi

122 3344 301 3406 emendatus
323 3308 430 3406 fhisset
451 3345 571 3424 Petrus,
599 3352 633 3407 ut
653 3346 760 3406 Petrus
791 3364 847 3426 pro
875 3305 961 3407 nullb
989 3342 1042 3407 ha·

121 3428 261 3507 beretnr,
292 3429 406 3489 nedum
432 3449 488 3509 pro
517 3448 638 3490 summo
674 3427 833 3490 Pontifioe.
875 3429 1042 3489 Peooatum

121 3512 252 3574 mortale
273 3519 367 3574 nocet
387 3532 539 3593 personae
561 3513 723 3657 propriae,
751 3511 807 3609 sed
827 3512 972 3574 haeresis
980 3529 1041 3573 no·

122 3604 172 3657 eet
192 3615 345 3676 personae
367 3599 521 3658 communi
545 3604 575 3657 et
589 3597 790 3658 communiat
778 3594 903 3658 tildeo
926 3595 1040 3678 gratias

121 3698 182 3761 ago
206 3680 243 3740 D.
265 3680 301 3740 D
324 3680 407 3760 quod
422 3681 531 3741 saltem
554 3681 614 3742 hoo
636 3678 749 3742 didioil
755 3683 770 3759 )
797 3699 836 3740 ex
858 3681 918 3742 heo
939 3681 1040 3763 dispu-

124 3769 294 3777 ——---—-.—-
343 3768 497 3776 --u————

159 3787 187 3851 1)
208 3782 378 3839 laodien.
401 3791 429 3840 et
449 3783 667 3855 apudtoeaohe
688 3785 791 3840 didioit.
