2346 4208
315 254 441 311 heudino
455 250 731 346 'li.·flart.“Lnthsri.
959 254 1000 324 39

71 441 132 502 han
153 441 305 501 industria
326 436 535 521 quaerebant?
577 440 712 522 Nempe,
746 460 815 504 oum
838 450 926 521 euni,
942 444 1020 524 qui,

75 525 117 585 sit
138 527 204 585 iure
227 524 332 585 divino
356 527 509 605 superior,
533 545 595 586 non
620 522 714 586 lineat
735 525 885 604 iudieare,
906 524 1000 590 refor-

71 624 175 685 mare,
208 607 373 668 emendare
399 610 635 685 (bisentium),
672 610 732 669 iam
767 607 928 688 quodlibet
947 630 1000 670 au-

71 690 166 751 dendi
189 692 220 750 in
246 690 387 751 omnibus
409 697 552 772 regnaret
576 697 731 771 potestas,
764 693 842 752 sient
865 698 912 752 eat
933 691 999 753 dies

72 774 168 852 hoen,
201 776 361 853 staretque
393 776 425 833 in
460 775 592 836 eeclesia
613 775 670 835 Dei
701 773 895 845 ,horrendum
914 773 1000 854 illud,

73 864 107 917 nt
129 857 227 918 Oseas
251 856 340 936 dielt,
371 864 405 917 et
426 858 615 919 abominatio
633 857 697 918 ‘illa
714 854 754 919 ¹in
784 856 856 919 lono
880 864 998 936 saneto,

73 940 202 1016 seilioet,
223 941 375 1019 impunita
388 943 523 1020 nequitia
539 948 569 1001 et
579 941 729 1021 peooandi
743 959 852 1002 secura
866 941 999 1001 lieentia.

72 1023 144 1098 Qua
165 1022 236 1102 quid
259 1021 357 1100 lieret,
380 1025 439 1083 nisi
463 1024 613 1085 eoelesiae
626 1026 752 1084 vastitas
775 1029 806 1084 et
819 1023 999 1085 desolatio?

65 1107 140 1167 'Han
161 1108 243 1166 enim
265 1112 435 1187 potestate,
459 1125 538 1188 qnae
561 1106 600 1166 ad
622 1106 870 1169 aedifloationem
895 1107 997 1167 solum

72 1189 162 1249 data
181 1196 243 1267 est,
279 1189 459 1250 molirentur
494 1189 577 1250 aliud
611 1189 685 1250 nihil
723 1209 833 1269 quam⁵
862 1189 1000 1250 destruo·

73 1273 201 1333 tionem.

157 1354 234 1415 Qum
256 1373 403 1416 veronna
426 1374 534 1416 omnes
549 1355 681 1433 Christo,
703 1355 801 1434 idest,
823 1356 946 1415 veritati
969 1362 1000 1415 et

71 1440 207 1499 iustitiae
228 1438 298 1518 plus
319 1437 487 1499 debeamus
498 1456 590 1520 quam
614 1438 670 1497 ulli
692 1437 860 1516 hominum,
882 1443 999 1498 eertum

73 1527 122 1582 est
141 1522 256 1581 erranti
287 1527 318 1581 et
349 1522 444 1602 impio
474 1520 612 1601 pontifici
634 1520 868 1600 praeferendam
890 1522 1001 1582 verita·

71 1612 136 1666 tem
159 1607 191 1666 et
211 1605 368 1665 iustitiam.
402 1603 504 1683 Atque
527 1606 569 1663 ita
585 1622 681 1682 penes
703 1621 794 1682 quem
816 1604 906 1663 fuerit
922 1604 1000 1664 ha'eo

72 1689 188 1748 veritas
211 1693 241 1747 et
260 1687 387 1764 iustitia,
411 1686 548 1747 Christus
562 1687 612 1746 hio
634 1687 774 1768 superior
797 1685 1000 1766 estpontilloe

72 1770 227 1850 debetque
250 1769 387 1850 pontifiei
411 1777 474 1830 tum
497 1772 655 1842 resistere,
693 1777 756 1829 tum
780 1772 849 1841 euin
874 1786 1000 1830 monere

72 1861 105 1915 et
139 1852 322 1932 emendare,
356 1854 472 1932 alioqui
507 1872 577 1913 rens
610 1854 666 1912 erit
694 1853 814 1932 pennati
852 1852 882 1911 ln
915 1852 999 1912 Chri-

72 1942 170 2013 stum,
193 1937 241 1996 oui
265 1936 444 2015 praetulerit
464 1937 631 2012 hominem,
654 1937 837 2015 veritatique
859 1936 998 2015 iniqnita-

72 2026 145 2081 tem.
183 2019 269 2079 Haeo
298 2020 384 2079 vides
418 2019 490 2099 quid
525 2019 660 2080 fatiant?
687 2020 826 2098 primum
858 2019 999 2098 impiissi-

73 2118 193 2164 morum
224 2102 421 2163 adulatorum
443 2102 591 2163 damnant
620 2103 819 2179 sententiam,
851 2102 901 2180 qni
929 2118 998 2181 peo-

73 2187 156 2247 oanti
185 2183 324 2264 pontifici
346 2186 471 2263 lallant,
506 2205 567 2246 non
596 2186 689 2245 lieers'
720 2184 837 2246 dicare:
874 2184 936 2245 Cu'r
957 2185 999 2244 ita

73 2268 172 2330 fanis?
194 2268 248 2328 sed
262 2268 330 2328 sola
352 2271 492 2329 oratione
506 2269 545 2329 ad
558 2270 656 2329 Deum
679 2282 734 2349 pro
750 2287 787 2328 so
802 2267 998 2348 gemendum.

74 2351 156 2427 Quid
181 2352 211 2411 hi
240 2351 424 2426 moliuntur,
461 2352 519 2410 nisi
552 2360 585 2411 nt
605 2351 730 2411 verbum
754 2351 810 2410 Dei
842 2358 998 2411 teneamus

74 2456 94 2495 a
115 2435 195 2495 faeie
216 2435 400 2512 iniquitatis,
423 2441 454 2493 et
475 2434 631 2494 hominem
656 2435 862 2512 praeferamus
887 2435 998 2494 Christi

73 2517 265 2600 praesepto?
897 2540 905 2549 ,

159 2600 278 2661 Deinde
305 2601 365 2659 ruit
383 2617 489 2659 eornm
516 2600 611 2678 impia
634 2597 789 2677 doetrina,
820 2619 882 2659 non
907 2600 998 2660 lioere

75 2684 230 2762 eum,-qui
252 2684 392 2762 superior
414 2690 476 2760 est,
500 2681 651 2755 indicare,
675 2683 753 2741 siout
775 2682 924 2759 quaedam
949 2682 999 2743 de-

74 2774 161 2827 oreta
180 2765 360 2846 pontificum
383 2772 545 2846 nugantur.
589 2764 743 2842 Chaeoro,
766 2784 819 2823 our
840 2784 903 2826 non
926 2765 999 2826 linet

74 2849 232 2910 iudicare?
268 2867 306 2908 an
342 2850 412 2927 qnia
442 2849 582 2928 superior
612 2849 679 2907 est?
718 2849 759 2907 At
791 2848 917 2907 verbum
942 2849 998 2909 Dei

75 2952 169 3013 super
191 2950 299 2992 omnes
329 2938 393 3008 est,
428 2932 511 3011 quod
539 2933 564 2991 si
599 2931 692 2991 habet
719 2931 844 2990 inferior
877 2936 908 2991 et
935 2950 998 2992 non

75 3017 225 3097 superior,
250 3014 360 3075 sedere
384 3014 476 3074 debet
497 3016 636 3095 superior
657 3014 802 3091 inferiori,
825 3014 904 3073 sient
926 3014 999 3074 didit

77 3103 105 3162 1.
129 3098 267 3159 Corinth.
294 3099 345 3159 14:
384 3096 473 3172 Quod
507 3099 532 3158 si
554 3097 839 3157 revelatum'fnerit
869 3097 998 3177 sedenti,

75 3183 160 3262 prior
192 3187 307 3256 teneat,
340 3200 379 3240 ne
407 3180 481 3240 illud
504 3181 583 3240 Psal.
608 3185 645 3242 tn
675 3181 792 3240 audiat:
829 3180 997 3241 Consilium

75 3266 178 3345 inopis
218 3257 413 3337 confudistis,
452 3266 523 3342 quia
551 3264 700 3323 Dominus
733 3282 803 3342 epea
843 3265 908 3323 eius
943 3270 998 3323 est.

75 3348 189 3408 Nonne
200 3346 371 3426 prophetae
393 3353 481 3406 erant
492 3347 652 3407 inferiores
665 3347 787 3426 regibus
803 3355 833 3406 et
855 3346 998 3408 sacerdo-

76 3431 168 3508 tlbns',
183 3439 318 3489 attamen
330 3448 384 3489 eos
400 3429 585 3506 indicabant,
596 3428 874 3509 reprehendebant,
898 3448 998 3489 emen-

77 3513 250 3574 dabantfnt
270 3512 417 3572 etiam-de
432 3513 601 3589 Ieremia*J
618 3513 762 3593 seriptum
784 3513 832 3589 sit,
854 3512 938 3591 quod
960 3513 1000 3572 sit

151 3807 181 3871 ¹¹)
203 3805 298 3859 ierem.
320 3805 344 3859 1.
