2346 4208
168 265 233 347 {oe
433 332 438 339 ,
462 265 661 331 tccuuol).
682 267 715 323 M·
734 266 812 333 tntu.

171 453 367 533 spelamreut
384 452 424 515 ad
446 452 690 524 contemnendas
711 454 800 516 huius
820 455 903 516 vites
919 451 1093 529 oleosum,

171 540 207 605 'ut
233 537 278 599 sio
306 536 404 617 magis
438 555 477 598 ac
508 537 607 617 magis
631 544 809 616 pararentur
831 537 924 601 animi
952 535 992 599 ad
1014 554 1092 597 mor·

171 626 250 699 tw,
281 638 319 680 ac
347 619 501 700 baptismo
524 619 695 682 satisfieret.
738 620 878 685 Debebst
899 624 1003 683 lernen
1026 618 1092 680 illo

171 722 240 779 rum
261 702 397 764 omnium
420 721 490 763 esse
511 703 620 765 modus
642 704 782 784 quidem,
812 721 875 767 nou
905 701 988 782 quod
1010 721 1092 782 mug-

172 784 280 857 nitudo
317 785 369 847 vel
397 805 541 846 nrmrerus
574 786 697 866 illorum
726 793 826 849 certus
859 784 1093 867 praescribatur,

171 867 227 932 red
259 868 321 929 hoo
350 869 478 947 quisque
507 870 747 947 animadvertat,
782 876 927 949 quantum
958 875 990 928 et
1020 866 1093 947 quid

170 950 341 1032 baptismus
364 951 519 1031 postulet,
555 951 586 1012 id
616 951 698 1031 quod
728 954 773 1012 siu
794 950 1007 1030 accipiendum
1030 956 1092 1017 est:

172 1032 272 1097 Sentit
293 1033 502 1112 unusquisque
531 1055 588 1095 sua
613 1037 703 1112 vitia,
736 1037 766 1094 in
799 1034 907 1112 quibus
934 1035 1002 1113 ipse
1029 1036 1093 1093 rriu-

172 1117 256 1179 xims
275 1115 413 1194 laborat,
447 1135 508 1196 qus
533 1119 625 1198 igitur
655 1120 775 1179 ratione
802 1116 857 1179 illa
888 1117 1019 1197 opprimi
1041 1122 1095 1177 aut

174 1198 349 1267 mortificari
370 1218 465 1278 posse
487 1200 620 1281 putabit,
654 1220 692 1261 ea
713 1207 836 1277 utetur,
872 1198 958 1279 quod
982 1201 1009 1261 si
1030 1199 1093 1259 aui-

174 1280 345 1347 madvertes
368 1281 547 1344 decrescere
569 1285 643 1344 vitis
672 1292 702 1344 et
723 1284 877 1358 imminui,
907 1282 946 1343 de
968 1279 1093 1343 mortiti-

173 1365 297 1425 cstione
319 1382 442 1443 quoque
464 1365 652 1444 aliquantum
674 1368 834 1428 remittat·
958 1360 962 1370 ¹

253 1447 362 1526 Neque
392 1455 495 1508 autem
529 1455 685 1511 tentantur
705 1449 784 1510 haec
804 1449 946 1511 humanis
967 1444 1093 1521 uiribus,

171 1547 230 1595 nos
252 1530 333 1591 enim
362 1530 400 1590 de
428 1532 465 1591 iis
494 1531 638 1608 dicimus,
676 1534 727 1612 qui
748 1531 894 1610 baptizati
924 1536 955 1591 et
974 1531 1093 1609 recepti

171 1618 244 1681 suut
270 1614 469 1693 ingratiam,
509 1621 539 1674 et
567 1617 618 1694 qui
641 1615 767 1676 credunt
794 1615 855 1674 iam
878 1613 946 1674 Deo
969 1613 1093 1693 promit

150 1696 247 1765 *muti
274 1703 471 1775 peccatorum
496 1699 719 1761 remissionem.
763 1697 802 1757 Hi
828 1694 890 1757 fids
918 1695 960 1757 ad
991 1694 1093 1755 morti-

171 1775 309 1845 ficandas
328 1780 449 1859 peccati
471 1779 615 1861 reliquias
638 1787 672 1842 et
688 1781 794 1841 omnia
813 1780 875 1839 alia
892 1778 975 1840 bona
997 1797 1092 1857 opera

171 1867 406 1927 commoventur
436 1867 468 1921 et
496 1864 677 1925 excitantur.
725 1864 789 1924 lam
817 1862 869 1941 qui
897 1861 1012 1921 nullum
1040 1860 1093 1921 lra-

51 1952 54 1956 '
170 1941 246 2007 bert
265 1941 369 2020 fidem,
390 1963 425 2004 se
448 1944 551 2005 multis
573 1965 611 2006 ac
632 1946 724 2006 variis
747 1945 918 2026 defatigant
937 1942 1094 2023 operibus,

170 2027 231 2089 iam
252 2025 315 2086 hoc
342 2027 403 2086 iam
425 2025 501 2086 illud
522 2029 700 2105 instituunt,
735 2035 766 2089 et
788 2027 926 2089 contenti
948 2033 1019 2089 sunt
1040 2026 1094 2086 illa

171 2106 254 2170 nude
276 2112 308 2169 el
329 2114 457 2169 externa
479 2113 581 2190 operis
604 2113 725 2191 specie,
754 2113 785 2171 in
820 2129 880 2190 quo
904 2128 961 2170 ceu
984 2109 1014 2168 in
1037 2108 1093 2188 lig·

172 2209 233 2253 nea
254 2197 468 2271 statuensque
490 2193 561 2269 vita,
584 2212 642 2255 neo
653 2195 776 2275 spiritus
797 2192 907 2271 aliquis
916 2193 1007 2269 inest,
1029 2209 1093 2251 uno

169 2271 307 2352 perlecto
331 2281 552 2335 convertuntur
579 2296 653 2344 mox
679 2275 841 2352 adalind,
875 2293 912 2335 ac
940 2274 1016 2335 mira
1048 2275 1093 2333 in·

170 2356 344 2416 constantia
364 2364 515 2436 perpetuo
537 2360 690 2438 feruntur,
719 2378 820 2437 neque
842 2359 907 2417 eius
931 2358 975 2417 rei
997 2355 1092 2417 ullum

170 2437 304 2501 sentiunt
324 2437 463 2499 fructum.
506 2441 654 2502 Nonnulli
688 2443 780 2503 etiam
803 2440 842 2501 ad
864 2441 1015 2500 insaniam
1036 2438 1092 2499 illo

169 2517 270 2585 studio
292 2521 410 2582 redacti
433 2530 518 2600 sunt,
553 2531 585 2584 ut
606 2544 665 2586 uec
693 2524 750 2585 sibi
773 2543 831 2583 nec
853 2522 920 2582 aliis
943 2520 1093 2602 prodesse

168 2609 307 2683 possent.

253 2686 365 2748 Verum
389 2689 493 2749 omnis
515 2688 568 2748 illa
589 2688 787 2750 incommoda
808 2688 880 2748 inde
903 2692 973 2746 sunt
989 2693 1093 2764 enata,

169 2767 252 2848 quod
279 2768 318 2831 ab
348 2771 448 2850 impiis
478 2770 657 2833 doctoribus
692 2772 830 2851 persuasi
862 2770 1010 2830 sentimus
1032 2788 1092 2831 nos

129 2898 133 2903 ,
168 2870 188 2911 a
207 2850 362 2932 baptismo
385 2871 439 2913 seu
453 2855 641 2916 contritione
663 2854 729 2914 sine
743 2854 879 2934 peccatis
902 2870 981 2912 esse.
1004 2851 1093 2931 ltem,

168 2934 251 3013 quod
274 2933 357 2995 bona
378 2954 474 3015 opera
495 2956 559 2998 non
581 2937 620 2998 ad
635 2934 850 2998 mortificanda
872 2940 1012 3015 peccatu,
1035 2934 1091 2997 sed

167 3015 207 3076 ad
239 3018 423 3079 cumulanda
453 3021 577 3098 merita,
613 3028 644 3081 et
680 3019 719 3081 ad
753 3016 1002 3080 satisfaciendum
1032 3036 1090 3096 pro

166 3100 303 3179 peccatis
326 3101 458 3162 valeant.
501 3102 693 3164 Confirmant
718 3111 821 3163 autem
853 3101 980 3180 impiam
1008 3097 1091 3159 hanc

167 3182 362 3262 opinionem,
396 3185 445 3262 qui
475 3186 553 3246 vitas
584 3192 615 3247 et
644 3205 738 3267 opera
761 3184 944 3247 Sanctorum
975 3183 1088 3262 impru-

143 3263 274 3327 vdeuter
295 3265 484 3346 praedicant,
507 3269 592 3346 quasi
616 3288 654 3330 ea
671 3269 830 3349 proposita
852 3268 913 3327 sint
935 3264 1090 3345 exemplu,

167 3365 246 3426 quas
267 3367 325 3409 nos
352 3350 464 3410 imitari
492 3352 666 3412 conveniat.
711 3350 801 3422 Stulti
821 3351 915 3430 igitur
936 3347 1088 3426 homiues,

167 3431 219 3508 qui
242 3432 326 3491 omni
346 3430 460 3493 iudicio
482 3434 512 3493 in
536 3433 582 3494 his
604 3433 695 3494 rebus
717 3441 832 3509 carent,
855 3449 949 3493 caeco
971 3432 1089 3511 impetu

166 3513 197 3572 in
219 3512 279 3574 ista
301 3513 482 3575 Sanctorum
505 3517 648 3597 exempla
668 3517 799 3594 irruunt,
828 3520 858 3575 et
880 3512 960 3575 bene
980 3531 1088 3585 secum

165 3600 267 3656 aetum
288 3603 412 3677 putant,
446 3600 470 3657 si
500 3607 654 3679 utcunque
683 3606 842 3660 externam
870 3596 986 3659 larvam
1014 3596 1087 3658 iacti

164 3679 380 3758 expresserint

247 3761 361 3825 Verum
392 3762 477 3827 Deus
507 3763 636 3846 siugulis
670 3761 792 3827 Sanctis
832 3760 969 3843 singulos
1001 3758 1089 3827 dedit
