2346 4208
326 239 362 294 ed
382 238 646 295 condemnationem
666 238 857 294 doctrinalem.
983 236 1044 303 205

120 428 298 505 intellecta,
335 427 484 508 prolixior
505 427 586 506 fiam,
610 445 700 506 quam
722 426 767 487 illi
789 433 980 506 mereantur,
1015 433 1046 489 et

122 531 216 593 quam
238 512 307 592 pius
329 511 426 573 lector
446 512 525 573 ferre
547 511 656 592 poscit,
677 530 771 572 uuum
793 510 874 588 dico,
897 510 1046 574 mihinon

122 596 264 677 potuisse
285 594 479 675 persuaderi,
501 595 551 655 vel
574 594 675 655 multis
690 593 882 672 Nestoribus,
905 611 973 654 esse
991 593 1047 655 Lo·

123 679 208 741 venii
229 685 261 739 et
282 676 432 739 Coloniae
454 685 514 738 tam
538 697 659 738 crassos
681 677 860 757 theologos,
889 677 956 760 qui,
990 677 1048 738 etsi

123 762 157 822 in
179 759 371 822 Reuchliana
394 780 488 822 causa
508 761 669 841 insiguiter
697 759 916 839 deliraverunt,
945 761 1046 822 mitius

127 852 240 929 tamonx
256 863 347 924 quem
370 845 402 904 in
423 845 482 905 hac
506 862 574 904 mea
595 843 809 915 deliraverunt.

209 926 312 1002 Quare
334 928 444 989 ceteris
467 927 671 1006 contemptis,
695 926 785 987 etad
813 925 922 986 horum
945 945 1047 987 exem-

124 1012 210 1093 plum
232 1011 417 1089 aestimans,
436 1030 477 1072 ne
499 1009 626 1073 libidine
645 1008 946 1085 insectandi..qidear
966 1027 1047 1071 oom-

125 1094 256 1187 mo'veri,
278 1092 372 1165 eisin
397 1092 447 1155 ula
469 1112 651 1177 persequer,
672 1086 906 1175 volo'reoeptui
928 1100 1049 1175 capere,

126 1185 159 1239 et
180 1176 243 1238 tani
257 1172 475 1239 ‘liovanreus'es
497 1176 589 1257 quern
610 1182 644 1237 et
654 1174 859 1238 colonienses
884 1174 1048 1256 theologos

125 1260 192 1338 tibi,
205 1261 331 1340 ‘optime
352 1259 589 1340 christophore,
622 1260 707 1321 nullo
736 1259 798 1320 elio
821 1260 946 1320 nominc
967 1278 1050 1320 oom-

126 1343 284 1421 mendare,
307 1361 398 1422 quam
420 1346 499 1421 isto,
522 1343 605 1423 quod
628 1343 723 1404 multa
745 1342 861 1403 audent
884 1349 914 1403 ct
936 1341 1050 1420 dicunt,

149 1446 209 1488 uae
230 1445 289 1487 nec
304 1427 442 1513 probare
460 1446 527 1493 ,nec
548 1427 708 1505 confutare
736 1444 872 1505 unquam
892 1432 1048 1508 poterunt.

127 1445 219 1585 duod
242 1506 340 1591 gantis
361 1508 519 1571 hominum
532 1510 623 1589 q'usle
635 1510 683 1586 sil,
705 1515 738 1569 tu
754 1494 845 1570 facile
866 1510 965 1585 nosti,
981 1528 1049 1570 oum

126 1593 230 1654 nullus
257 1593 360 1654 fornix
381 1599 434 1653 aut
456 1593 584 1653 taberna
605 1594 798 1673 quantumvis
827 1589 910 1653 ebria
937 1594 992 1672 eit,
1018 1593 1050 1654 iu

127 1696 191 1757 qua
211 1695 275 1738 uon
297 1695 392 1756 queas
424 1677 501 1737 teles
530 1677 668 1737 invenire
690 1693 835 1736 censores
868 1682 899 1736 et
919 1676 1053 1737 indices:

126 1760 189 1823 nisi
217 1757 301 1838 quod
328 1759 389 1821 hoo
417 1779 511 1840 opero
534 1761 616 1820 Deus
640 1766 746 1820 notam
769 1757 858 1819 nobie
881 1758 954 1820 fecit
974 1760 1051 1819 iram

128 1862 233 1925 suam,
256 1861 317 1923 qua
338 1861 450 1922 pueros
477 1843 607 1917 istoset
628 1842 843 1907 effoeminatos
866 1840 956 1916 nobie
980 1860 1052 1904 con·

126 1926 227 1989 stituit
240 1925 519 2006 Principes,sicut
538 1926 612 1988 lisa.
633 1929 667 1995 3..
685 1925 777 2007 dicitl,
798 1927 842 1986 sic
863 1925 1051 2001 merentibus

127 2010 412 2153 pe⁰i2ti⁸ss³1¹⁰⁵t¹i⁵’
435 2016 466 2071 et
486 2009 703 2090 ingratitudine
725 2009 848 2071 taudem
871 2011 962 2080 etiam
986 2009 1052 2089 Deo

129 2088 197 2155 in'to
230 2111 264 2153 re
284 2093 328 2156 ii.
797 2140 799 2147 ,

214 2175 284 2236 Non
307 2182 374 2253 erat
384 2193 523 2253 necesse,
545 2182 578 2236 ut
589 2175 727 2237 dicerent
748 2174 837 2241 nudis
850 2175 962 2254 verbis,
985 2195 1054 2243 mee

132 2259 193 2321 sibi
216 2257 379 2338 displicere
402 2265 432 2319 ct
461 2279 592 2320 erronea
614 2259 727 2338 videri,
754 2259 890 2333 sciebam
917 2258 949 2332 id
976 2259 1053 2339 fore,

131 2349 166 2422 et
185 2343 218 2401 in
254 2341 315 2404 hoc
336 2343 434 2422 ipsum
457 2348 567 2422 pessus
594 2349 660 2401 sum
684 2342 743 2403 edi.
784 2342 851 2403 Nec
866 2343 938 2404 .hoc
960 2361 1053 2422 quaes

132 2425 203 2504 sivi,
226 2431 259 2484 ut
280 2445 329 2486 me
353 2425 390 2485 ad
414 2444 487 2487 suos
509 2432 632 2493 autores
650 2426 850 2504 remitterent,
872 2427 958 2505 quasi
981 2427 1054 2487 mihi

134 2509 326 2589 incognitos,
350 2508 404 2575 sed
428 2516 461 2569 ut
482 2507 656 2588 Scripturee
678 2510 843 2586 autoritate
864 2517 917 2588 aut
937 2511 1056 2587 ratione

133 2590 300 2673 probabili,
313 2611 472 2670 suasero,
495 2597 525 2651 et
547 2611 617 2651 mea
636 2591 719 2667 salsa,
738 2611 807 2653 esse
821 2594 1058 2669 ..convincerent

137 2674 230 2749 erse
243 2681 296 2745 ¹est
318 2676 399 2755 enim
421 2676 481 2735 iste
497 2676 608 2754 (etiam
629 2694 685 2736 suo
701 2674 869 2736 Aristotele
881 2675 1053 2756 prohibita]

131 2759 242 2839 petitio
258 2757 410 2839 principii,
421 2758 506 2838 ‚milri
518 2757 698 2839 responderi
710 2777 765 2839 per
777 2758 854 2821 haec
875 2761 953 2840 ipse,
975 2778 1055 2839 quae

131 2840 307 2984 impuquo?v
323 2841 394 2921 Non
417 2848 464 2903 est
486 2843 642 2922 quaestio,
664 2840 737 2921 quid
759 2840 932 2920 didicerint,
952 2841 1054 2920 audieg

129 2925 203 3003 rint,
235 2926 371 3004 egerint,
395 2927 547 2997 senserint
563 2945 718 3007 unquam,
747 2924 802 2987 sed
825 2925 932 3006 quibus
955 2925 1055 2999 tirrr'ra·¹

131 3008 245 3075 mentis
267 3028 306 3069 ea
327 3009 480 3070 muniant:
509 3009 624 3088 alioqui
645 3028 698 3070 cur
720 3015 861 3071 etmeae
883 3015 986 3070 sectae
1004 3029 1056 3077 ,re-

130 3095 284 3172 sisterem,
305 3095 425 3159 scilicet
446 3091 620 3154 Oceanicae
638 3112 693 3153 seu
715 3091 942 3171 Modernoruur,
965 3111 1056 3172 quam

130 3177 266 3259 penitus>
289 3177 458 3261 imbibibam
476 3183 589 3253 teneo,
619 3177 645 3236 si
668 3175 767 3237 verbis
798 3175 963 3238 voluissem
1003 3183 1057 3247 aut

130 3263 162 3331 vi
180 3261 360 3341 compesci?
383 3259 444 3323 Sed
466 3261 539 3320 satis
561 3261 647 3323 heec.
679 3259 725 3320 Tu
746 3260 869 3323 interim
889 3259 980 3337 vale,
1010 3260 1056 3332 vir

132 3343 484 3508 oppmevqptetrinqqqtgqe,
506 3406 587 3489 anuo
610 3398 734 3494 Domini
754 3428 795 3489 Μ.
817 3427 855 3488 D.
876 3425 942 3491 XX.

432 3647 698 3669 ''hu—m
