2346 4208
352 239 360 253 ’
429 273 447 310 a
458 248 748 328 -ntstarttshxcepta-
807 274 811 279 ·
999 254 1046 323 ὁὸ

143 420 147 425 ’
199 443 360 523 Loquetur
382 440 414 504 S.
435 461 518 522 papa
538 448 570 503 et
590 462 664 506 mar.
687 442 873 522 Anacletus,
902 445 954 524 qui
982 460 1045 506 ncn

124 525 394 608 aqnadringeniis
425 526 514 587 aunis
541 526 737 607 frigidissima
759 527 891 589 Decreta
919 544 1047 608 compc-
1115 545 1117 549 ·

124 612 189 690 snit
209 609 268 685 sed
291 628 311 669 a
334 608 462 669 milleet
482 608 821 690 quadringentistannis
842 611 886 671 ita
905 612 1046 672 intonat-2

123 694 328 757 Samosancta
357 691 499 753 Romana
520 701 552 752 et
573 694 747 773 apostolica
769 692 902 754 ecclesia
921 712 985 755 non
1008 692 1047 754 ab

122 776 295 858 apostolis,
318 774 374 836 sed
395 774 434 835 ab
455 776 524 855 ipsc
546 776 681 837 Dcminc
703 784 736 837 et
756 776 918 838 salvatore
940 784 1047 838 nostro

123 861 285 941 primatum
324 857 469 927 obtinuit,
500 859 578 918 sicut
600 858 633 920 B.
656 860 747 919 Petro
760 900 763 907 ι
778 860 923 940 apostolo
956 859 1047 920 dixit:

123 944 165 1004 Tu
186 963 221 1004 ea
245 942 366 1016 Petrus,
389 947 421 999 et
442 959 534 1019 super
555 941 636 1001 hanc
654 950 781 1021 petram
805 951 863 1005 etc.
895 943 935 1004 Eli
955 942 1049 1007 infra:

123 1025 203 1087 llaec
214 1031 323 1086 autem
333 1023 615 1101 apostolicasedcs
633 1032 726 1104 caput
737 1025 886 1101 et-cardc,
909 1035 942 1086 ut
961 1045 1049 1109 prae·

124 1109 213 1170 arum
231 1114 291 1185 est,
313 1105 491 1184 aDcminc,
514 1114 546 1168 et
562 1126 626 1168 non
648 1107 687 1167 ab
710 1109 778 1168 aliis
800 1110 968 1170 constituta
991 1117 1047 1172 est.

122 1191 355 1253 liansl‘erentnr
369 1189 399 1263 ¹)
416 1188 495 1249 haec
506 1190 601 1252 verba
615 1209 682 1251 can.
698 1190 904 1252 Sacrcsancta
915 1195 964 1256 22.
978 1192 1048 1254 dist.

199 1274 250 1335 lta
271 1272 302 1334 S.
325 1271 488 1333 Marcellus
510 1275 539 1335 4.
559 1280 631 1335 ante
653 1272 833 1334 silvestrum
857 1269 925 1335 canJ
945 1276 1049 1356 Roga-

123 1376 200 1436 mus,
221 1357 274 1420 24.
298 1374 326 1433 q.
351 1357 378 1417 1.
411 1355 518 1416 smibit
542 1356 706 1435 Episcopis
728 1357 950 1434 Antiochenis,
978 1359 1050 1418 licet

121 1442 216 1521 prima
239 1437 332 1498 sedes
354 1437 446 1498 fuerit
465 1439 548 1518 apud
571 1439 791 1517 Antiochiam,
812 1441 966 1521 posterius
988 1441 1049 1502 Dc·

124 1526 201 1585 nino
224 1521 355 1583 iubente
377 1521 508 1603 Rumam
531 1522 678 1583 translata
700 1529 755 1583 est.
779 1522 830 1583 Sic
845 1523 884 1585 -Β,
907 1523 1007 1584 Julius
1019 1528 1048 1589 3.

123 1625 149 1686 q.
167 1610 197 1672 6.
229 1623 299 1665 can.
326 1604 361 1665 B.
384 1603 508 1681 Petrus,
537 1624 556 1664 a
584 1605 706 1665 Ohristc
728 1611 858 1666 testatur
885 1606 1048 1667 ecclesiam
1098 1659 1106 1684 ,

125 1689 299 1751 Rornanam
321 1685 435 1750 hahere
456 1688 640 1767 primatum,
663 1693 695 1748 et
715 1707 785 1762 esse
808 1697 900 1768 capnt
920 1690 1048 1751 aliarum

124 1772 333 1834 ecclesiarum.

200 1854 257 1916 Sic
278 1851 421 1931 Pelagius
451 1870 532 1931 papa
562 1871 625 1913 non
656 1871 676 1912 a
697 1853 930 1934 quadringentis
949 1856 1050 1935 annis,

121 1938 173 2000 aad
193 1935 365 2017 nongentis
389 1940 420 1994 et
441 1935 490 1997 28.
514 1934 544 1996 S.
567 1935 688 1995 Patrnm
710 1943 832 1998 secutus
854 1939 1050 2016 sententiam,

121 2021 214 2082 rerba
237 2017 367 2081 Christi:
400 2017 441 2076 Et
467 2036 558 2097 super
589 2018 669 2079 hanc
699 2026 817 2099 petram
852 2029 922 2084 eta·
938 2020 1049 2081 ecdem

122 2103 213 2165 modo
255 2103 385 2180 accepit.
414 2100 494 2160 Hinc
531 2102 610 2161 inter
635 2101 798 2163 damnatos
829 2110 860 2163 et
887 2104 1050 2182 pestiferos

124 2205 243 2248 errores
263 2184 414 2244 iohannis
427 2182 564 2243 Vickleff
585 2183 745 2244 damnatus
768 2194 815 2245 est
837 2192 868 2246 et
888 2187 955 2246 ille:
980 2187 1049 2247 Non

126 2279 169 2331 est
196 2269 241 2329 de>
265 2267 450 2326 necessitate
479 2267 584 2326 salutis
619 2268 745 2327 credere
766 2269 854 2328 Rom.
887 2270 1049 2329 ecclesiam

127 2372 192 2413 esse
215 2369 391 2430 supremam
413 2351 492 2407 inter
515 2350 600 2409 alias.
625 2349 676 2410 Sic
697 2352 776 2410 inter
798 2353 975 2430 pestilentes
997 2354 1051 2412 Jo-

127 2437 234 2496 hannis
257 2433 340 2492 Huss
363 2451 482 2492 errores
504 2433 555 2493 ille
578 2452 701 2511 quoque
724 2442 974 2495 connumeratur:
998 2436 1051 2494 Pe-

128 2528 186 2578 trus
209 2537 272 2577 ncn
288 2521 335 2575 est
357 2533 414 2574 nec
436 2514 491 2573 fnit
506 2523 598 2594 caput
610 2517 768 2576 Romanae
783 2518 941 2578 Ecclesiae
956 2518 986 2580 S.
1004 2537 1052 2577 ca-

127 2602 268 2663 tholicae.
290 2597 330 2658 Et
341 2598 435 2657 clius:
457 2597 526 2659 Non
539 2605 586 2658 est
602 2600 735 2659 scintilla
745 2603 955 2679 apparentiae,
970 2601 1052 2679 quod

128 2689 269 2764 oporteat
299 2700 368 2741 esse
397 2700 489 2740 unum
520 2689 613 2760 caput
647 2684 677 2742 in
713 2684 920 2762 spiritualibus
941 2704 1052 2764 regens

129 2767 310 2842 ecelesiam,
350 2763 435 2842 quod
457 2783 580 2844 semper
601 2767 632 2823 in
654 2766 804 2826 militante
827 2768 959 2826 ccclesia
982 2782 1053 2826 aon-

129 2855 277 2911 versetur.
650 2896 653 2903 .

208 2931 265 2991 Et:
287 2930 350 2991 leta
363 2928 484 3009 papalis
507 2928 638 3008 dignitas
659 2931 818 2991 aCaesare
839 2932 976 2991 inclevit.
998 2931 1051 2991 Et:

129 3017 231 3096 Papae
253 3013 421 3094 praelectio
450 3018 481 3071 et
508 3013 658 3072 institutio
692 3034 710 3072 a
734 3014 869 3074 Caesare
891 3017 1054 3074 emanavit.

128 3100 172 3159 lta
193 3095 372 3158 Bonifacius
400 3097 430 3157 8.
463 3095 607 3155 haereses
635 3096 846 3156 condemnans
874 3096 1054 3176 Lugdunen-

130 3184 205 3242 sium
239 3186 348 3240 contra
369 3197 503 3238 errorem
526 3197 631 3238 eorum
654 3179 809 3259 decernit,
844 3199 913 3239 esse
944 3181 982 3239 de
1005 3200 1055 3239 ne·
1099 3225 1101 3228 >

131 3266 275 3325 cessitate
299 3262 424 3338 salutis,
452 3280 574 3320 omnem
605 3261 772 3322 humanam
797 3271 966 3323 creaturam
989 3263 1057 3323 sub-

131 3367 198 3407 esse
221 3347 313 3406 Rcm.
336 3341 487 3405 Pontifici.
511 3344 552 3404 Ut
573 3363 665 3423 super
686 3347 747 3406 hoc
768 3346 899 3406 hahetur
921 3345 1058 3407 decreta·

132 3432 184 3490 lis:
214 3429 316 3489 Unam
350 3435 507 3500 sanctam,
546 3427 657 3487 dchan.
681 3429 804 3506 quomis
834 3429 1057 3492 euhemerum

132 3512 256 3573 Marcilii
279 3510 416 3569 Paduani
439 3509 668 3589 condemnans,
696 3512 776 3570 hunc
803 3531 929 3590 quoque
956 3531 1058 3592 repro-

139 3703 558 3718 ww

167 3820 197 3883 l)
219 3814 368 3882 hcescher,
388 3810 451 3869 Act.
471 3813 523 3866 lh:
542 3810 768 3870 transcribantur,
