2346 4208
127 243 191 313 174
296 222 300 229 ’
334 246 487 317 carpasso
504 247 614 318 lipsiae
630 248 726 303 mua
742 262 769 303 a.
787 246 850 303 x1x

130 432 205 512 quid
224 432 304 493 haec
326 431 482 495 verbali.
505 431 541 491 D.
564 431 670 508 velint,
698 450 766 493 auur
781 433 856 495 siue
878 432 974 497 dubio
996 452 1045 515 pst

127 535 246 596 poenas
266 534 323 596 pro
348 516 483 596 peccatis
512 513 632 575 debitas
653 515 829 596 intelligant
863 514 974 595 c'mnas
1009 517 1045 577 la

127 599 217 661 bores
239 598 474 675 satisfactionis,
503 617 582 677 quae
604 600 693 658 tertia
719 618 792 679 pars
813 606 861 660 est
890 600 1045 681 poeniten·

128 684 198 745 tiae.
241 681 326 743 lutor
349 699 426 761 quos
448 687 532 745 certe
553 688 625 741 sunt
645 680 728 742 bona
748 700 854 761 opera,
875 683 1045 763 eleemosy·

127 784 196 844 nae,
220 766 389 843 orationes,
410 764 534 834 ieiunia,
556 764 681 844 vigiliae
702 772 733 825 et
754 764 873 829 similia
896 762 1044 845 acquod

128 855 176 911 est
198 867 362 928 expressus
384 854 486 907 textus
509 846 561 908 lib.
584 852 613 911 5.
636 865 719 925 cup:
756 847 833 909 (lum
855 867 896 909 ex
910 868 975 927 eo,
997 846 1045 911 ubi

127 951 211 1012 papa
245 929 336 1008 dicit,
370 948 426 1010 per
456 929 638 991 indiscretas
667 929 874 1011 indulgentias
907 931 1044 993 enervari

127 1013 382 1094 poenitentialem
404 1012 670 1090 satisfactionem,
693 1022 724 1073 et
745 1033 853 1075 omnes
874 1014 986 1077 Bullaa
1006 1014 1045 1077 in

127 1096 353 1177 dulgentiarum
376 1095 473 1157 ferme
494 1095 576 1157 hanc
590 1095 758 1157 clausulam
780 1096 912 1159 habant:
935 1098 982 1161 De
1002 1098 1045 1159 iu·

126 1181 237 1241 iunctis
259 1179 456 1259 poenitentiis
479 1178 663 1239 relaxamus.
1035 1238 1039 1243 ,

190 1262 251 1325 Sed
264 1281 333 1344 age,
354 1261 438 1339 dato,
460 1261 544 1340 quod
567 1267 672 1325 essent
682 1280 804 1342 poenae
817 1267 849 1325 ct
863 1281 929 1325 non
942 1280 1043 1344 opum

127 1346 209 1407 dioc*
221 1347 308 1425 peius
332 1363 411 1424 esse,
433 1347 546 1407 remitti
566 1363 702 1425 poenas,
724 1363 816 1423 quam
838 1364 950 1425 opera,
976 1364 1044 1409 cun

131 1431 197 1490 vita
216 1431 342 1509 passiva
369 1434 402 1489 et
429 1446 571 1507 poenosa
599 1427 668 1507 plus
699 1426 838 1507 perficiat
867 1436 920 1491 aut
935 1430 1044 1510 ¹prosit,

129 1531 221 1592 quam
252 1530 337 1571 mere
364 1512 480 1587 activa,
519 1518 553 1570 ut
573 1510 742 1591 Apostolus
772 1513 797 1573 2.
826 1509 965 1574 Corinth,
993 1513 1043 1575 12:

130 1596 206 1656 (ium
229 1593 386 1672 infirmor,
407 1602 480 1653 tuno
500 1594 608 1654 fortior
629 1613 706 1653 suin.
749 1593 854 1655 Purius
884 1603 933 1657 est
965 1596 1041 1657 enirn

129 1697 225 1758 opus,
262 1676 346 1757 quod
368 1676 437 1739 solo
458 1677 528 1737 Deo
552 1684 718 1755 operante,
739 1677 829 1739 nobis
850 1677 1043 1756 patientibus,

125 1760 295 1842 perficitur,
317 1779 407 1840 quam
431 1759 513 1838 quod
536 1758 626 1820 uobis
648 1759 886 1840 cooperantibus
907 1759 1042 1841 efficitur,

124 1848 210 1906 iuxta
231 1843 305 1905 illud
326 1844 474 1903 Deutero.
496 1845 551 1908 32:
583 1840 652 1922 Ego
674 1844 841 1921 percutiam
864 1850 897 1905 at
916 1844 1042 1921 sanabo,

126 1928 265 1989 occidam
289 1935 322 1986 et
341 1923 515 1988 vivificabo.
534 1924 636 1999 Quare
657 1924 697 1985 ad
719 1945 843 1987 sensum
868 1928 989 2008 egregii
1007 1926 1042 1991 la

124 2011 162 2073 D.
185 2012 273 2092 plura
294 2007 428 2069 absurda
448 2018 617 2086 sequuntur
637 2029 677 2071 ex
707 2008 924 2089 indulgentiis,
953 2028 1040 2089 quam

124 2093 163 2155 ad
192 2112 293 2153 meum
323 2111 465 2169 sensum,
493 2098 525 2152 et
550 2111 625 2151 sane
656 2093 783 2169 nescio,
813 2112 853 2153 an
885 2093 1041 2155 verissimo

124 2176 236 2238 dicam.

185 2256 337 2336 Secundo,
360 2276 423 2318 non
445 2263 551 2337 potest
572 2256 772 2335 concordare,
798 2257 881 2336 quod
903 2256 978 2336 dixi,
1001 2258 1040 2321 iu·

122 2343 296 2424 dulgentias
309 2341 408 2403 solum
416 2341 511 2421 pigris
520 2341 695 2419 essedatas,
716 2348 890 2403 etoauones
905 2341 1041 2403 similiter

123 2433 239 2487 tautum
252 2425 348 2504 pigris
358 2425 531 2503 impositos.
543 2423 636 2486 Dico:
648 2422 718 2484 Non
727 2424 851 2487 memini
860 2423 1039 2503 macinae,

123 2527 260 2571 canones
283 2527 354 2569 esse
375 2508 469 2588 pigris
491 2508 676 2586 impositos,
698 2508 725 2567 si
745 2515 848 2571 autem
871 2506 945 2586 dixi,
975 2524 1040 2567 sau·

121 2612 173 2654 sus
196 2609 281 2653 meus
303 2599 360 2673 est,
381 2589 466 2669 quod
486 2591 602 2650 streuui
625 2596 656 2649 et
675 2589 830 2652 ferventes
850 2591 918 2653 sive
937 2590 1040 2671 poeni·

122 2684 221 2737 tentas
242 2675 311 2756 plus
332 2674 457 2751 faciunt,
478 2691 570 2751 quam
594 2691 730 2735 canones
751 2673 888 2753 exigunt.
1001 2728 1004 2735 .

204 2758 326 2835 Tertio,
354 2755 513 2817 contendit
544 2775 597 2817 eas
619 2774 688 2817 esse
709 2757 899 2817 nodomarius
928 2755 968 2820 ud
996 2775 1040 2819 sa·

122 2842 242 2919 lutem,
265 2841 337 2920 quia
359 2837 484 2920 expedit
506 2857 615 2918 nosse,
637 2858 676 2898 au
698 2846 911 2920 promoveant,
934 2858 1041 2917 neone,

121 2924 161 2985 ad
184 2924 324 2986 salutem.
909 2926 915 2946 '

204 3008 270 3067 Etsi
292 3025 355 3066 nou
378 3005 518 3084 fateatur,
541 3004 732 3063 necessarias
755 3022 823 3064 esse
847 3004 1038 3083 adsalutem,

120 3091 247 3173 expedit
273 3098 376 3149 tamen
405 3088 504 3167 scire,
537 3092 743 3166 promoveant
768 3086 807 3147 a'd
836 3086 967 3149 salutem
997 3094 1040 3167 ¹),

120 3188 230 3236 necne.
272 3169 480 3252 Respondeo:
504 3188 562 3230 neo
583 3171 643 3229 hoc
665 3175 713 3230 est
721 3170 928 3230 necessarium
951 3170 1040 3249 s'cire,

121 3258 176 3319 sed
199 3260 225 3317 si
248 3262 396 3316 nocerent
418 3253 523 3333 saluti,
552 3271 614 3313 uon
646 3252 728 3312 enim
757 3261 805 3315 est
832 3255 1038 3315 necessarium

5 3368 8 3375 ·
119 3343 198 3402 scire
220 3359 282 3401 non
306 3337 482 3407 necessaria
503 3336 542 3396 ad
565 3334 705 3396 salutem.

202 3424 299 3500 Iteru,
322 3419 404 3503 quod
427 3421 563 3497 interest,
585 3438 624 3478 an
647 3438 729 3501 papa
749 3438 804 3505 per
824 3418 934 3480 merita
954 3419 1038 3481 curi-

119 3510 157 3569 sti
201 3508 277 3568 osait
298 3504 467 3583 remittere,
496 3503 602 3563 nescio
629 3523 668 3562 an
691 3503 818 3563 intersit.
854 3502 1037 3564 Demetitis

121 3528 233 3654 Christi
256 3596 374 3671 postea.
578 3590 581 3595 '
655 3582 669 3605 '·

173 3773 200 3841 1)
221 3773 250 3824 lu
270 3769 315 3826 cd.
335 3773 449 3841 origin:
476 3772 662 3840 promoveant
676 3764 803 3857 'salutem'
816 3778 932 3861 poprie.¹
989 3840 993 3853 Ι
