2346 4208
115 242 178 313 268
376 248 467 301 ltesol.
488 248 514 300 l,
534 263 618 314 super
637 222 846 313 proposition

116 434 283 512 iudieetur3
304 453 395 514 prese
408 454 483 515 ergo
500 444 570 515 ppst
591 437 737 497 iustitiam
755 435 885 516 indiget,
907 439 941 495 ut
960 452 1028 513 quaa

117 518 317 579 suenumbere
339 518 478 578 disnussa
498 526 631 598 poterat,
652 540 691 579 ex
711 519 781 581 sola
800 517 911 579 iudiois
925 518 1028 598 pietate

118 601 325 663 convalescat.

199 684 315 759 Quarto
343 682 472 745 ibidem:
515 685 653 745 Verebar
683 685 788 745 omnia
818 702 919 763 opera
955 700 1025 756 mae,

115 770 215 827 sciens
237 769 308 847 quia
332 786 394 826 non
417 768 517 846 parcis
539 767 738 847 delinquenti.
777 767 859 827 Eone
880 766 929 827 vir
949 782 1039 847 sano*

116 857 164 911 tus
186 852 216 911 in
240 850 384 930 operibus
409 850 551 912 omnibns
583 870 645 911 non
676 850 764 911 malis
788 849 889 931 (quae
910 866 973 910 non
992 848 1027 909 b

117 934 218 996 ciebat
239 940 384 1001 sanetus,
408 940 442 993 nt
462 941 589 994 testatur
610 934 759 995 Dominus
781 933 821 994 de
843 951 882 993 eo
904 933 937 993 in
958 932 1031 1012 prin·

116 1018 197 1096 eipio
219 1015 306 1091 libri)
332 1017 418 1077 timet
439 1023 470 1077 et
491 1017 658 1096 deliquisse
681 1037 715 1078 se
736 1017 844 1092 sentit,
874 1034 914 1076 ao
943 1015 1031 1077 minu

115 1100 235 1161 fecisse.
276 1099 319 1159 lbi
349 1099 517 1180 Gregorius
539 1099 628 1161 dioit:
663 1100 751 1175 Quae
778 1106 886 1179 aperte
915 1098 1031 1179 egerin,

115 1182 217 1254 video,
240 1182 294 1241 sed
317 1181 387 1261 quid
410 1184 493 1242 intus
514 1182 646 1243 latenter
667 1183 853 1263 pertulerim,
875 1183 994 1262 igumo.

199 1265 314 1340 Quinto
336 1264 469 1326 ibidem:
497 1264 530 1326 Si
551 1266 691 1327 fulserint
713 1265 797 1327 velut
818 1264 1030 1325 mundissimae

117 1368 225 1408 manus
243 1367 339 1426 meae,
361 1347 615 1409 tamensordibus
630 1351 730 1429 tinges
745 1369 794 1409 me
810 1357 870 1409 eto.
892 1347 1031 1428 erogas:

117 1431 197 1506 Quia
210 1449 372 1510 quousque
382 1450 485 1511 poena
499 1433 705 1512 eorruptionis
718 1432 926 1513 astringimur,
948 1449 1031 1509 qusu-

118 1514 258 1575 tumlibet
278 1514 370 1574 reatin
400 1513 561 1593 operibus,
590 1535 693 1576 veram
723 1515 903 1575 munditiam
926 1531 1029 1591 nequa·

116 1616 206 1676 quam
217 1596 489 1677 apprehendimus,
504 1596 558 1658 sed
571 1599 734 1659 imitamur.
756 1598 906 1659 Eltinfra:
930 1595 1031 1671 Quan-

116 1682 162 1749 vis
192 1700 246 1760 per
273 1680 374 1740 studia
400 1689 484 1740 reete
512 1682 702 1760 operationis
730 1700 893 1757 exornent,
922 1680 955 1741 in
987 1685 1031 1739 bre

118 1769 221 1824 tamen
237 1764 355 1826 ‚notitia
375 1761 482 1838 video,
505 1764 576 1843 quia
598 1765 728 1824 mundus
750 1783 812 1824 non
836 1782 916 1825 sum.
948 1760 988 1823 nt
1004 1760 1030 1821 iu

117 1846 178 1907 flue
222 1845 397 1907 Moralium:
439 1846 514 1921 Quis
545 1847 624 1907 inter
660 1848 721 1907 ista
755 1854 897 1908 remanet
933 1844 1031 1907 salutis

116 1929 215 2009 loeus,
241 1928 365 2008 quando
386 1934 417 1989 et
439 1929 520 1989 male
542 1937 650 1991 nostra
670 1949 747 2010 pura
769 1929 851 1991 mala
868 1928 1033 2007 sintl),et

117 2012 199 2072 bona
220 2018 335 2089 nostra,
358 2031 436 2091 quae
458 2031 516 2072 nos
537 2011 652 2074 habere
673 2012 835 2090 oredimus,
857 2032 936 2093 pura
957 2012 1031 2073 bons

118 2115 189 2155 esse
212 2114 404 2175 nequaqnam
427 2104 567 2176 possunt.

200 2178 295 2237 Vides
328 2197 425 2275 ergo,
456 2197 547 2238 omne
577 2196 656 2258 opus
685 2178 799 2238 bonnm
829 2197 902 2238 esse
928 2177 1030 2258 partin

119 2260 242 2338 malum,
265 2262 387 2321 etiam
379 2281 410 2321 rn
434 2262 526 2321 tantis
547 2262 629 2322 viris.
652 2261 717 2321 lmo
733 2259 816 2338 quod
838 2260 973 2341 amplius
991 2264 1033 2319 eet

117 2350 149 2404 et
170 2342 318 2420 mirabile,
341 2332 498 2422 quomodo
521 2350 625 2423 potest
645 2350 806 2421 utrumque
830 2363 938 2405 verum
960 2360 1032 2419 esse,

117 2425 201 2504 quod
225 2426 285 2486 Job
329 2445 397 2485 sese
425 2424 587 2486 confitetur
621 2432 824 2524 peecatorem
855 2446 913 2507 per
943 2432 1032 2489 totum

118 2509 244 2586 librum,
273 2527 363 2587 quem
386 2509 507 2568 Deus
499 2528 530 2569 m
553 2511 703 2589 principio
734 2510 846 2570 eximie
875 2509 982 2571 laudat
1006 2514 1034 2568 et

116 2592 229 2652 iustum
252 2591 457 2671 pronunciat?
479 2592 588 2672 Neque
610 2594 690 2653 enim
703 2593 786 2654 Dens
810 2594 966 2668 mentitur,
987 2610 1031 2652 ue

117 2693 177 2753 que
198 2674 258 2735 Job
293 2675 452 2751 mentitur,
482 2692 573 2753 quem
602 2696 663 2736 nnn
689 2677 842 2737 mentiens
865 2676 951 2737 Deus
984 2674 1032 2735 uti·

117 2776 177 2836 qne
198 2758 237 2817 de
259 2759 388 2817 veritate
410 2757 524 2818 laudat.
566 2758 623 2819 Est
651 2777 725 2837 ergo
748 2760 908 2819 verissime
931 2776 1033 2840 peno·-

116 2847 164 2900 tor
184 2840 260 2917 lob,
289 2841 368 2901 siout
392 2860 463 2901 vere
484 2841 662 2920 confitetur,
694 2850 741 2901 est
763 2844 855 2903 etiam
878 2842 1031 2903 verissime

115 2925 221 3000 iustus,
244 2925 323 2983 siout
343 2924 426 2983 Deus
448 2943 517 2985 eum
541 2924 746 2986 sommendat.
770 2925 939 3001 Quomodo
961 2924 1031 2985 baso

58 3058 69 3071 ,
116 3006 321 3066 convenient?
342 3008 400 3066 nisi
422 3007 503 3087 quod
517 3027 624 3067 revera
642 3006 867 3088 pedoatorfuit,
887 3007 945 3071 sed
967 3006 1030 3069 sols

116 3089 173 3149 Dei
197 3092 377 3170 ignoscente
401 3090 610 3150 misericordia
632 3092 737 3151 iustus.

198 3173 311 3232 Dieunt
332 3183 433 3233 autem
455 3174 506 3233 hie
527 3173 667 3253 quidam·
697 3174 809 3233 Verum
832 3172 959 3251 quidem
980 3176 1030 3245 ael,

116 3254 218 3315 nullus
240 3263 288 3314 est
319 3257 431 3332 iustus,
460 3257 484 3315 si
511 3275 580 3316 oum
602 3257 657 3317 Dei
687 3256 802 3319 iudicio
834 3262 1030 3336 eomparstur,

116 3341 178 3397 imo
200 3339 350 3416 inquiunt,
373 3340 417 3397 sie
439 3358 496 3397 neo
518 3340 650 3420 augeli'
643 3346 703 3400 rust
705 3340 712 3397 i
730 3347 808 3399 sunt.
839 3337 1029 3418 Respondet·

115 3420 184 3482 Hos
205 3421 345 3482 ultimum
367 3421 579 3501 blasphemum
602 3429 664 3500 est,
694 3423 765 3501 quia
786 3422 870 3481 Deus
891 3418 1028 3483 mirabilis

116 3511 164 3565 est
183 3505 214 3563 in
238 3503 336 3564 beatis
361 3508 412 3579 (ut
434 3506 603 3584 Apostolus
627 3468 688 3588 sil)
712 3524 771 3566 neo
791 3523 899 3567 eorum
922 3502 1027 3566 insutis

152 3772 183 3837 1)
205 3771 235 3825 ln
258 3770 300 3827 ed.
320 3773 406 3842 orig.:
426 3776 500 3828 sunt.
