2346 4208
308 238 344 293 ad
363 240 422 297 Ich.
442 239 716 313 oecolampadinm..
915 241 994 309 487.Ι

53 424 116 487 Sed
137 425 256 507 placuit
277 428 509 507 nugaritcoum
532 428 738 504 amicissimo,
766 427 925 507 eaque-de
948 448 1008 499 rc„-

53 528 145 589 quam
170 511 406 590 exspectatione
429 512 562 585 maiore,
602 529 692 589 quam
722 509 819 570 fructu
842 510 892 570 ai
914 513 981 592 ipse
1007 582 1012 593 Ι

53 592 130 654 vidia
171 591 218 652 [le
250 591 425 655 huiusmodi
461 592 735 674 disceptationibus
767 531 1001 672 plausiirilibusr'

53 673 128 756 quid
151 675 203 735 alii
225 677 376 754 sentiant,
409 678 535 756 nescio,
568 676 641 738 mihi
663 677 785 755 quidem
808 676 1009 757 periculosa„

54 758 207 821 videntur.
250 758 379 840 Ingenia
413 760 616 821 eruditionem
649 761 763 821 variam
788 767 818 821 et
838 760 981 841 multipli-

55 861 142 903 cem.
159 840 330 903 doctrinam
365 843 426 903 hoc
461 843 580 904 theatro
615 849 809 904 ostentarunt
840 844 907 922 isti,
942 837 1010 905 ex'

55 922 166 1006 quibus
198 924 246 1001 *ad
278 926 424 1006 pietatem
466 935 499 986 ut
538 925 668 1006 plurima
706 925 794 987 fieret
831 927 981 1001 accessio,

55 1009 200 1088 optarim.
792 1077 794 1080 Α

131 1089 283 1159 'Ceterum
306 1088 390 1170 apud
422 1111 479 1152 nos
502 1110 634 1172 magnae
656 1090 852 1152 admirationi
875 1093 981 1172 pletis*
1007 1090 1009 1094 ’

54 1192 117 1255 qpe
139 1171 195 1233 luit
214 1171 326 1234 Eccius
350 1172 390 1234 ob
413 1175 513 1234 varias
536 1184 566 1234 et
587 1175 724 1254 insignes
746 1175 862 1254 ingenii
883 1173 981 1236 dotes.

54 1255 304 1317 Oarolostadium
336 1252 537 1338 descriptis,
571 1256 683 1332 credo,
718 1258 845 1335 novisti,
881 1258 980 1319 bonus

55 1345 107 1401 est
142 1341 227 1417 vir„
251 1347 282 1400 et
315 1360 384 1400 rara
417 1340 572 1418 doctrina,
612 1340 765 1424 planeque
801 1359 863 1401 non
905 1341 980 1402 nihil

55 1427 144 1483 extra
167 1420 251 1503 vulgi
274 1421 374 1484 aleam
399 1423 544 1484 eruditus.
588 1424 621 1482 ln
644 1422 778 1483 Luthero
801 1423 896 1504 longo
919 1425 979 1486 iam

55 1525 115 1565 usu
161 1503 234 1565 mihi
257 1504 462 1582 *familiariter
501 1507 627 1587 cognito
678 1507 770 1565 vivax
814 1506 1005 1586 ingenium,-

55 1586 261 1650 eruditionem
296 1595 326 1648 et
362 1589 537 1649 facundiam
574 1588 727 1663 admiror‚
768 1587 920 1649 sincerum
952 1595 984 1648 et
1035 1640 1040 1647 .

53 1690 131 1752 pure
155 1669 360 1732 Christianum
394 1674 529 1732 animum
562 1691 624 1732 non
661 1690 787 1751 possum
818 1691 881 1732 non
912 1671 1005 1733 dea'

57 1773 151 1815 mare.

140 1835 256 1898 Amicis
280 1837 497 1897 communibus
531 1858 570 1898 ex
600 1836 690 1899 nobis
723 1835 852 1897 salutem
876 1835 981 1903 dicito.

56 1921 124 1982 Scis
165 1918 248 1999 quod
290 1918 349 1979 dici
390 1922 516 1982 Graecis
555 1920 648 1991 solet,
694 1919 842 2000 πολέμου
882 1917 982 1983 καινὰ

54 2000 176 2067 πολλά.
221 2000 323 2077 Quare
345 2022 408 2062 non
432 2010 496 2082 est,
520 2010 552 2064 ut
575 2004 613 2064 de
635 2004 723 2064 huius
748 2002 982 2082 disceptationis

56 2092 170 2147 eventu
194 2104 295 2163 neque
317 2085 434 2163 fernae,
470 2107 570 2166 neque
593 2089 647 2162 iis,
681 2087 733 2164 qui
762 2087 792 2145 in
823 2105 861 2146 ea
882 2085 982 2145 famae

55 2169 254 2245 studuerunt,
292 2170 396 2229 onrnia
430 2169 545 2232 credas.
598 2170 690 2244 Vale,
731 2169 982 2248 Vuittembergae

55 2252 107 2317 21.
129 2251 208 2329 runi,
229 2251 322 2312 Anno
348 2255 436 2316 roro.

298 2455 526 2520 Excusatio
548 2453 741 2519 Iohannis

56 2629 145 2689 Eccii
172 2626 210 2687 ad
240 2646 277 2685 ea
301 2644 379 2704 quae
400 2625 478 2683 salso
503 2623 558 2682 sibi
582 2622 740 2701 Philippus
762 2622 981 2682 Melanchthon

81 2711 310 2771 Grammaticus
341 2706 638 2785 Vuittembergensis
660 2725 751 2783 super
786 2704 963 2783 theologica

255 2792 463 2871 disputatione
485 2790 606 2868 Lipsica
630 2788 801 2866 adscripsit.

114 2955 318 3016 lohannes
340 2956 487 3014 Ecoius
519 2951 700 3013 Candido
722 2952 879 3012 Lectori
903 2952 933 3012 S.

145 3111 223 3170 Dum
246 3110 277 3168 in
299 3109 382 3169 felici
404 3109 543 3187 Lipsensi
566 3107 736 3187 Gymnasio
760 3125 829 3166 cum
853 3105 884 3168 P.
907 3105 983 3165 Mar·

60 3196 126 3254 tino
149 3193 294 3254 Lutheror
313 3200 344 3252 et
365 3192 491 3251 Andrea
513 3191 729 3252 Carolostadio
761 3209 852 3269 super
881 3188 983 3248 arduis

59 3277 153 3337 rebus
176 3277 362 3355 theologicis
387 3276 610 3354 disputassem„
646 3282 738 3352 atque
772 3280 873 3332 actum
902 3277 985 3331 esset

61 3380 118 3441 per·
140 3360 337 3418 illustrissimi
368 3359 515 3436 Principis
537 3358 572 3419 D,
599 3356 725 3436 Georgii
748 3356 902 3416 Saxoniae
925 3355 983 3414 Du·
1010 3402 1013 3417 .

62 3446 189 3504 cis-etc.
220 3450 250 3502 et
276 3442 489 3502 Universitatis
511 3441 667 3518 Lipsensis
691 3439 908 3508 Gonsiliarios,
946 3456 985 3496 ne

62 3527 132 3606 quis
144 3526 299 3605 disputata
310 3533 417 3586 nostra
427 3523 747 3602 perchaloographum
762 3521 984 3597 disseminaret,
1008 3561 1011 3566 .

62 3618 229 3688 antequam
262 3628 317 3688 per
347 3607 529 3686 deligendos
565 3605 682 3666 iudices
714 3611 796 3663 esset
818 3604 985 3680 decretum,

62 3693 131 3772 quis
155 3699 291 3751 nostrum
315 3690 387 3750 fidei
403 3690 593 3750 Christianae
612 3692 822 3748 consentanea
842 3694 894 3745 aut
911 3706 985 3766 pug-

63 3777 176 3847 nantia.
215 3775 341 3855 diceret,
401 3793 492 3853 ausus
536 3778 584 3831 est
621 3776 724 3831 tamen
759 3768 985 3856 Grammaticus
