<?xml version="1.0" encoding="UTF-8"?>
<!DOCTYPE html PUBLIC "-//W3C//DTD XHTML 1.0 Transitional//EN"
    "http://www.w3.org/TR/xhtml1/DTD/xhtml1-transitional.dtd">
<html xmlns="http://www.w3.org/1999/xhtml" xml:lang="en" lang="en">
 <head>
  <title>
</title>
<meta http-equiv="Content-Type" content="text/html;charset=utf-8" />
  <meta name='ocr-system' content='tesseract 3.04.00' />
  <meta name='ocr-capabilities' content='ocr_page ocr_carea ocr_par ocr_line ocrx_word'/>
</head>
<body>
  <div class='ocr_page' id='page_1' title='image "./dmartinilutheri04luthgoog_0950.png"; bbox 0 0 2346 4208; ppageno 0'>
   <div class='ocr_carea' id='block_1_1' title="bbox 315 243 1042 316">
    <p class='ocr_par' dir='ltr' id='par_1_1' title="bbox 315 243 1042 316">
     <span class='ocr_line' id='line_1_1' title="bbox 315 243 1042 316; baseline -0.004 -13"><span class='ocrx_word' id='word_1_1' title='bbox 315 252 412 303; x_wconf 85' lang='lat' dir='ltr'>contra</span> <span class='ocrx_word' id='word_1_2' title='bbox 429 245 649 305; x_wconf 23' lang='lat' dir='ltr'>Antinomossde</span> <span class='ocrx_word' id='word_1_3' title='bbox 668 247 848 316; x_wconf 81' lang='lat' dir='ltr'>poenitentia.</span> <span class='ocrx_word' id='word_1_4' title='bbox 978 243 1042 310; x_wconf 72' lang='grc'>425</span> 
     </span>
    </p>
   </div>
   <div class='ocr_carea' id='block_1_2' title="bbox 120 434 1049 3585">
    <p class='ocr_par' dir='ltr' id='par_1_2' title="bbox 120 434 1044 582">
     <span class='ocr_line' id='line_1_2' title="bbox 120 434 1044 517; baseline -0.001 -21"><span class='ocrx_word' id='word_1_5' title='bbox 120 436 161 498; x_wconf 92' lang='lat' dir='ltr'>sit</span> <span class='ocrx_word' id='word_1_6' title='bbox 183 435 273 499; x_wconf 91' lang='lat' dir='ltr'>dolor</span> <span class='ocrx_word' id='word_1_7' title='bbox 296 443 328 496; x_wconf 92' lang='lat' dir='ltr'>et</span> <span class='ocrx_word' id='word_1_8' title='bbox 348 436 540 517; x_wconf 85' lang='lat' dir='ltr'>propositum</span> <span class='ocrx_word' id='word_1_9' title='bbox 563 442 621 498; x_wconf 85' lang='lat' dir='ltr'>ete.</span> <span class='ocrx_word' id='word_1_10' title='bbox 643 456 682 497; x_wconf 86' lang='lat' dir='ltr'>ex</span> <span class='ocrx_word' id='word_1_11' title='bbox 705 436 843 498; x_wconf 86' lang='lat' dir='ltr'>Patribus</span> <span class='ocrx_word' id='word_1_12' title='bbox 872 434 1044 497; x_wconf 85' lang='lat' dir='ltr'>habuerunt</span> 
     </span>
     <span class='ocr_line' id='line_1_3' title="bbox 121 519 352 582; baseline 0.004 -1"><span class='ocrx_word' id='word_1_13' title='bbox 121 526 155 581; x_wconf 92' lang='lat' dir='ltr'>et</span> <span class='ocrx_word' id='word_1_14' title='bbox 175 519 352 582; x_wconf 88' lang='lat' dir='ltr'>docuerunt.</span> 
     </span>
    </p>

    <p class='ocr_par' dir='ltr' id='par_1_3' title="bbox 120 601 1042 830">
     <span class='ocr_line' id='line_1_4' title="bbox 186 601 1039 684; baseline -0.006 -19"><span class='ocrx_word' id='word_1_15' title='bbox 186 606 232 665; x_wconf 93' lang='grc'>11.</span> <span class='ocrx_word' id='word_1_16' title='bbox 255 602 315 664; x_wconf 83' lang='lat' dir='ltr'>Sed</span> <span class='ocrx_word' id='word_1_17' title='bbox 337 608 439 684; x_wconf 87' lang='lat' dir='ltr'>partes</span> <span class='ocrx_word' id='word_1_18' title='bbox 462 601 664 684; x_wconf 80' lang='lat' dir='ltr'>delinitionis,</span> <span class='ocrx_word' id='word_1_19' title='bbox 687 602 844 679; x_wconf 85' lang='lat' dir='ltr'>dolorem,</span> <span class='ocrx_word' id='word_1_20' title='bbox 867 608 1039 681; x_wconf 87' lang='lat' dir='ltr'>peccatum,</span> 
     </span>
     <span class='ocr_line' id='line_1_5' title="bbox 120 685 1042 766; baseline 0 -22"><span class='ocrx_word' id='word_1_21' title='bbox 120 687 329 766; x_wconf 82' lang='lat' dir='ltr'>propositum,</span> <span class='ocrx_word' id='word_1_22' title='bbox 363 705 427 745; x_wconf 91' lang='lat' dir='ltr'>non</span> <span class='ocrx_word' id='word_1_23' title='bbox 455 685 687 760; x_wconf 81' lang='lat' dir='ltr'>intellexerunt,</span> <span class='ocrx_word' id='word_1_24' title='bbox 720 704 778 746; x_wconf 92' lang='lat' dir='ltr'>nec</span> <span class='ocrx_word' id='word_1_25' title='bbox 800 686 914 746; x_wconf 89' lang='lat' dir='ltr'>dooere</span> <span class='ocrx_word' id='word_1_26' title='bbox 935 690 1042 764; x_wconf 90' lang='lat' dir='ltr'>potue·</span> 
     </span>
     <span class='ocr_line' id='line_1_6' title="bbox 121 777 202 830; baseline 0.012 -1"><span class='ocrx_word' id='word_1_27' title='bbox 121 777 202 830; x_wconf 83' lang='lat' dir='ltr'>runt.</span> 
     </span>
    </p>

    <p class='ocr_par' dir='ltr' id='par_1_4' title="bbox 122 849 1046 1078">
     <span class='ocr_line' id='line_1_7' title="bbox 185 849 1046 913; baseline -0.003 0"><span class='ocrx_word' id='word_1_28' title='bbox 185 853 233 913; x_wconf 88' lang='grc'>12.</span> <span class='ocrx_word' id='word_1_29' title='bbox 264 850 409 910; x_wconf 83' lang='lat' dir='ltr'>Dolorem</span> <span class='ocrx_word' id='word_1_30' title='bbox 439 849 594 911; x_wconf 87' lang='lat' dir='ltr'>linxerunt</span> <span class='ocrx_word' id='word_1_31' title='bbox 621 871 689 911; x_wconf 91' lang='lat' dir='ltr'>esse</span> <span class='ocrx_word' id='word_1_32' title='bbox 719 857 820 912; x_wconf 88' lang='lat' dir='ltr'>aetum</span> <span class='ocrx_word' id='word_1_33' title='bbox 850 851 986 911; x_wconf 87' lang='lat' dir='ltr'>elicitum</span> <span class='ocrx_word' id='word_1_34' title='bbox 1013 851 1046 911; x_wconf 88' lang='lat' dir='ltr'>vi</span> 
     </span>
     <span class='ocr_line' id='line_1_8' title="bbox 122 933 1044 1015; baseline -0.002 -19"><span class='ocrx_word' id='word_1_35' title='bbox 122 933 237 996; x_wconf 88' lang='lat' dir='ltr'>arbitrii</span> <span class='ocrx_word' id='word_1_36' title='bbox 265 934 369 1011; x_wconf 86' lang='lat' dir='ltr'>liberi,</span> <span class='ocrx_word' id='word_1_37' title='bbox 404 934 455 1012; x_wconf 91' lang='lat' dir='ltr'>qni</span> <span class='ocrx_word' id='word_1_38' title='bbox 485 933 688 997; x_wconf 87' lang='lat' dir='ltr'>detestaretur</span> <span class='ocrx_word' id='word_1_39' title='bbox 713 943 892 1015; x_wconf 83' lang='lat' dir='ltr'>peccatum,</span> <span class='ocrx_word' id='word_1_40' title='bbox 922 935 1044 1012; x_wconf 89' lang='lat' dir='ltr'>quoties</span> 
     </span>
     <span class='ocr_line' id='line_1_9' title="bbox 122 1016 419 1078; baseline 0 -2"><span class='ocrx_word' id='word_1_41' title='bbox 122 1018 218 1078; x_wconf 87' lang='lat' dir='ltr'>vellet</span> <span class='ocrx_word' id='word_1_42' title='bbox 238 1024 291 1077; x_wconf 90' lang='lat' dir='ltr'>aut</span> <span class='ocrx_word' id='word_1_43' title='bbox 312 1016 419 1078; x_wconf 86' lang='lat' dir='ltr'>nollet.</span> 
     </span>
    </p>

    <p class='ocr_par' dir='ltr' id='par_1_5' title="bbox 122 1098 1046 1345">
     <span class='ocr_line' id='line_1_10' title="bbox 186 1098 1044 1179; baseline -0.002 -17"><span class='ocrx_word' id='word_1_44' title='bbox 186 1103 234 1165; x_wconf 83' lang='grc'>13.</span> <span class='ocrx_word' id='word_1_45' title='bbox 265 1099 340 1160; x_wconf 82' lang='lat' dir='ltr'>Cum</span> <span class='ocrx_word' id='word_1_46' title='bbox 364 1098 482 1160; x_wconf 90' lang='lat' dir='ltr'>dolor</span> <span class='ocrx_word' id='word_1_47' title='bbox 473 1118 500 1158; x_wconf 84' lang='lat' dir='ltr'>rs</span> <span class='ocrx_word' id='word_1_48' title='bbox 522 1100 562 1159; x_wconf 92' lang='lat' dir='ltr'>sit</span> <span class='ocrx_word' id='word_1_49' title='bbox 584 1101 687 1179; x_wconf 80' lang='lat' dir='ltr'>passio</span> <span class='ocrx_word' id='word_1_50' title='bbox 710 1119 764 1160; x_wconf 89' lang='lat' dir='ltr'>seu</span> <span class='ocrx_word' id='word_1_51' title='bbox 786 1099 913 1160; x_wconf 85' lang='lat' dir='ltr'>afflictio</span> <span class='ocrx_word' id='word_1_52' title='bbox 921 1119 1044 1178; x_wconf 82' lang='lat' dir='ltr'>‚quam</span> 
     </span>
     <span class='ocr_line' id='line_1_11' title="bbox 122 1182 1046 1264; baseline -0.001 -20"><span class='ocrx_word' id='word_1_53' title='bbox 122 1185 268 1244; x_wconf 87' lang='lat' dir='ltr'>conscien</span> <span class='ocrx_word' id='word_1_54' title='bbox 271 1184 313 1243; x_wconf 88' lang='lat' dir='ltr'>tia</span> <span class='ocrx_word' id='word_1_55' title='bbox 271 1182 410 1243; x_wconf 90' lang='lat' dir='ltr'>tvelit</span> <span class='ocrx_word' id='word_1_56' title='bbox 417 1182 536 1262; x_wconf 86' lang='lat' dir='ltr'>,nolit,</span> <span class='ocrx_word' id='word_1_57' title='bbox 559 1183 623 1263; x_wconf 88' lang='lat' dir='ltr'>pati</span> <span class='ocrx_word' id='word_1_58' title='bbox 646 1184 783 1264; x_wconf 84' lang='lat' dir='ltr'>cogitur,</span> <span class='ocrx_word' id='word_1_59' title='bbox 805 1184 876 1264; x_wconf 86' lang='lat' dir='ltr'>lege</span> <span class='ocrx_word' id='word_1_60' title='bbox 898 1188 1046 1264; x_wconf 83' lang='lat' dir='ltr'>tangente</span> 
     </span>
     <span class='ocr_line' id='line_1_12' title="bbox 124 1272 375 1345; baseline -0.004 -19"><span class='ocrx_word' id='word_1_61' title='bbox 124 1287 179 1327; x_wconf 91' lang='lat' dir='ltr'>seu</span> <span class='ocrx_word' id='word_1_62' title='bbox 203 1272 375 1345; x_wconf 83' lang='lat' dir='ltr'>torquente</span> 
     </span>
    </p>

    <p class='ocr_par' dir='ltr' id='par_1_6' title="bbox 122 1348 1047 1596">
     <span class='ocr_line' id='line_1_13' title="bbox 189 1348 1046 1427; baseline -0.002 -16.96"><span class='ocrx_word' id='word_1_63' title='bbox 189 1351 235 1412; x_wconf 79' lang='grc'>1.4</span> <span class='ocrx_word' id='word_1_64' title='bbox 266 1349 428 1409; x_wconf 82' lang='lat' dir='ltr'>Peccatum</span> <span class='ocrx_word' id='word_1_65' title='bbox 452 1348 711 1427; x_wconf 82' lang='lat' dir='ltr'>finxerunttesse‚</span> <span class='ocrx_word' id='word_1_66' title='bbox 744 1348 828 1427; x_wconf 92' lang='lat' dir='ltr'>quod</span> <span class='ocrx_word' id='word_1_67' title='bbox 859 1354 1000 1410; x_wconf 87' lang='lat' dir='ltr'>contrat</span> <span class='ocrx_word' id='word_1_68' title='bbox 1001 1368 1046 1426; x_wconf 53' lang='lat' dir='ltr'>rag</span> 
     </span>
     <span class='ocr_line' id='line_1_14' title="bbox 122 1431 1047 1513; baseline 0 -21"><span class='ocrx_word' id='word_1_69' title='bbox 122 1433 258 1494; x_wconf 89' lang='lat' dir='ltr'>ditiones</span> <span class='ocrx_word' id='word_1_70' title='bbox 280 1433 438 1494; x_wconf 88' lang='lat' dir='ltr'>hominnm</span> <span class='ocrx_word' id='word_1_71' title='bbox 461 1439 554 1511; x_wconf 86' lang='lat' dir='ltr'>esset,</span> <span class='ocrx_word' id='word_1_72' title='bbox 577 1433 689 1513; x_wconf 85' lang='lat' dir='ltr'>rarius,</span> <span class='ocrx_word' id='word_1_73' title='bbox 713 1431 795 1510; x_wconf 92' lang='lat' dir='ltr'>qnod</span> <span class='ocrx_word' id='word_1_74' title='bbox 818 1441 926 1493; x_wconf 88' lang='lat' dir='ltr'>contra</span> <span class='ocrx_word' id='word_1_75' title='bbox 949 1450 1047 1493; x_wconf 91' lang='lat' dir='ltr'>mora-</span> 
     </span>
     <span class='ocr_line' id='line_1_15' title="bbox 125 1515 888 1596; baseline -0.007 -19"><span class='ocrx_word' id='word_1_76' title='bbox 125 1517 185 1577; x_wconf 85' lang='lat' dir='ltr'>lem</span> <span class='ocrx_word' id='word_1_77' title='bbox 209 1515 319 1596; x_wconf 85' lang='lat' dir='ltr'>legem</span> <span class='ocrx_word' id='word_1_78' title='bbox 887 1550 888 1555; x_wconf 23' lang='grc' dir='ltr'><strong><em>κ</em></strong></span> 
     </span>
    </p>

    <p class='ocr_par' dir='ltr' id='par_1_7' title="bbox 125 1596 1048 1825">
     <span class='ocr_line' id='line_1_16' title="bbox 188 1596 1048 1679; baseline -0.003 -19"><span class='ocrx_word' id='word_1_79' title='bbox 188 1603 235 1663; x_wconf 87' lang='grc'>15.</span> <span class='ocrx_word' id='word_1_80' title='bbox 263 1597 419 1679; x_wconf 85' lang='lat' dir='ltr'>Originale</span> <span class='ocrx_word' id='word_1_81' title='bbox 447 1616 522 1658; x_wconf 89' lang='lat' dir='ltr'>vero</span> <span class='ocrx_word' id='word_1_82' title='bbox 546 1604 618 1676; x_wconf 89' lang='lat' dir='ltr'>post</span> <span class='ocrx_word' id='word_1_83' title='bbox 648 1596 833 1678; x_wconf 91' lang='lat' dir='ltr'>baptismum</span> <span class='ocrx_word' id='word_1_84' title='bbox 865 1616 906 1658; x_wconf 89' lang='lat' dir='ltr'>ne</span> <span class='ocrx_word' id='word_1_85' title='bbox 941 1616 1048 1677; x_wconf 74' lang='lat' dir='ltr'>pecca</span> 
     </span>
     <span class='ocr_line' id='line_1_17' title="bbox 124 1680 1047 1775; baseline -0.002 -32.969"><span class='ocrx_word' id='word_1_86' title='bbox 124 1691 188 1743; x_wconf 90' lang='lat' dir='ltr'>tum</span> <span class='ocrx_word' id='word_1_87' title='bbox 212 1681 334 1760; x_wconf 90' lang='lat' dir='ltr'>quidem</span> <span class='ocrx_word' id='word_1_88' title='bbox 358 1700 427 1741; x_wconf 87' lang='lat' dir='ltr'>esse</span> <span class='ocrx_word' id='word_1_89' title='bbox 450 1681 672 1775; x_wconf 78' lang='lat' dir='ltr'>cogitaverunt</span> <span class='ocrx_word' id='word_1_90' title='bbox 696 1680 906 1760; x_wconf 90' lang='lat' dir='ltr'>praesertim</span> <span class='ocrx_word' id='word_1_91' title='bbox 898 1699 929 1740; x_wconf 90' lang='grc' dir='ltr'>ιιι</span> <span class='ocrx_word' id='word_1_92' title='bbox 950 1681 1047 1760; x_wconf 89' lang='lat' dir='ltr'>prima</span> 
     </span>
     <span class='ocr_line' id='line_1_18' title="bbox 125 1765 239 1825; baseline -0.01 0"><span class='ocrx_word' id='word_1_93' title='bbox 125 1765 239 1825; x_wconf 89' lang='lat' dir='ltr'>tabula</span> 
     </span>
    </p>

    <p class='ocr_par' dir='ltr' id='par_1_8' title="bbox 124 1843 1049 2096">
     <span class='ocr_line' id='line_1_19' title="bbox 188 1843 1049 1927; baseline -0.007 -16"><span class='ocrx_word' id='word_1_94' title='bbox 188 1849 236 1911; x_wconf 87' lang='grc'>16.</span> <span class='ocrx_word' id='word_1_95' title='bbox 260 1847 375 1909; x_wconf 77' lang='lat' dir='ltr'>Contra</span> <span class='ocrx_word' id='word_1_96' title='bbox 396 1847 451 1906; x_wconf 90' lang='lat' dir='ltr'>has</span> <span class='ocrx_word' id='word_1_97' title='bbox 475 1845 581 1926; x_wconf 88' lang='lat' dir='ltr'>paleas</span> <span class='ocrx_word' id='word_1_98' title='bbox 603 1846 670 1925; x_wconf 84' lang='lat' dir='ltr'>lex,</span> <span class='ocrx_word' id='word_1_99' title='bbox 694 1845 822 1906; x_wconf 90' lang='lat' dir='ltr'>mallens</span> <span class='ocrx_word' id='word_1_100' title='bbox 844 1846 902 1907; x_wconf 90' lang='lat' dir='ltr'>Dei</span> <span class='ocrx_word' id='word_1_101' title='bbox 927 1843 979 1927; x_wconf 91' lang='lat' dir='ltr'>(nt</span> <span class='ocrx_word' id='word_1_102' title='bbox 1000 1845 1049 1905; x_wconf 91' lang='lat' dir='ltr'>Ie·</span> 
     </span>
     <span class='ocr_line' id='line_1_20' title="bbox 124 1927 1047 2009; baseline -0.004 -17"><span class='ocrx_word' id='word_1_103' title='bbox 124 1932 237 1992; x_wconf 90' lang='lat' dir='ltr'>remias</span> <span class='ocrx_word' id='word_1_104' title='bbox 259 1933 318 2009; x_wconf 75' lang='lat' dir='ltr'>ait)</span> <span class='ocrx_word' id='word_1_105' title='bbox 346 1936 509 1991; x_wconf 90' lang='lat' dir='ltr'>conterens</span> <span class='ocrx_word' id='word_1_106' title='bbox 532 1937 650 2008; x_wconf 75' lang='lat' dir='ltr'>petras,</span> <span class='ocrx_word' id='word_1_107' title='bbox 679 1948 787 1989; x_wconf 91' lang='lat' dir='ltr'>omnes</span> <span class='ocrx_word' id='word_1_108' title='bbox 818 1929 959 1991; x_wconf 86' lang='lat' dir='ltr'>homines</span> <span class='ocrx_word' id='word_1_109' title='bbox 991 1927 1047 1989; x_wconf 93' lang='lat' dir='ltr'>sub</span> 
     </span>
     <span class='ocr_line' id='line_1_21' title="bbox 124 2011 444 2096; baseline -0.016 -21"><span class='ocrx_word' id='word_1_110' title='bbox 124 2023 255 2096; x_wconf 87' lang='lat' dir='ltr'>peccato</span> <span class='ocrx_word' id='word_1_111' title='bbox 279 2011 444 2074; x_wconf 86' lang='lat' dir='ltr'>concludit</span> 
     </span>
    </p>

    <p class='ocr_par' dir='ltr' id='par_1_9' title="bbox 125 2093 1046 2323">
     <span class='ocr_line' id='line_1_22' title="bbox 188 2093 1046 2175; baseline -0.008 -14"><span class='ocrx_word' id='word_1_112' title='bbox 188 2101 236 2161; x_wconf 81' lang='grc'>17.</span> <span class='ocrx_word' id='word_1_113' title='bbox 259 2097 454 2175; x_wconf 83' lang='lat' dir='ltr'>Propositum</span> <span class='ocrx_word' id='word_1_114' title='bbox 478 2093 592 2157; x_wconf 91' lang='lat' dir='ltr'>bonum</span> <span class='ocrx_word' id='word_1_115' title='bbox 616 2094 765 2174; x_wconf 90' lang='lat' dir='ltr'>putabant</span> <span class='ocrx_word' id='word_1_116' title='bbox 787 2112 857 2155; x_wconf 89' lang='lat' dir='ltr'>esse</span> <span class='ocrx_word' id='word_1_117' title='bbox 879 2095 983 2174; x_wconf 86' lang='lat' dir='ltr'>cogita</span> <span class='ocrx_word' id='word_1_118' title='bbox 965 2094 1046 2155; x_wconf 89' lang='lat' dir='ltr'>atio-</span> 
     </span>
     <span class='ocr_line' id='line_1_23' title="bbox 125 2177 1047 2257; baseline -0.003 -17"><span class='ocrx_word' id='word_1_119' title='bbox 125 2200 196 2240; x_wconf 91' lang='lat' dir='ltr'>nem</span> <span class='ocrx_word' id='word_1_120' title='bbox 220 2180 390 2239; x_wconf 87' lang='lat' dir='ltr'>electiciam</span> <span class='ocrx_word' id='word_1_121' title='bbox 414 2177 527 2240; x_wconf 88' lang='lat' dir='ltr'>viribus</span> <span class='ocrx_word' id='word_1_122' title='bbox 550 2177 690 2238; x_wconf 87' lang='lat' dir='ltr'>humanis</span> <span class='ocrx_word' id='word_1_123' title='bbox 713 2178 752 2238; x_wconf 95' lang='lat' dir='ltr'>de</span> <span class='ocrx_word' id='word_1_124' title='bbox 773 2185 903 2257; x_wconf 88' lang='lat' dir='ltr'>peccato</span> <span class='ocrx_word' id='word_1_125' title='bbox 926 2197 958 2237; x_wconf 91' lang='lat'>111</span> <span class='ocrx_word' id='word_1_126' title='bbox 971 2177 1047 2239; x_wconf 86' lang='lat' dir='ltr'>lntu</span> 
     </span>
     <span class='ocr_line' id='line_1_24' title="bbox 125 2262 350 2325; baseline -0.005 -2"><span class='ocrx_word' id='word_1_127' title='bbox 125 2283 191 2323; x_wconf 88' lang='lat' dir='ltr'>rum</span> <span class='ocrx_word' id='word_1_128' title='bbox 216 2262 350 2325; x_wconf 87' lang='lat' dir='ltr'>vitando.</span> 
     </span>
    </p>

    <p class='ocr_par' dir='ltr' id='par_1_10' title="bbox 124 2342 1048 2590">
     <span class='ocr_line' id='line_1_25' title="bbox 188 2342 1048 2423; baseline -0.007 -13.862"><span class='ocrx_word' id='word_1_129' title='bbox 188 2347 237 2409; x_wconf 87' lang='grc'>18.</span> <span class='ocrx_word' id='word_1_130' title='bbox 261 2346 335 2405; x_wconf 83' lang='lat' dir='ltr'>Cum</span> <span class='ocrx_word' id='word_1_131' title='bbox 360 2343 526 2404; x_wconf 89' lang='lat' dir='ltr'>seeundum</span> <span class='ocrx_word' id='word_1_132' title='bbox 550 2363 650 2422; x_wconf 83' lang='lat' dir='ltr'>evang</span> <span class='ocrx_word' id='word_1_133' title='bbox 631 2344 742 2402; x_wconf 67' lang='lat' dir='ltr'>retium</span> <span class='ocrx_word' id='word_1_134' title='bbox 766 2344 806 2403; x_wconf 91' lang='lat' dir='ltr'>sit</span> <span class='ocrx_word' id='word_1_135' title='bbox 826 2344 958 2422; x_wconf 90' lang='lat' dir='ltr'>impetus</span> <span class='ocrx_word' id='word_1_136' title='bbox 982 2342 1048 2423; x_wconf 81' lang='lat' dir='ltr'>Spi-</span> 
     </span>
     <span class='ocr_line' id='line_1_26' title="bbox 124 2395 1048 2506; baseline -0.003 -17"><span class='ocrx_word' id='word_1_137' title='bbox 124 2415 218 2489; x_wconf 91' lang='lat' dir='ltr'>ritus</span> <span class='ocrx_word' id='word_1_138' title='bbox 221 2429 328 2496; x_wconf 89' lang='lat' dir='ltr'>saneti</span> <span class='ocrx_word' id='word_1_139' title='bbox 351 2435 511 2506; x_wconf 88' lang='lat' dir='ltr'>peecatum</span> <span class='ocrx_word' id='word_1_140' title='bbox 535 2395 681 2505; x_wconf 78' lang='lat' dir='ltr'>deinceps</span> <span class='ocrx_word' id='word_1_141' title='bbox 704 2445 744 2486; x_wconf 87' lang='lat' dir='ltr'>ex</span> <span class='ocrx_word' id='word_1_142' title='bbox 762 2446 867 2487; x_wconf 90' lang='lat' dir='ltr'>amore</span> <span class='ocrx_word' id='word_1_143' title='bbox 880 2425 932 2486; x_wconf 90' lang='lat' dir='ltr'>det</span> <span class='ocrx_word' id='word_1_144' title='bbox 920 2433 1048 2505; x_wconf 88' lang='lat' dir='ltr'>testans,</span> 
     </span>
     <span class='ocr_line' id='line_1_27' title="bbox 125 2500 1046 2590; baseline -0.002 -19"><span class='ocrx_word' id='word_1_145' title='bbox 125 2510 294 2572; x_wconf 83' lang='lat' dir='ltr'>rebellante</span> <span class='ocrx_word' id='word_1_146' title='bbox 319 2500 391 2569; x_wconf 90' lang='lat' dir='ltr'>licet</span> <span class='ocrx_word' id='word_1_147' title='bbox 379 2506 573 2590; x_wconf 81' lang='lat' dir='ltr'>tinterim1)</span> <span class='ocrx_word' id='word_1_148' title='bbox 597 2508 716 2568; x_wconf 86' lang='lat' dir='ltr'>fortiter</span> <span class='ocrx_word' id='word_1_149' title='bbox 738 2518 865 2588; x_wconf 88' lang='lat' dir='ltr'>peccato</span> <span class='ocrx_word' id='word_1_150' title='bbox 889 2511 921 2569; x_wconf 93' lang='lat' dir='ltr'>in</span> <span class='ocrx_word' id='word_1_151' title='bbox 945 2528 1046 2570; x_wconf 88' lang='lat' dir='ltr'>carne.</span> 
     </span>
    </p>

    <p class='ocr_par' dir='ltr' id='par_1_11' title="bbox 126 2590 1048 2841">
     <span class='ocr_line' id='line_1_28' title="bbox 190 2590 1047 2672; baseline -0.007 -14.993"><span class='ocrx_word' id='word_1_152' title='bbox 190 2598 238 2657; x_wconf 84' lang='grc'>19.</span> <span class='ocrx_word' id='word_1_153' title='bbox 263 2592 329 2654; x_wconf 87' lang='lat' dir='ltr'>Nee</span> <span class='ocrx_word' id='word_1_154' title='bbox 363 2590 500 2652; x_wconf 89' lang='lat' dir='ltr'>miranda</span> <span class='ocrx_word' id='word_1_155' title='bbox 522 2591 599 2650; x_wconf 89' lang='lat' dir='ltr'>haec</span> <span class='ocrx_word' id='word_1_156' title='bbox 621 2610 726 2651; x_wconf 89' lang='lat' dir='ltr'>eornm</span> <span class='ocrx_word' id='word_1_157' title='bbox 748 2593 938 2672; x_wconf 83' lang='lat' dir='ltr'>ignorantia,</span> <span class='ocrx_word' id='word_1_158' title='bbox 978 2610 1047 2652; x_wconf 91' lang='lat' dir='ltr'>cum</span> 
     </span>
     <span class='ocr_line' id='line_1_29' title="bbox 126 2673 1048 2756; baseline -0.004 -18"><span class='ocrx_word' id='word_1_159' title='bbox 126 2677 283 2756; x_wconf 76' lang='lat' dir='ltr'>Scriptura</span> <span class='ocrx_word' id='word_1_160' title='bbox 307 2675 484 2755; x_wconf 86' lang='lat' dir='ltr'>posthabita</span> <span class='ocrx_word' id='word_1_161' title='bbox 513 2692 571 2732; x_wconf 90' lang='lat' dir='ltr'>nee</span> <span class='ocrx_word' id='word_1_162' title='bbox 592 2673 663 2752; x_wconf 89' lang='lat' dir='ltr'>quid</span> <span class='ocrx_word' id='word_1_163' title='bbox 687 2675 754 2751; x_wconf 85' lang='lat' dir='ltr'>lex,</span> <span class='ocrx_word' id='word_1_164' title='bbox 778 2693 836 2735; x_wconf 88' lang='lat' dir='ltr'>neo</span> <span class='ocrx_word' id='word_1_165' title='bbox 858 2675 931 2754; x_wconf 89' lang='lat' dir='ltr'>qnid</span> <span class='ocrx_word' id='word_1_166' title='bbox 955 2695 1048 2736; x_wconf 91' lang='lat' dir='ltr'>evan·</span> 
     </span>
     <span class='ocr_line' id='line_1_30' title="bbox 126 2756 796 2841; baseline -0.004 -21"><span class='ocrx_word' id='word_1_167' title='bbox 126 2759 239 2841; x_wconf 85' lang='lat' dir='ltr'>gelinm</span> <span class='ocrx_word' id='word_1_168' title='bbox 265 2767 346 2819; x_wconf 91' lang='lat' dir='ltr'>esset</span> <span class='ocrx_word' id='word_1_169' title='bbox 369 2776 462 2819; x_wconf 89' lang='lat' dir='ltr'>nosse</span> <span class='ocrx_word' id='word_1_170' title='bbox 484 2756 648 2836; x_wconf 88' lang='lat' dir='ltr'>potuerint.</span> <span class='ocrx_word' id='word_1_171' title='bbox 793 2812 796 2817; x_wconf 82' lang='grc'><strong>.</strong></span> 
     </span>
    </p>

    <p class='ocr_par' dir='ltr' id='par_1_12' title="bbox 127 2839 1047 3087">
     <span class='ocr_line' id='line_1_31' title="bbox 187 2839 1047 2920; baseline -0.007 -14"><span class='ocrx_word' id='word_1_172' title='bbox 187 2842 387 2906; x_wconf 69' lang='lat' dir='ltr'>assaliret</span> <span class='ocrx_word' id='word_1_173' title='bbox 417 2842 574 2901; x_wconf 88' lang='lat' dir='ltr'>hominum</span> <span class='ocrx_word' id='word_1_174' title='bbox 613 2841 784 2920; x_wconf 76' lang='lat' dir='ltr'>praeceptis</span> <span class='ocrx_word' id='word_1_175' title='bbox 819 2847 850 2900; x_wconf 90' lang='lat' dir='ltr'>et</span> <span class='ocrx_word' id='word_1_176' title='bbox 894 2839 1047 2900; x_wconf 87' lang='lat' dir='ltr'>mandatis</span> 
     </span>
     <span class='ocr_line' id='line_1_32' title="bbox 127 2921 1047 3006; baseline -0.002 -21"><span class='ocrx_word' id='word_1_177' title='bbox 127 2944 251 3006; x_wconf 86' lang='lat' dir='ltr'>prorsus</span> <span class='ocrx_word' id='word_1_178' title='bbox 272 2925 424 3002; x_wconf 88' lang='lat' dir='ltr'>immersi,</span> <span class='ocrx_word' id='word_1_179' title='bbox 455 2934 487 2983; x_wconf 91' lang='grc' dir='ltr'>ιιι</span> <span class='ocrx_word' id='word_1_180' title='bbox 508 2923 547 2982; x_wconf 92' lang='lat' dir='ltr'>de</span> <span class='ocrx_word' id='word_1_181' title='bbox 569 2922 658 2984; x_wconf 89' lang='lat' dir='ltr'>rebus</span> <span class='ocrx_word' id='word_1_182' title='bbox 681 2924 776 2984; x_wconf 88' lang='lat' dir='ltr'>saeris</span> <span class='ocrx_word' id='word_1_183' title='bbox 799 2929 829 2984; x_wconf 91' lang='lat' dir='ltr'>et</span> <span class='ocrx_word' id='word_1_184' title='bbox 850 2921 960 2983; x_wconf 88' lang='lat' dir='ltr'>divinis</span> <span class='ocrx_word' id='word_1_185' title='bbox 984 2932 1047 2983; x_wconf 86' lang='lat' dir='ltr'>tan·</span> 
     </span>
     <span class='ocr_line' id='line_1_33' title="bbox 127 3006 615 3087; baseline -0.012 -19"><span class='ocrx_word' id='word_1_186' title='bbox 127 3018 190 3069; x_wconf 90' lang='lat' dir='ltr'>tum</span> <span class='ocrx_word' id='word_1_187' title='bbox 213 3027 268 3087; x_wconf 89' lang='lat' dir='ltr'>per</span> <span class='ocrx_word' id='word_1_188' title='bbox 289 3009 410 3067; x_wconf 88' lang='lat' dir='ltr'>somnia</span> <span class='ocrx_word' id='word_1_189' title='bbox 430 3006 615 3067; x_wconf 86' lang='lat' dir='ltr'>iudicarent..</span> 
     </span>
    </p>

    <p class='ocr_par' dir='ltr' id='par_1_13' title="bbox 127 3088 1046 3253">
     <span class='ocr_line' id='line_1_34' title="bbox 190 3088 1044 3170; baseline -0.006 -17"><span class='ocrx_word' id='word_1_190' title='bbox 190 3094 238 3154; x_wconf 93' lang='grc'>21.</span> <span class='ocrx_word' id='word_1_191' title='bbox 268 3090 383 3150; x_wconf 79' lang='lat' dir='ltr'>Contra</span> <span class='ocrx_word' id='word_1_192' title='bbox 410 3091 467 3150; x_wconf 86' lang='lat' dir='ltr'>hos</span> <span class='ocrx_word' id='word_1_193' title='bbox 501 3088 623 3149; x_wconf 90' lang='lat' dir='ltr'>inutiles</span> <span class='ocrx_word' id='word_1_194' title='bbox 652 3095 683 3149; x_wconf 93' lang='lat' dir='ltr'>et</span> <span class='ocrx_word' id='word_1_195' title='bbox 703 3088 926 3168; x_wconf 89' lang='lat' dir='ltr'>desperationis</span> <span class='ocrx_word' id='word_1_196' title='bbox 951 3090 1044 3170; x_wconf 84' lang='lat' dir='ltr'>magi-</span> 
     </span>
     <span class='ocr_line' id='line_1_35' title="bbox 127 3172 1046 3253; baseline -0.002 -19"><span class='ocrx_word' id='word_1_197' title='bbox 127 3182 206 3235; x_wconf 88' lang='lat' dir='ltr'>stros</span> <span class='ocrx_word' id='word_1_198' title='bbox 239 3172 433 3253; x_wconf 83' lang='lat' dir='ltr'>evangelium</span> <span class='ocrx_word' id='word_1_199' title='bbox 457 3173 559 3251; x_wconf 89' lang='lat' dir='ltr'>eoepit</span> <span class='ocrx_word' id='word_1_200' title='bbox 582 3172 710 3248; x_wconf 83' lang='lat' dir='ltr'>docere,</span> <span class='ocrx_word' id='word_1_201' title='bbox 740 3172 960 3250; x_wconf 89' lang='lat' dir='ltr'>poenitentiam</span> <span class='ocrx_word' id='word_1_202' title='bbox 983 3192 1046 3233; x_wconf 91' lang='lat' dir='ltr'>non</span> 
     </span>
    </p>

    <p class='ocr_par' dir='ltr' id='par_1_14' title="bbox 127 3256 780 3337">
     <span class='ocr_line' id='line_1_36' title="bbox 127 3256 780 3337; baseline -0.005 -19.889"><span class='ocrx_word' id='word_1_203' title='bbox 127 3265 271 3337; x_wconf 89' lang='lat' dir='ltr'>poortere</span> <span class='ocrx_word' id='word_1_204' title='bbox 294 3262 411 3316; x_wconf 90' lang='lat' dir='ltr'>tantum</span> <span class='ocrx_word' id='word_1_205' title='bbox 433 3256 680 3335; x_wconf 88' lang='lat' dir='ltr'>desperationem</span> <span class='ocrx_word' id='word_1_206' title='bbox 704 3273 780 3320; x_wconf 90' lang='lat' dir='ltr'>esse</span> 
     </span>
    </p>

    <p class='ocr_par' dir='ltr' id='par_1_15' title="bbox 128 3337 1048 3585">
     <span class='ocr_line' id='line_1_37' title="bbox 190 3337 1048 3421; baseline -0.005 -19"><span class='ocrx_word' id='word_1_207' title='bbox 190 3341 239 3402; x_wconf 90' lang='grc'><strong>22.</strong></span> <span class='ocrx_word' id='word_1_208' title='bbox 270 3337 330 3400; x_wconf 81' lang='lat' dir='ltr'>Sed</span> <span class='ocrx_word' id='word_1_209' title='bbox 353 3341 554 3421; x_wconf 90' lang='lat' dir='ltr'>poenitentes</span> <span class='ocrx_word' id='word_1_210' title='bbox 570 3338 683 3398; x_wconf 84' lang='lat' dir='ltr'>debere</span> <span class='ocrx_word' id='word_1_211' title='bbox 705 3357 791 3418; x_wconf 89' lang='lat' dir='ltr'>spem</span> <span class='ocrx_word' id='word_1_212' title='bbox 815 3337 994 3418; x_wconf 80' lang='lat' dir='ltr'>concipere,</span> <span class='ocrx_word' id='word_1_213' title='bbox 1016 3343 1048 3398; x_wconf 92' lang='lat' dir='ltr'>et</span> 
     </span>
     <span class='ocr_line' id='line_1_38' title="bbox 128 3420 1048 3501; baseline 0.002 -19"><span class='ocrx_word' id='word_1_214' title='bbox 128 3425 174 3482; x_wconf 90' lang='lat' dir='ltr'>sic</span> <span class='ocrx_word' id='word_1_215' title='bbox 206 3442 245 3482; x_wconf 87' lang='lat' dir='ltr'>ex</span> <span class='ocrx_word' id='word_1_216' title='bbox 268 3441 372 3483; x_wconf 91' lang='lat' dir='ltr'>amore</span> <span class='ocrx_word' id='word_1_217' title='bbox 395 3422 451 3482; x_wconf 90' lang='lat' dir='ltr'>Dei</span> <span class='ocrx_word' id='word_1_218' title='bbox 474 3429 635 3501; x_wconf 88' lang='lat' dir='ltr'>peccatum</span> <span class='ocrx_word' id='word_1_219' title='bbox 668 3421 789 3500; x_wconf 81' lang='lat' dir='ltr'>odisse,</span> <span class='ocrx_word' id='word_1_220' title='bbox 821 3420 852 3481; x_wconf 93' lang='lat' dir='ltr'>id</span> <span class='ocrx_word' id='word_1_221' title='bbox 886 3420 969 3500; x_wconf 89' lang='lat' dir='ltr'>quod</span> <span class='ocrx_word' id='word_1_222' title='bbox 1000 3427 1048 3484; x_wconf 88' lang='lat' dir='ltr'>est</span> 
     </span>
     <span class='ocr_line' id='line_1_39' title="bbox 129 3503 561 3585; baseline -0.005 -19"><span class='ocrx_word' id='word_1_223' title='bbox 129 3525 202 3566; x_wconf 91' lang='lat' dir='ltr'>vere</span> <span class='ocrx_word' id='word_1_224' title='bbox 223 3506 414 3585; x_wconf 90' lang='lat' dir='ltr'>propositum</span> <span class='ocrx_word' id='word_1_225' title='bbox 437 3503 561 3568; x_wconf 88' lang='lat' dir='ltr'>bonum.</span> 
     </span>
    </p>
   </div>
   <div class='ocr_carea' id='block_1_3' title="bbox 202 3745 979 3817">
    <p class='ocr_par' dir='ltr' id='par_1_16' title="bbox 202 3745 979 3817">
     <span class='ocr_line' id='line_1_40' title="bbox 202 3745 979 3817; baseline 0.004 -19"><span class='ocrx_word' id='word_1_226' title='bbox 202 3748 228 3814; x_wconf 92' lang='lat' dir='ltr'>l)</span> <span class='ocrx_word' id='word_1_227' title='bbox 247 3745 278 3800; x_wconf 90' lang='lat' dir='ltr'>ln</span> <span class='ocrx_word' id='word_1_228' title='bbox 297 3745 341 3800; x_wconf 90' lang='lat' dir='ltr'>ed.</span> <span class='ocrx_word' id='word_1_229' title='bbox 360 3745 430 3802; x_wconf 82' lang='lat'>1558</span> <span class='ocrx_word' id='word_1_230' title='bbox 448 3745 502 3799; x_wconf 88' lang='lat' dir='ltr'>hoo</span> <span class='ocrx_word' id='word_1_231' title='bbox 520 3749 585 3799; x_wconf 88' lang='lat' dir='ltr'>loco</span> <span class='ocrx_word' id='word_1_232' title='bbox 604 3750 631 3797; x_wconf 90' lang='lat' dir='ltr'>ot</span> <span class='ocrx_word' id='word_1_233' title='bbox 649 3745 715 3816; x_wconf 85' lang='lat' dir='ltr'>alibi</span> <span class='ocrx_word' id='word_1_234' title='bbox 733 3745 847 3817; x_wconf 74' lang='lat' dir='ltr'>legiturs</span> <span class='ocrx_word' id='word_1_235' title='bbox 865 3747 979 3801; x_wconf 85' lang='lat' dir='ltr'>interea.</span> 
     </span>
    </p>
   </div>
   <div class='ocr_carea' id='block_1_4' title="bbox 0 0 1186 4208">
    <p class='ocr_par' dir='ltr' id='par_1_17' title="bbox 0 0 1186 4208">
     <span class='ocr_line' id='line_1_41' title="bbox 0 0 1186 4208; baseline 0 0"><span class='ocrx_word' id='word_1_236' title='bbox 0 0 1186 4208; x_wconf 95' lang='lat' dir='ltr'> </span> 
     </span>
    </p>
   </div>
  </div>
 </body>
</html>
