2346 4208
160 277 222 346 356
379 280 479 339 Resol„
492 279 521 336 lu
540 294 625 350 super
642 281 835 350 Propositione

160 466 234 527 deo:
268 466 334 526 Tuo
359 465 470 545 laqueo
499 471 530 526 te
552 467 651 544 capio.
695 464 727 525 Si
759 465 938 544 imperatori
971 463 1078 525 tribuis

159 549 378 628 temporalium„
397 550 535 609 omnium
548 555 745 629 potestatem,
769 567 822 607 cur
844 567 919 628 ergo
933 555 985 607 lua
1005 554 1079 607 tern-

160 631 279 712 poralia
310 632 478 708 subtrahis,
514 638 546 691 et
575 651 637 692 non
661 633 707 691 vis
741 631 887 693 subdita?
929 630 970 690 Et
997 630 1078 709 quod

159 716 259 776 maius
282 722 337 794 est,
361 722 392 774 et
412 713 637 775 inaestimabile
652 720 830 786 monstrum,
854 732 907 773 cur
930 722 961 773 tu
983 716 1077 793 impe-

158 799 213 876 ria,
234 817 341 879 regna,
364 798 500 857 dominia
521 807 617 878 tenes,
632 800 743 876 aufers,
764 798 895 876 confers,
910 796 1078 856 transfers?

90 917 99 930 ·
160 881 221 941 Cur
242 882 289 940 his
312 888 342 941 te
363 881 494 941 misces?
537 881 593 940 Est
615 882 676 941 hoe
696 882 873 959 imperatori
897 878 1081 959 temporalia

160 964 346 1044 permittere,
368 971 399 1023 et
420 963 473 1024 tibi
498 965 667 1044 spiritualia
688 964 832 1023 servare?

241 1045 322 1120 Quid
344 1047 393 1106 hie
415 1048 518 1107 dicent
540 1066 647 1108 omnes
671 1047 896 1124 decretalistae,
919 1046 977 1105 nisi
997 1045 1081 1125 quod

160 1136 223 1190 tam
246 1148 286 1189 ex
315 1129 415 1190 verbis
446 1150 537 1210 quam
572 1130 716 1210 operibus
750 1132 812 1189 suis
842 1136 1082 1209 cognoscuntur,

164 1231 221 1273 ceu
242 1230 282 1272 ex
303 1213 383 1272 loliis
407 1221 438 1273 et
459 1213 616 1292 fructibus,
640 1233 673 1274 se
703 1215 837 1290 nescire,
860 1211 932 1292 quid
965 1212 1006 1271 sit
1032 1211 1083 1271 vel

161 1296 349 1376 temporale,
372 1297 421 1356 vel
443 1297 616 1375 spirituale,
638 1298 701 1356 imo
724 1297 843 1356 amissis
866 1294 1084 1374 spiritualibus,

161 1379 261 1439 solum
285 1379 468 1459 temporalia
487 1398 602 1459 amare,
624 1389 657 1439 ut
673 1380 934 1459 praecellentiam,
956 1378 1084 1458 opulen-

161 1463 252 1541 tiam,
280 1463 481 1542 voluptatem.
524 1462 555 1524 Si
594 1464 675 1522 enim
702 1465 870 1543 imperator
898 1461 1024 1522 excellit
1051 1462 1082 1519 in

162 1545 393 1625 temporalibus,
412 1565 478 1618 ¹non
502 1544 594 1606 debet
615 1566 653 1607 ea
670 1547 833 1625 spiritualis
849 1545 989 1625 pontifex
1001 1563 1085 1605 usur·

162 1646 252 1707 pare,
285 1628 339 1688 sed
371 1628 493 1688 subdita
514 1629 557 1688 illi
578 1630 767 1708 relinquere,
802 1629 944 1689 tributum
979 1627 1084 1693 deeis

161 1709 297 1790 pendere
318 1713 496 1792 imperatori
518 1718 551 1772 et
570 1711 715 1790 ducibus,
743 1731 780 1772 ae
802 1710 988 1791 reipublicae
1010 1712 1085 1771 tem'·

164 1794 261 1873 porali
284 1813 340 1874 per
360 1795 413 1854 illa
433 1797 557 1870 servire,
580 1797 701 1874 quoties
723 1796 835 1855 fuerint
857 1795 1006 1874 requisiti.

245 1877 331 1937 Licet
357 1896 420 1937 non
448 1879 630 1957 simpliciter
663 1878 776 1938 dictum
806 1878 912 1938 luerit:
964 1875 1083 1939 Subditi

167 1967 276 2035 estote,
298 1960 353 2019 sed
374 1959 512 2021 additum
536 1962 605 2022 fuit:
631 1969 756 2041 propter
778 1961 888 2022 Deum.

247 2042 326 2118 Quid
349 2043 432 2103 hoc?
464 2045 513 2103 An
536 2045 645 2104 iterum
669 2045 831 2105 consilium
854 2043 908 2104 liet
936 2063 975 2104 ex
996 2061 1083 2123 pree-

166 2131 273 2205 cepto:
304 2145 408 2186 ennon
436 2127 616 2207 simpliciter
637 2147 771 2208 persona
802 2127 955 2206 loquentis
988 2129 1085 2186 atten-

164 2207 266 2269 denda
288 2209 355 2267 est?
387 2229 425 2268 an
453 2230 517 2270 non
546 2211 726 2291 simpliciter
759 2210 898 2272 subditos
928 2228 1001 2269 suos
1025 2208 1082 2269 Pe-

165 2290 267 2368 trus*)
292 2294 473 2370 provocavit
495 2293 534 2353 ad
554 2293 777 2354 humilitatem?
811 2293 881 2354 Non
904 2293 1084 2374 simpliciter

164 2376 331 2454 imperator
357 2377 518 2454 praecellit
542 2378 573 2437 in
601 2377 841 2457 temporalibus?
884 2377 910 2437 Ο
939 2378 1083 2437 miserum

164 2467 196 2518 et
217 2458 340 2517 anxium
365 2459 523 2540 effugium,
546 2462 608 2520 imo
632 2460 823 2540 deploranda
844 2461 981 2538 inscitia,
1004 2477 1085 2538 quae

165 2539 317 2620 nondum,
351 2543 422 2620 quid
451 2551 577 2624 propter
597 2544 695 2604 Deum
728 2545 818 2623 velit,
842 2544 960 2624 accipit.
1002 2543 1085 2603 Petri

165 2642 274 2684 sensus
296 2625 405 2703 plenus
428 2633 484 2704 est,
506 2633 539 2686 ut
561 2629 663 2687 statim
688 2630 810 2707 seipse
833 2627 976 2706 exponit:
1005 2625 1085 2701 Quia

168 2707 300 2788 (iuquit)
324 2710 369 2767 sic
391 2717 437 2768 est
459 2710 601 2769 voluntas
624 2711 698 2789 Dei,
724 2710 795 2770 ideo
820 2712 937 2770 scilicet
957 2715 1086 2790 propter

164 2789 263 2850 Deum
285 2790 373 2850 subdi
398 2791 527 2873 debere,
550 2812 613 2854 non
636 2795 708 2873 quia
728 2795 771 2854 illi
794 2800 968 2854 mereantur
991 2792 1085 2873 magi-

164 2879 291 2951 stratus,
324 2874 379 2934 sed
405 2877 478 2954 quia
506 2877 588 2937 Deus
617 2879 661 2937 ita
686 2878 792 2938 voluit.
836 2878 878 2938 At
910 2876 1087 2936 decretator

163 2955 243 3018 forle
264 2964 393 3018 conatur
407 2959 467 3019 lroc
488 2959 583 3021 verbo
605 2979 667 3020 non
691 2963 896 3021 necessariam
915 2978 985 3020 esse
1013 2958 1086 3019 sub·

164 3041 328 3100 lectionem
353 3042 504 3103 eiusmodi
526 3043 653 3123 dooere,
685 3046 772 3123 quasi
794 3045 900 3105 Petrus
928 3041 1086 3103 indebitos

165 3121 348 3200 obsecrarit,
382 3127 482 3186 meriti
503 3126 648 3187 videlicet
668 3129 846 3189 humilitatis
870 3146 973 3188 causa.
1018 3125 1085 3186 Vae

164 3205 235 3283 tibi,
269 3208 320 3285 qui
346 3209 471 3269 verbum
494 3210 552 3270 Dei
582 3211 813 3272 saluberrimum
845 3219 908 3273 tam
937 3208 1087 3270 audacter

135 3305 138 3308 ⁴
165 3291 344 3368 corrumpis,
367 3292 535 3354 miserrime
557 3294 739 3359 decretetor.

247 3370 312 3432 Nec
333 3393 408 3452 pure
431 3377 470 3435 sit
491 3379 653 3458 scripturn,
678 3380 757 3458 Regi
780 3378 997 3459 praecellenti,
1031 3377 1086 3438 scd

165 3454 377 3534 interpositum
399 3458 470 3532 suit,
499 3460 601 3520 forsan
624 3480 686 3521 non
710 3465 776 3522 sine
798 3481 904 3537 causa,
927 3471 1085 3540 tanquam.

248 3537 309 3599 Tot
331 3540 523 3601 mendacium
550 3552 622 3624 eget
649 3543 741 3622 fucis,
775 3554 808 3606 ut
838 3565 944 3606 verum
976 3544 1086 3604 saltem

165 3618 313 3700 videatur,
332 3641 422 3701 quam
445 3626 554 3686 misere
576 3636 734 3707 torquetur
755 3629 805 3689 hie
826 3629 920 3710 fugax
937 3633 1038 3707 autor,
1054 3633 1088 3686 ut

165 3741 583 3756 Μ

240 3796 268 3862 ¹)
289 3796 302 3851 1
322 3794 397 3850 Peir.
416 3797 441 3852 2.
