2346 4208
245 220 248 225 ¹
303 240 665 334 mumanae.
684 272 709 321 a·
729 264 804 323 m
964 252 1031 331 249

117 445 344 513 mnmndsnss
383 442 505 531 mutel)¹
545 444 711 514 damnasse
750 451 833 513 huno
865 454 1028 515 menium

115 528 256 593 numnis
279 532 379 595 iinss:
414 532 501 615 Papa
532 552 597 597 non
630 541 678 596 est
708 536 776 625 inrp
795 534 909 598 'divino
936 554 1031 619 snper

114 630 212 677 unes
233 614 395 681 eosissias.
437 615 517 679 Nam
540 618 567 679 si
587 618 731 680 Romana
750 618 884 680 adelesia
905 626 1029 702 etpspa

114 698 240 759 utinre
259 698 370 761 divino
392 718 491 781 super·
508 718 617 763 omnes
629 701 779 763 eoelssiss
800 706 832 763 st
853 714 1030 783 supernon-

114 778 221 857 fflhm,
243 791 357 845 uonna
377 783 426 845 ins
437 783 574 845 divinum
597 783 832 846 determinatum
855 791 903 846 est
926 785 1029 865 (qnod

112 864 788 949 eet·impiissimnmetitaerstieum),pspam
804 873 836 930 st
856 868 1029 930 Romanam

114 946 273 1023 emiesiam
296 966 369 1012 esse
394 950 476 1013 inira
495 949 714 1013 consiliumet
734 956 832 1013 totam
853 951 1030 1033 seelestam,

110 1030 174 1111 μ’
198 1048 266 1093 non
288 1036 338 1095 est
357 1034 390 1095 in
409 1050 505 1107 mann
526 1032 680 1095 eeclesiae
699 1040 753 1095 sut
774 1034 897 1095 consilii
917 1036 965 1096 ius
986 1034 1030 1097 di·
1056 1064 1059 1077 ·

113 1112 210 1175 m
231 1114 413 1197 infringere,
434 1114 570 1196 ideoque
590 1134 653 1177 non
665 1116 766 1197 potnit
778 1134 892 1197 papam
914 1114 965 1179 vel
978 1117 1030 1180 de·

114 1210 223 1277 umere
244 1198 309 1260 vsi·
328 1200 528 1262 constituere.
569 1197 619 1260 An
650 1198 750 1261 eredis
778 1218 939 1280 passurum
968 1202 1030 1281 epi-

116 1296 236 1361 osopum
257 1278 496 1356 summersam
516 1298 586 1345 sese
598 1280 712 1363 deponi
737 1282 787 1343 val
808 1284 953 1345 eonstitni
973 1302 1031 1364 per

212 1363 1029 1527 iii,'iictffi⁰iti⁵tttdiiii2⁰itiii⁰iit

116 1544 168 1619 non
188 1464 223 1589 13
241 1531 310 1609 irati
331 1464 481 1609 debers?
504 1522 693 1617 nisi'msllet
713 1531 826 1612 impius
849 1537 880 1592 et
895 1531 1029 1595 :naereti-

115 1626 160 1671 ess
178 1618 260 1677 esse.
289 1612 337 1675 lta
357 1614 449 1675 Rom.
467 1614 633 1694 episeopus
654 1619 836 1693 nonpoteet
857 1632 916 1675 nen
937 1613 1030 1677 debet

116 1694 168 1771 Μ’
188 1708 225 1757 'se
245 1712 267 1757 a
288 1696 423 1758 sonnilio
443 1697 511 1779 regi
531 1702 563 1757 et
585 1697 676 1756 statui
695 1742 703 1771 ‚
725 1696 752 1758 si
774 1702 822 1756 est
842 1714 942 1778 snper·
956 1716 1028 1759 eon-
1089 1741 1094 1747 .
1125 1700 1129 1705 '

117 1774 207 1839 tilium
235 1784 272 1841 et
297 1779 465 1841 eeclesiam
501 1779 568 1839 inre
585 1777 714 1841 divino.
758 1779 831 1839 cius
864 1780 945 1840 enim
981 1786 1030 1842 est

117 1872 223 1939 tmere,
244 1878 310 1922 non
332 1863 409 1943 regi,
431 1862 483 1940 qni
503 1862 569 1922 iure
589 1861 695 1931 divino
716 1863 857 1942 superior
877 1868 935 1943 est.
991 1860 994 1867 '

187 1942 294 2023 Atque
309 1944 358 2011 tta
379 1950 481 2025 patet,
516 1944 757 2007 constantiense
778 1944 943 2006 sonoilinm
975 1952 1028 2006 ant

118 2025 267 2087 Mum
290 2025 384 2088 Hussi
405 2028 488 2088 male
509 2025 691 2108 damnasse,
713 2034 767 2088 sut
788 2034 896 2088 eontra
917 2029 965 2089 ins
986 2028 1029 2089 di·

118 2104 208 2169 vinum
225 2110 327 2189 impie
348 2109 571 2171 determinasse
593 2116 625 2170 et
646 2111 757 2190 egisse.

186 2190 249 2252 Sed
273 2192 353 2253 nitra
375 2192 446 2253 vide
468 2193 596 2273 Spiritus
630 2194 728 2252 saneti
757 2195 962 2273 praesentiam
995 2196 1026 2253 in

118 2272 252 2353 molesia,
288 2274 319 2334 id
342 2275 425 2354 quod
454 2277 485 2335 in
507 2276 739 2337 constantiensi
761 2277 895 2337 oonsilio
928 2276 1026 2337 deter-

118 2355 252 2416 minatum
277 2364 334 2435 est,
356 2378 469 2439 papam
492 2357 647 2432 soilieet2)
673 2377 743 2418 esee
762 2359 842 2418 inira
864 2360 1027 2420 concilium

117 2439 321 2516 neomesiam,
343 2460 382 2501 ao
398 2461 454 2522 per
469 2441 638 2501 Basiliense
661 2429 872 2502 confirmatum
891 2443 949 2502 iam
974 2462 1028 2503 uo·

119 2519 229 2583 sissimo
252 2524 397 2584 Romano
419 2525 551 2585 coneilio
574 2529 622 2584 est
645 2523 852 2603 reprobatum,
875 2532 907 2584 et
928 2531 1026 2585 totum
1106 2574 1110 2579 .

120 2599 276 2666 tuitiense
297 2605 489 2687 abrogatum,
511 2613 605 2684 atque
638 2613 799 2684 statutum,
820 2624 932 2687 papam
957 2627 1027 2669 esse

119 2689 291 2764 apenorem
321 2689 467 2752 eoncilio.
510 2687 590 2762 Quid
625 2688 675 2748 hio
702 2688 862 2749 disemus?
897 2708 1026 2751 neeesse

119 2775 165 2846 eet,
209 2778 264 2831 aut
301 2771 474 2832 Romanum
508 2777 561 2833 aut
594 2772 832 2832 constantiense
864 2773 1027 2832 oonoiiinm

120 2845 290 2913 hereticum
312 2873 392 2930 esee,
413 2856 439 2914 si
462 2874 524 2916 non
547 2853 620 2914 lieet
640 2853 803 2914 adseretis
826 2855 1026 2915 conciliorum

120 2935 271 2997 madere.-

183 3019 326 3098 Denique
358 3019 408 3079 via
436 3020 496 3079 iam
526 3018 615 3079 nobis
642 3020 724 3079 faeta
745 3026 793 3080 est
814 3017 1026 3099 enervsudi³)

124 3103 300 3162 autoritatem
338 3102 547 3163 consiliorum
589 3108 620 3161 et
659 3101 754 3162 libere
796 3102 1026 3162 contradicendi

124 3194 210 3242 eorum
232 3185 339 3265 gestis,
361 3202 398 3244 ae
420 3184 575 3245 iudicandi
588 3203 694 3245 eorum
716 3184 848 3245 decreta.
893 3185 971 3244 Nam
994 3191 1028 3244 ut

125 3257 216 3339 dieunt,
238 3268 265 3327 ei
288 3268 396 3327 inuno
418 3268 547 3328 arficulo
563 3286 683 3328 errasse
694 3266 942 3347 deprehenditur,
964 3269 1025 3328 iam

128 3346 175 3405 iota
194 3350 257 3409 eius
280 3347 406 3409 vacillat
426 3351 584 3411 autoritas.
629 3348 705 3423 Quis
727 3357 775 3410 est
795 3351 887 3430 igitur
900 3358 960 3410 tam
974 3369 1026 3410 au·

128 3420 185 3502 dux,
204 3434 254 3509 qni
277 3452 326 3491 me
349 3439 525 3512 praesumet
546 3433 734 3492 haereticum
756 3452 895 3512 arguere,
919 3434 1026 3493 etiam·

130 3505 147 3563 ti
161 3514 293 3575 universa
313 3513 439 3576 deoreta
452 3515 584 3594 aoncilii,
608 3522 670 3575 tam
686 3516 818 3576 Romani
841 3516 1025 3594 quamcun-

132 3622 475 3644 *nu—..-

155 3677 282 3740 i)1ned.
301 3685 376 3738 an.:
396 3685 509 3737 malum.
526 3686 558 3752 2)
579 3687 610 3738 ln
621 3686 696 3741 edd:
717 3689 786 3756 orig.
797 3686 892 3738 deest:
912 3685 1025 3740 scilieet.

133 3741 155 3805 3)
170 3749 241 3808 ibid:
259 3755 419 3819 enarrandi.
