2346 4208
281 294 285 300 -
351 264 385 319 de
406 262 588 319 Sacramenta
606 261 746 335 baptismi.
801 349 803 355 Ι
957 260 1020 331 407

97 447 203 527 dotes,
236 447 346 528 quibus
368 449 419 509 isti
443 467 498 510 suo
521 448 675 531 baptismo
698 448 920 513 satisfacerent.
963 449 1020 511 Est

98 537 202 593 autem
225 530 395 611 baptismus
418 550 570 593 unacum
594 552 648 612 eo,
676 532 760 612 quod
781 531 948 614 significat,
969 552 1021 615 gs

99 613 213 675 neralis
235 613 388 694 quaedam
410 615 519 696 regula
530 617 691 696 proposita
713 615 865 695 omnibus,
886 624 918 676 ut
932 635 1021 679 unus

98 696 227 778 quisque
255 716 323 758 eam
358 699 509 759 rationem
532 695 663 779 deligat,
698 719 788 779 quam
816 698 873 760 sibi
902 716 1021 778 suoque

98 781 181 841 vitae
205 781 312 860 generi
336 782 468 843 maxime
485 783 651 843 convenire
673 789 769 862 putat,
792 801 853 861 qua
865 781 1020 862 baptismo

98 861 238 943 satisfiat,
262 864 391 943 hocest,
414 884 475 944 qua
485 863 705 927 mortificentur
720 874 860 945 peccata,
883 873 914 925 et
935 884 1021 946 praa·

98 951 244 1088 parentur
272 947 368 1007 animi
396 946 435 1008 ad
465 954 595 1008 mortem
625 949 752 1027 aequius
778 947 951 1025 ferendam,
985 967 1023 1009 ac

111 1048 168 1089 eve
190 1047 227 1089 ac
250 1047 344 1090 suave
365 1026 420 1090 fiat
441 1049 518 1090 onus
539 1029 660 1108 Christi,
683 1050 783 1110 nequa
805 1050 864 1090 nos
886 1030 924 1090 ad
946 1029 1021 1108 illud

97 1112 295 1190 resistamus,
317 1120 370 1172 aut
391 1114 600 1193 impatientius
624 1113 655 1173 id
676 1113 819 1175 feramus.
863 1112 948 1175 Sicut
970 1112 1021 1175 Sa·

99 1194 206 1255 iomon
218 1194 306 1255 dicit:
328 1195 503 1276 lnsipientis
517 1216 614 1277 opera·
633 1199 809 1257 excruciant
831 1216 911 1275 eum,
933 1215 1023 1276 prop·

100 1284 185 1339 terea
219 1276 302 1358 quod
337 1280 418 1340 viam
446 1279 484 1339 ad
515 1280 669 1340 civitatem
701 1280 828 1341 nesciat.
872 1273 1022 1354 Quemad-

100 1360 226 1423 modum
260 1362 359 1436 anim,
386 1363 412 1422 si
445 1363 495 1440 qui
523 1361 562 1423 ad
591 1362 695 1423 urbem
728 1363 861 1441 aliquam
884 1360 1023 1439 tendunt,

99 1460 211 1517 cuma
232 1444 283 1504 via
304 1444 456 1519 aberrant,
480 1444 600 1519 dolent,
623 1447 666 1505 ita
686 1446 733 1505 his
756 1463 879 1525 quoque
901 1444 1022 1520 accidit,

99 1526 241 1606 quicum
271 1546 326 1606 per
359 1533 456 1587 totam
481 1530 573 1588 vitam
595 1527 697 1588 multis
719 1547 757 1588 ac
779 1527 870 1588 variis
893 1546 927 1588 se
950 1546 1022 1607 ope·

100 1608 183 1670 ribus
196 1607 403 1690 defatigarint,
415 1611 531 1671 nullum
545 1619 647 1671 tamen
665 1610 872 1690 indepapiunt
884 1609 1023 1673 fructum.

182 1691 315 1754 Decimo
338 1701 470 1772 octavo,
502 1695 563 1754 huc
592 1712 714 1773 quoque
747 1695 902 1773 pertinent
930 1698 1024 1753 notae

98 1774 172 1835 illae
194 1775 410 1856 quaestiones,
434 1796 473 1836 an
495 1776 663 1856 baptismus
687 1784 717 1836 et
739 1781 864 1852 votum,
887 1772 970 1854 quod
991 1775 1023 1835 in

100 1855 253 1937 baptismo
275 1859 426 1937 vovimus,
450 1860 567 1920 maiora
589 1859 651 1919 sint
670 1860 760 1938 votis,
784 1857 893 1938 quibus
915 1856 1023 1919 acob

97 1940 251 2020 stringunt
273 1941 414 2002 homiues
445 1941 484 2002 sd
507 1943 697 2020 castitatem,
732 1940 771 2002 ad
795 1939 1024 2017 monachatum,

98 2023 137 2084 ad
161 2023 299 2083 ordinem
324 2024 535 2103 sacerdotum,
570 2045 639 2085 cum
667 2032 770 2086 tamen
793 2023 962 2103 baptismus
984 2023 1026 2083 ait

100 2107 271 2167 communis
310 2108 451 2168 omnibus
488 2108 686 2186 Christianis,
728 2116 759 2168 st
796 2105 1024 2187 Religiosorum

102 2196 175 2251 vota
198 2189 352 2269 singulare
374 2211 410 2251 ae
434 2192 529 2250 maius
553 2190 696 2270 quiddam
721 2210 795 2270 prae
826 2209 859 2249 se
881 2189 960 2248 ferre
983 2188 1024 2246 vi-

103 2271 252 2333 deantur?

188 2355 220 2415 Si
243 2356 310 2434 quis
332 2357 423 2436 igitur
445 2375 491 2432 ea,
515 2375 594 2435 quae
616 2375 708 2437 supra
730 2356 876 2432 diximus,
900 2353 1027 2434 diligen·

104 2444 150 2498 ter
171 2438 265 2518 legit,
298 2439 376 2498 isin
400 2447 542 2518 promptu
565 2438 705 2515 habebit,
736 2437 808 2516 quid
830 2436 1028 2517 respondeat.

103 2521 182 2582 Nam
216 2521 245 2580 in
280 2520 433 2600 baptismo
464 2542 556 2581 unum
585 2530 616 2581 et
638 2522 717 2581 idem
749 2521 884 2580 omnium
906 2525 953 2579 est
974 2537 1027 2578 vo-

105 2611 179 2680 tum,
202 2611 319 2664 vovent
341 2605 420 2664 enim
445 2623 553 2665 omnes
578 2604 631 2681 illi,
655 2605 704 2682 qui
719 2602 921 2682 baptizantur,
942 2599 1025 2681 quod

104 2687 200 2747 velint
222 2685 407 2747 mortificare
430 2695 573 2766 peccata,
605 2692 635 2746 et
657 2685 840 2746 sanctificari
862 2705 917 2764 per
939 2685 1027 2744 mise·

105 2768 270 2831 ricordiam
293 2769 365 2847 Dei,
400 2772 448 2829 cui
479 2790 511 2829 se
534 2769 658 2829 tradunt
684 2776 715 2829 et
737 2767 883 2836 offerunt,
906 2785 962 2826 ceu
984 2766 1026 2826 lu·

107 2861 170 2912 tum
193 2850 299 2932 figulo,
323 2872 422 2931 neque
444 2853 493 2912 hic
519 2854 678 2931 quisquam
701 2852 787 2911 alteri
810 2856 955 2929 praestat,
973 2848 1027 2909 sed

108 2936 244 2996 omnium
268 2935 375 2995 eadem
399 2942 445 2996 est
468 2935 614 2996 conditio

190 3018 279 3079 Ratio
311 3027 429 3095 autem,
463 3038 523 3098 qua
552 3016 681 3078 satisfiat
710 3017 884 3096 baptismo,
917 3020 948 3073 et
969 3032 1029 3092 qua

109 3099 326 3163 mortificemus
349 3105 493 3181 peccata,
520 3101 573 3160 ilia
597 3120 658 3161 non
684 3101 797 3179 poterit
818 3116 887 3159 esse
910 3095 1028 3156 eadem.

110 3183 212 3261 Quare
233 3185 293 3244 iam
323 3191 414 3245 antea
446 3185 566 3260 monui,
599 3184 781 3262 utquisque
804 3180 967 3261 diligenter
989 3179 1030 3239 vi·

110 3267 197 3340 deat,
221 3286 372 3346 quaenam
401 3269 478 3328 ratio
502 3265 707 3327 mortificandi
735 3271 865 3346 peecata
886 3268 917 3323 et
937 3263 1030 3341 repri-

110 3350 241 3412 mendae
264 3351 363 3410 carnis
397 3351 453 3411 sibi
486 3351 619 3409 maxime
641 3350 821 3423 conveniat,
853 3344 935 3426 quod
957 3346 1030 3405 item

109 3435 192 3495 vitae
213 3452 320 3514 genus.
366 3434 477 3493 Verum
500 3434 593 3513 igitur
614 3432 674 3491 hoo
696 3437 757 3506 est,
791 3430 906 3490 nullum
930 3447 1031 3506 neque

111 3519 244 3598 gravius,
264 3535 366 3594 neque
388 3517 506 3593 melius,
530 3534 629 3593 neque
653 3516 743 3574 etiam
768 3515 864 3573 maius
887 3531 957 3572 esse
980 3530 1030 3571 vo·

112 3609 192 3678 tum,
225 3619 314 3678 quam
343 3598 496 3678 baptismi.
541 3596 620 3672 Quid
651 3599 731 3659 enim
761 3594 891 3675 amplius
915 3613 1031 3673 quaeso

111 3701 226 3743 vovere
245 3682 379 3762 poteris,
415 3700 505 3760 qnam
539 3680 621 3760 quod
653 3679 729 3740 velis
756 3676 941 3739 mortificare
963 3696 1031 3756 pec

112 3771 191 3846 cata,
214 3766 301 3844 mori,
323 3764 404 3824 hane
426 3766 519 3824 vitam
543 3763 656 3840 odisse,
679 3759 882 3823 sanctificari?
