2346 4208
120 252 183 321 2OE
370 254 528 323 Disputatio
546 254 768 323 bipsiae'habita
786 270 811 307 a.
831 254 893 307 ΧΙΧ

121 446 153 504 in
175 443 355 504 defensione
375 462 445 503 moa
465 441 640 522 adductum,
662 443 748 502 ciuus
763 444 953 504 sententian
972 458 1034 526 pra

122 529 210 606 sequi
228 546 292 587 non
315 534 363 588 est
383 526 513 585 instituti
535 527 632 586 nostri
653 528 684 585 in
707 527 896 606 praesentit⁴

205 610 343 671 Accedat
380 616 537 689 postremo
559 609 693 669 isidorus
723 609 775 670 lib.
799 613 829 672 2
851 609 893 670 da
919 624 1035 673 sums

121 693 215 773 bono,
238 712 306 774 cap.
330 696 382 756 13:
416 691 563 766 Quamvis
591 711 646 772 per
668 693 893 773 poenitentiam
913 694 1037 777 propib—

121 780 185 837 atio
206 783 404 872 peccatorum
418 780 467 850 sit,
489 782 591 835 tamen
614 777 777 835 sinemetn
794 776 856 836 boc
878 792 952 838 csse
972 790 1038 839 noll·

121 859 230 938 debet,
263 861 335 938 quio
369 860 556 938 poenitentis
578 859 747 919 satisfactio
778 858 884 920 divino
919 866 1037 922 ΙΙΙΙΙΙΙ

120 950 266 1023 pensatur
287 943 417 1020 indicio,
447 961 510 1002 non
533 941 678 1002 hnmano.
722 941 825 1016 Quare
845 944 1035 1022 poenitenti

119 1028 256 1086 iniuncta
277 1043 341 1085 non
362 1032 425 1104 est,
460 1025 531 1104 quia
564 1025 713 1085 satisfacit
734 1032 853 1086 tantum
874 1028 1031 1107 ecclosias,

121 1110 176 1169 sed
198 1111 292 1169 etiam
313 1110 385 1188 qnia
412 1107 523 1167 satisfit
542 1109 620 1168 Deo.
662 1108 742 1168 Nam
774 1117 807 1170 et
835 1109 920 1189 apud
941 1111 1034 1171 Dan

120 1191 300 1272 productior
321 1197 372 1252 est⁴
388 1209 508 1271 poena,
542 1210 632 1270 quam
655 1191 761 1272 culpa,
793 1200 828 1253 nt
848 1195 1033 1274 Augustinus

120 1281 249 1336 testatur
270 1281 356 1336 tract.
379 1277 439 1337 124
460 1293 554 1353 super
573 1275 752 1335 Iohannem.

203 1357 319 1433 Quibus
342 1358 483 1418 omnibns
504 1376 560 1436 pro
580 1357 904 1419 indubitata·vcritata
925 1358 1034 1421 habim

120 1441 249 1501 faciliter
275 1447 362 1521 patet
381 1439 564 1520 improbatio
588 1441 795 1501 conclusionis
820 1443 967 1523 qaintae,
987 1440 1041 1505 alu

120 1524 195 1584 dicit
207 1524 393 1585 reverendus
403 1525 503 1602 Pater,
526 1524 900 1602 quamlibetsaccrdotsm
923 1525 1033 1587 dobere

120 1607 282 1668 absolvere
303 1609 514 1687 poenitentem
535 1626 555 1666 a
575 1625 678 1686 poena
699 1615 731 1668 ct
750 1627 771 1684 a
791 1609 903 1689 culpa,
939 1615 972 1670 ct
994 1609 1038 1669 ln

121 1691 248 1771 quilibet
268 1690 413 1751 sacerdos
431 1691 563 1750 villanus
576 1698 661 1750 esset
680 1692 712 1750 in
733 1710 791 1752 sua
805 1691 1033 1837 membra?

121 1793 244 1854 scopus,
266 1775 516 1853 archiepiscopus
539 1779 571 1833 et
592 1793 684 1853 papo.
710 1773 801 1849 Quod
819 1793 890 1835 esse
911 1795 943 1835 m
1005 1792 1032 1835 c-

120 1860 254 1918 stissime
275 1857 384 1918 falsum
407 1865 529 1936 praeter
550 1875 636 1916 usuro
659 1858 752 1918 totius
774 1858 943 1938 scolaces,
974 1874 1033 1920 ιω

121 1942 222 2003 solum
250 1941 463 2019 adulatorum,
505 1940 652 2020 probatur
679 1942 778 2017 primo
800 1960 841 2002 ex
871 1943 925 2021 iis,
959 1958 1033 2023 quw

122 2024 295 2102 dictasunt,
317 2025 388 2103 quia
398 2043 454 2103 per
466 2023 692 2084 absolutionem
704 2024 931 2086 sacerdotalem
947 2025 998 2085 ool
1046 2018 1051 2027 ’

122 2108 257 2187 deletur,
289 2126 395 2186 poena
425 2114 545 2185 manet,
578 2107 653 2167 licet
680 2114 884 2185 commutata3
915 2040 1034 2189 doing

123 2193 195 2271 quia
216 2195 440 2251 sacramentnm
456 2191 667 2270 poenitentiae
687 2196 735 2251 est
750 2191 904 2271 iudiciale,
926 2199 963 2252 ut
980 2191 1033 2252 for·

122 2293 203 2333 mam
225 2275 313 2334 huius
334 2273 438 2333 iudicii
462 2273 607 2334 describit
616 2275 652 2335 B.
666 2274 855 2354 Augustinus
878 2294 926 2335 oa.
948 2278 980 2339 2.
997 2272 1034 2333 tls

121 2377 213 2437 poen.
238 2356 346 2416 medic.
368 2357 408 2416 Et
423 2355 462 2416 ad
480 2356 625 2416 iudicium
638 2356 796 2417 ferendum
809 2358 1032 2438 pcrtinetiuris

122 2441 227 2517 dictio,
248 2442 306 2500 nisi
318 2440 393 2501 velit
403 2440 645 2520 Anaxagoreum
657 2441 752 2500 cbaos
775 2448 806 2501 et
821 2442 1032 2503 confusiones

124 2526 289 2584 maximam
311 2523 417 2583 facere
438 2525 470 2583 in
494 2524 627 2584 ccclesia
648 2524 716 2585 Dei.

204 2607 246 2667 ΕΙ
268 2627 337 2667 cum
350 2607 519 2667 iurisdictio
535 2626 569 2666 se
581 2607 621 2666 ad
636 2606 698 2667 duc
710 2607 858 2668 extendat
871 2605 1039 2669 materialis·

95 2702 98 2706 ’
122 2692 154 2749 in
176 2691 237 2751 lsoc
258 2698 451 2751 sacramento
474 2690 593 2767 habita,
620 2709 691 2749 nam
715 2698 746 2751 et
767 2698 914 2770 peccator
935 2688 1035 2771 posui-

123 2782 191 2834 tens
214 2782 245 2835 et
265 2783 396 2854 paccata
416 2776 485 2853 ipsa
510 2779 581 2832 sunt
602 2773 641 2834 de
662 2779 791 2834 materia
818 2775 1034 2855 poenitentias,

123 2864 155 2917 et
175 2877 266 2918 nemo
279 2864 375 2938 negat
384 2856 624 2916 iurisdictionem
646 2859 676 2916 in
689 2858 881 2919 inferioribus
894 2858 1037 2920 Praelatit

114 2941 163 3000 ad
178 2942 392 3002 confusionem
404 2941 573 3000 tollendam
587 2959 656 3000 esso
670 2949 850 3019 coartatam,
864 2942 969 3021 quoad
981 2958 1037 3003 nia·

123 3025 229 3085 teriam
246 3026 450 3104 peccantium,
465 3043 535 3083 nam
547 3025 619 3083 bine
637 3027 752 3105 proprii
765 3024 938 3087 minoris
951 3024 1036 3087 taos-

122 3116 170 3168 tnr
177 3109 402 3169 determinatio.
421 3108 770 3186 Eltqniasententianon
782 3109 1037 3171 lataasnoiudioe

123 3199 171 3253 est
191 3193 292 3270 nulla,
313 3191 384 3252 ideo
406 3193 572 3252 absolvens
594 3211 656 3252 non
679 3192 833 3255 subditum
855 3193 932 3253 nihll
959 3192 1037 3254 nsit

205 3276 257 3337 Sic
269 3297 288 3335 a
299 3276 390 3335 simili
404 3274 565 3359 material)
583 3284 779 3355 peccatorum
792 3283 898 3356 potest
911 3274 1037 3338 cossim

123 3360 290 3420 iurisdictio
325 3360 434 3419 eadem
455 3361 577 3419 rationo
614 3367 646 3420 et
675 3361 706 3418 in
729 3359 887 3419 criminum
911 3360 1036 3421 dstcsts·

123 3444 217 3505 tione
263 3442 354 3518 Quod
383 3451 487 3504 autem
515 3445 607 3502 etiam
637 3463 656 3502 a
686 3441 743 3503 sibi
772 3444 947 3504 commissis
980 3458 1036 3503 non

123 3530 222 3608 possit
243 3528 381 3624 plenarie
402 3528 582 3606 absolvere,
614 3546 713 3586 exeo
737 3532 841 3606 patet,
863 3528 937 3605 qnia
960 3532 1036 3587 ΙΙΙΙΙ

122 3618 280 3739 potestas,
305 3612 361 3669 nisi
384 3612 548 3671 autoritate
570 3610 713 3670 fundetur
748 3616 856 3670 contra
878 3612 973 3671 totins
994 3624 1035 3669 ec·

311 3731 486 3739 .—.—--
491 3731 541 3736 ....-

160 3783 243 3853 1)1n
262 3731 308 3836 ed.
326 3785 412 3852 orig:
439 3783 484 3835 Sic
502 3797 520 3835 a
537 3782 621 3835 simili
637 3784 798 3836 intueberis
818 3788 869 3837 etc.
