2346 4208
125 269 167 335 52
340 272 497 340 Disputatio
517 274 623 342 lipsiae
642 273 778 326 liabitas.
797 273 858 326 XIX

126 457 231 552 maior,
244 456 326 516 satis
328 454 454 533 indieat,
468 456 584 516 nullum
596 459 793 553 suppositum
799 431 893 518 fuisse
908 465 961 518 aut
972 454 1041 518 esse

20 586 27 599 ,
125 540 282 617 maiorem,
304 542 397 600 etex
410 541 630 618 consequentia
651 549 752 601 textus
774 547 868 620 patet,
891 540 1002 620 quod
988 560 1040 602 no·

124 620 180 681 luit
202 622 296 682 ullum
319 641 389 683 esse
411 623 557 685 maiorem
581 629 639 684 eta
662 622 754 699 Quod
770 633 878 684 autem
894 642 956 703 pro
969 642 1041 702 eon·

123 702 296 799 firmatione
319 712 379 765 sua:
394 705 515 765 induxit
534 704 610 766 illud
632 706 748 766 Lueae:
780 707 900 803 Rogavi
921 722 977 786 pro
1001 715 1041 784 te,

123 787 277 866 Petraei
297 787 496 867 tudonfirma,
519 808 574 868 pro
600 808 647 849 me
660 790 752 885 volet,
775 792 845 869 quia
866 790 975 850 fratres
986 790 1041 849 Pe

124 871 161 930 tri
182 871 286 931 Petro¹
295 869 524 932 confirmandos
545 868 714 993 praecipit,
740 891 804 933 non
828 873 1044 933 maioritatem

451 1052 657 1114 'Eooiua
707 1060 709 1065 '

204 1201 251 1262 De
273 1202 423 1280 apostolis
444 1203 527 1282 quod
549 1204 651 1263 attulit
670 1202 855 1263 reverendus
877 1201 982 1279 Pater,
1009 1208 1043 1262 ut

123 1266 219 1345 semel
242 1285 351 1363 dieam,
371 1304 412 1344 ex
428 1285 582 1365 Cypriano
605 1285 776 1346 audivimus
799 1292 830 1347 et
840 1285 1041 1365 Hieronymo,

123 1367 206 1446 quod
227 1367 297 1428 etS
312 1374 427 1447 martyr
442 1376 473 1428 et
492 1369 902 1450 paparlnaoletusltestatur
921 1385 1042 1427 aunone

122 1450 153 1510 in
175 1469 270 1528 nono,
292 1449 361 1511 dist.
383 1453 446 1513 21:
477 1452 633 1530 Aequales
661 1452 755 1512 fnisse
781 1470 837 1513 eos
863 1452 894 1509 in
917 1454 1041 1529 aposto·

123 1533 205 1612 latu,
219 1533 302 1612 quod
324 1551 416 1594 nemo
439 1541 541 1629 negat.
558 1536 601 1594 Αι
619 1535 790 1614 aequalitas
808 1534 864 1594 illa
886 1533 1042 1629 apostola·

122 1625 169 1674 tus
191 1635 254 1676 non
274 1615 463 1695 praeiudioat
481 1618 622 1696 primatui
645 1625 676 1677 et
697 1617 887 1698 prinoipatui
907 1617 966 1675 nisi
988 1617 1042 1676 im-

122 1698 273 1778 pudenter
294 1698 420 1775 dicatur,
443 1697 473 1760 S.
498 1709 661 1780 martyrem
670 1700 883 1761 Anaoletum
875 1719 906 1758 in
931 1696 1041 1759 eodem

122 1781 248 1845 deoreto
268 1781 327 1841 srlu
336 1780 569 1844 contradixisse
592 1782 683 1858 Quod
696 1803 771 1845 vero
795 1790 912 1843 tautum
926 1780 1042 1861 ponde

35 1924 41 1938 Χ
122 1865 163 1923 ιιι
196 1872 227 1925 et
248 1865 394 1945 praesidii
419 1864 535 1925 loeat'
528 1886 559 1924 ιιι
594 1866 788 1951 ordinatione
818 1864 1043 1947 apostolorum,-

121 1949 204 2026 soio,
237 1946 320 2026 quod
341 1947 488 2007 Paulus'
481 1967 616 2028 ingenue
643 1940 779 2031 scripsit·
787 1950 846 2023 *ιε
875 1948 1042 2043 Postquam

121 2029 295 2091 ascenderit
314 2030 585 2111 Hierosolymam,
608 2032 683 2095 nihil
704 2052 739 2093 se
760 2033 914 2128 recepisse
935 2029 1004 2090 ab
995 2030 1043 2107 ιιι,

122 2114 173 2192 qui
195 2112 377 2174 videbantur
406 2114 521 2192 aliquid
552 2135 630 2176 esse
666 2116 778 2176 Verum
802 2117 827 2175 si
849 2132 963 2175 nervus
984 2114 1044 2173 iste

121 2204 181 2256 tarn
203 2195 421 2256 invincibiliter
444 2196 568 2258 Eoeium
597 2198 693 2279 ligare
715 2199 828 2277 debet,
864 2217 883 2256 u
886 2203 973 2256 tatur·
993 2206 1042 2274 ed,

120 2297 189 2339 oum
210 2281 342 2360 sopiam
353 2280 534 2375 opponendi
555 2281 704 2342 habuerit.
728 2280 789 2343 Sed
813 2279 894 2376 quod
912 2279 1042 2360 gratiam

118 2362 176 2422 sibi
197 2362 309 2422 laetam
332 2362 375 2422 ait
396 2381 434 2423 ex
457 2362 621 2467 Cypriane,
644 2365 804 2444 apostolos
826 2364 893 2459 pari
917 2374 1042 2422 consor

121 2446 162 2504 tio
186 2447 343 2524 praeditos
364 2445 491 2506 honoris
514 2452 546 2506 et
565 2430 743 2544 potestatis,
778 2448 804 2507 si
826 2447 915 2506 istam
937 2443 1043 2524 appel-

120 2526 164 2587 lat
183 2530 323 2624 gratiam,
347 2529 518 2590 solutiones
537 2549 608 2591 suas
627 2531 812 2607 interimere,
835 2535 959 2609 paratus
975 2546 1042 2586 sum

120 2629 214 2690 saepe
236 2613 264 2671 ei
287 2613 379 2675 talem
402 2613 531 2692 gratiam
553 2612 709 2676 exhibere
752 2613 830 2672 Nam
863 2611 1045 2672 distinxerat

120 2695 307 2755 reverendus
330 2695 454 2773 Pater,
461 2696 582 2756 Petrum
607 2697 701 2756 fuisse
722 2698 856 2775 priorem
880 2704 1044 2775 praeroga·

121 2777 183 2837 tiva
204 2777 351 2856 honoris,
373 2797 435 2838 non
458 2779 642 2858 potestatis,
666 2779 867 2859 Cyprianus
860 2797 889 2838 ιιι
913 2784 1044 2855 utroquo

121 2878 175 2919 eos
197 2863 384 2941 aequiparat.

203 2944 250 3003 De
273 2944 448 3022 Numidia,
450 2963 541 3023 quam
562 2945 605 3004 ait
626 2963 695 3005 esse
718 2912 798 3004 inter
820 2942 1042 3020 Mauritaniam,

79 3037 82 3044 '
121 3026 255 3106 siquod
277 3028 386 3106 attulit,
408 3028 565 3124 negotium
588 3027 618 3105 ¹)
641 3034 688 3088 est
709 3028 917 3107 impertinens,
939 3033 971 3086 et
990 3023 1042 3084 diu

87 3172 90 3179 Α
120 3111 406 3207 cosmographieum
431 3111 587 3205 negotium
608 3130 674 3172 non
693 3129 800 3190 agens,
822 3129 884 3170 non
907 3109 1043 3169 omnium

121 3195 212 3253 etiam
241 3195 375 3254 maurini
408 3193 476 3253 Hoo
503 3195 567 3253 seio
598 3193 810 3253 Mauritaniam
840 3193 1043 3271 'Purgauieasn

121 3276 391 3337 etcaesariensem
414 3275 453 3336 ab
470 3275 595 3335 Atlante
618 3294 745 3356 vergere
769 3260 864 3354 usque
888 3273 926 3334 ad
950 3293 1043 3351 snare,

121 3378 221 3438 neque
243 3360 401 3420 Atlantem
424 3359 499 3454 poni
528 3361 688 3418 terminum
713 3359 851 3435 Africae,
875 3356 942 3416 sed
966 3355 1043 3416 Afri-

121 3461 188 3502 eam
211 3461 266 3524 pro
296 3461 408 3522 magna
435 3442 482 3500 sui
511 3448 597 3520 parte
625 3441 761 3502 dividere
783 3442 821 3502 ad
851 3441 953 3520 plures
975 3458 1043 3519 gra⁴

121 3526 201 3604 dus,
229 3524 371 3585 sufficiat
380 3526 556 3585 venientes
562 3525 601 3583 ad
625 3525 801 3586 Cornelium
834 3545 873 3585 ex
899 3522 1044 3582 Numidia

159 3718 187 3775 ιι
210 3714 240 3765 ln
258 3713 302 3767 ed:
320 3713 396 3767 dala:
420 3713 453 3765 ad
475 3715 628 3780 negotium.
662 3744 666 3753 ι

72 3881 76 3889 Ι
157 3788 188 3852 *ι
210 3785 270 3839 Gal.
296 3786 346 3885 2,
