2346 4208
195 245 258 313 192
469 248 624 317 Responsio
644 245 679 301 D.
695 247 730 301 M.
752 247 863 329 Lutheri

198 435 225 496 si
246 433 329 495 edita
351 433 499 495 schedula
521 435 643 515 populis
655 436 687 495 in
702 434 784 495 hune
807 434 934 496 modurn
959 436 1122 516 persuasis·

197 525 284 579 sent:
314 517 419 579 Nolite
449 515 564 578 offendi
593 518 702 580 iratres
731 518 851 599 scriptia
872 517 1122 602 Lutherianis1)‚

197 601 293 661 multu
316 599 491 681 disputavit,
515 601 665 681 quaedam
685 601 764 662 forte
780 602 899 662 acutius
921 601 1012 682 dixit,
1035 620 1122 682 quom

197 686 332 745 omnium
356 703 463 745 sensus
486 685 631 764 capiant,
663 684 757 745 babet
783 685 875 745 etiam
898 683 1007 749 diviua
1027 684 1123 765 Scrip

197 775 264 828 tura
287 786 360 827 suos
383 767 573 847 periculosos
597 768 699 843 locos,
730 774 843 846 quanto
868 769 971 849 magis
992 768 1123 829 bominis

203 852 361 932 scriptura.
403 850 501 928 Hanc,
523 851 664 929 inquam,
701 852 852 928 caritatis,
887 853 951 912 imo
976 851 1123 913 naturalis

196 935 269 994 iuris
291 932 428 1013 regulam
451 935 518 994 sine
539 933 632 996 dubio
644 933 787 994 vellenta
805 952 854 994 me
874 933 933 995 sibi
955 935 1075 996 servari
1094 935 1123 995 iu

197 1015 287 1077 simili
311 1022 433 1096 eventu,
457 1015 540 1097 quod
564 1023 594 1076 et
617 1017 749 1077 lacerem
772 1035 841 1097 ego,
863 1018 890 1077 si
911 1019 1045 1079 istorum
1067 1018 1121 1079 ritu

198 1119 338 1179 pararem
362 1118 424 1160 non
447 1106 509 1160 tam
532 1098 719 1178 doctrinam,
742 1118 833 1179 quam
856 1118 975 1162 nomen
996 1100 1123 1163 alicuius

197 1181 320 1264 publice
342 1183 503 1259 insectari,
541 1202 642 1262 neque
673 1184 754 1243 enim
782 1202 842 1263 ego
861 1182 968 1245 ullum
991 1202 1124 1265 urionem

198 1266 371 1342 nominavi,
397 1267 517 1345 quoties
540 1265 687 1346 dogmata
709 1286 775 1326 sum
797 1267 979 1327 insectatus.
1024 1266 1124 1343 Quare

151 1350 156 1365 '
197 1356 229 1410 et
252 1349 324 1408 mihi
346 1368 409 1409 non
433 1349 682 1410 nocuissentnee
697 1350 827 1427 veritati,
852 1349 997 1411 omnibus
1020 1356 1122 1413 autem

197 1433 313 1512 optime
333 1431 530 1512 profuissent,
553 1431 670 1511 sibique
692 1433 766 1516 ipsis
780 1432 909 1513 gloriam
932 1440 966 1494 et
985 1453 1123 1496 amorem

197 1522 258 1576 tam
283 1516 338 1574 Dei
361 1534 452 1594 quarn
474 1515 631 1575 hominum
655 1515 868 1578 obtinuissent.

280 1599 327 1658 Ac
348 1617 444 1675 nunc,
476 1599 543 1678 quis
565 1617 627 1659 non
651 1599 736 1659 odiat
755 1598 814 1658 hos
835 1598 1002 1678 Magistros
1027 1619 1122 1681 popu·

197 1680 310 1760 lorum,
341 1683 391 1761 qui
414 1681 492 1742 alios
515 1681 643 1757 docent,
674 1701 708 1742 se
730 1683 816 1761 ipsos
839 1701 902 1742 non
924 1681 1063 1762 docent,
1094 1688 1124 1743 et

197 1764 392 1846 proverbium
416 1764 627 1845 evangelicum
658 1766 689 1824 in
714 1784 748 1824 se
771 1763 953 1826 ostendunt:
993 1765 1124 1844 Medios,

198 1868 271 1909 cura
293 1855 323 1909 te
344 1848 467 1928 ipsum?
490 1846 561 1907 dum
586 1850 683 1929 magia
705 1849 798 1908 animi
821 1848 940 1926 morbo,
965 1867 1062 1929 quam
1083 1850 1122 1910 iu·

197 1931 279 1994 dicio
302 1951 356 2012 per
383 1950 533 2011 praeceps
554 1943 646 1991 ruunt
665 1933 695 1992 in
727 1932 1027 2011 praevaricationem
1052 1933 1124 1993 cori·

199 2016 269 2076 tatis
293 2023 324 2075 et
345 2016 416 2074 iuris
441 2013 616 2092 naturalis,
637 2023 668 2075 et
696 2015 783 2074 iuxta
810 2013 1010 2096 evangelium
1034 2015 1122 2077 festu·

198 2117 265 2158 cam
288 2099 318 2157 in
342 2098 432 2159 oculo
466 2116 535 2158 meo
564 2097 745 2174 observant,
778 2098 863 2160 trabe
891 2117 948 2157 sua
969 2098 1123 2180 neglecte,

197 2189 227 2242 et
248 2181 413 2262 glutientes
437 2180 586 2241 camelum
610 2181 715 2242 colant
735 2181 873 2241 culicem.

281 2264 355 2339 Quis
378 2270 479 2324 autern
508 2265 630 2343 scripsit
658 2263 774 2325 dixitve
803 2283 935 2342 unquam
968 2272 1034 2324 tam
1065 2264 1121 2327 sin-

198 2367 282 2427 cere,
318 2347 401 2428 quod
422 2347 540 2407 insidiis
562 2347 734 2408 invidorum
764 2367 827 2408 non
849 2348 983 2427 patuerit
1012 2347 1054 2409 ad
1076 2348 1122 2409 de

198 2431 432 2512 provetionem?
465 2430 495 2491 si
525 2431 616 2491 talem
646 2431 808 2510 Scripturis
839 2431 953 2490 sanetis
981 2431 1122 2513 legardis

198 2513 329 2575 afferant
350 2515 500 2591 furorem,
524 2532 602 2592 quae
625 2513 745 2594 syllaba
766 2515 795 2573 in
819 2516 862 2573 eis
885 2532 950 2574 non
974 2517 1036 2575 erit
1056 2516 1122 2577 hee-

198 2598 314 2658 retiea?
348 2598 396 2657 An
423 2597 484 2658 hoc
515 2596 637 2657 discunt
657 2597 794 2678 Magistri
827 2597 923 2658 nostri
955 2604 1004 2659 tot
1027 2598 1122 2673 annis,

199 2689 246 2742 tot
267 2681 448 2760 sumptibus,
472 2686 518 2740 tot
539 2683 618 2739 curis
640 2681 767 2740 Lovanii
791 2689 822 2740 et
844 2679 1015 2759 Coloniae,
1040 2689 1074 2743 ut
1093 2683 1120 2741 io

198 2765 307 2825 alienis
328 2762 439 2824 libellis
460 2765 613 2844 ingeniosi
635 2763 711 2823 fiant
732 2763 995 2824 calumniatores?
1020 2772 1054 2827 et
1074 2764 1120 2825 ubi

197 2847 285 2908 locus
309 2866 372 2906 non
395 2855 442 2906 est
463 2846 634 2907 calumniae
656 2845 783 2907 violenti
806 2846 1047 2927 depravatoris?
1069 2848 1119 2909 Pu·

197 2936 261 3010 tas,
285 2928 355 3011 quid
379 2935 410 2990 et
431 2949 489 3010 ego
514 2949 638 3008 possem
660 2930 691 2989 in
714 2949 820 2992 eorum
842 2928 1027 3011 dialectica,
1064 2931 1122 3014 plri-

197 3013 350 3094 losophia,
373 3014 539 3093 theologia,
562 3012 591 3072 id
614 3021 671 3089 est,
693 3013 784 3074 larvis
806 3013 1013 3074 bumanorum
1031 3015 1121 3096 phau·

196 3103 370 3176 tosmatum,
394 3098 419 3156 si
443 3096 552 3157 eodem
575 3096 700 3177 ingenio
725 3104 790 3157 utar
807 3094 995 3158 veldeoima
1021 3096 1122 3178 portel

197 3180 261 3241 Aut
282 3200 361 3260 quae
382 3181 460 3240 irata
483 3181 625 3240 meretrix
647 3199 709 3241 non
725 3181 816 3240 etiam
831 3188 957 3258 superet
978 3180 1042 3243 bac
1063 3188 1121 3244 urle

197 3265 361 3345 Magistros
383 3263 513 3324 eximios
534 3263 678 3323 nostros?

284 3346 360 3408 Vide
384 3366 474 3426 ergo,
504 3365 571 3405 cum
596 3365 700 3406 eorum
725 3345 901 3424 dialectica,
923 3345 1121 3429 philosophis
1153 3362 1158 3373 ·

199 3439 230 3493 et
252 3430 410 3510 theologia
432 3436 573 3489 scateant
590 3429 757 3508 erroribus,
779 3430 841 3488 imo
864 3429 1022 3506 quaedam
1046 3449 1119 3499 erro

198 3534 299 3576 rorum
323 3514 429 3574 lernae
451 3515 521 3588 sint,
544 3531 636 3591 quem
659 3514 760 3592 aequi,
780 3531 870 3591 quam
888 3521 1037 3574 amantes
1060 3520 1120 3576 sunt

197 3590 329 3658 invicem
352 3599 550 3675 interpretes,
584 3595 663 3656 adeo
687 3604 720 3656 ut
740 3596 912 3675 impiissimi
936 3595 1117 3673 Aristotelis,

271 3788 302 3857 1)
323 3789 354 3841 ln
373 3786 416 3840 ed.
435 3788 521 3855 orig:
543 3783 706 3839 butherinis.
