2332 4206
191 244 256 311 450
496 242 659 313 Disputatio
678 241 709 295 1).
727 241 767 297 ti.
785 236 816 295 b
859 256 884 269 ’-

443 461 663 526 Duodecim
687 462 870 526 Consilio

298 599 489 680 Euangeliou
511 583 749 660 taiso'confluta
770 619 790 659 a
811 597 1021 679 Sophiotis1).

278 755 301 816 1.
325 755 509 833 Paupertas,
531 753 638 815 blattb.
661 754 717 817 19:
740 753 772 814 Si
795 755 842 813 ris
863 753 1021 833 perfectus
1042 770 1105 829 osse,

195 837 274 898 vade
296 845 328 897 et
350 835 451 897 vende
475 837 593 913 omnio,
616 854 697 916 quoe
717 836 816 897 habes
838 845 899 898 etc.

262 920 298 981 ΙΙ.
320 919 502 1000 Abnegatio
530 921 578 979 sui
615 938 668 979 seu
703 919 898 991 obedientia,
926 919 1000 985 Luc.
1027 921 1059 982 9:
1084 917 1109 978 Si

199 1002 585 1145 linwlltlirlllddll
603 1022 653 1150 '1¹¹9‘
655 1052 663 1121 ³
683 1003 934 1146 didisti
935 1022 1005 1165 ⁹333
1008 1049 1102 1146 ‘tet

294 1133 301 1146 .
459 1131 466 1161 ,
589 1132 596 1145 .
655 1133 662 1145 .

199 1177 313 1229 verunt
334 1187 369 1230 se
390 1170 476 1248 ipsos
496 1175 625 1248 propter
644 1188 773 1250 regnum
795 1131 969 1230 coelordm.

242 1251 307 1313 1111.
329 1251 398 1312 Non
419 1250 588 1312 retribuere
610 1252 723 1313 malum
747 1270 802 1332 pro
825 1252 930 1330 malo,
960 1252 1066 1313 Mabb.
1085 1256 1112 1314 b:

197 1335 378 1396 benefacite
398 1335 446 1412 iis,
469 1335 521 1413 qni
542 1335 675 1396 oderunt
696 1354 763 1396 vos.

263 1418 301 1486 V,
324 1418 465 1478 Potentia
487 1418 636 1497 iniuriae,
658 1418 765 1479 blattb.
787 1423 822 1482 5:
854 1418 889 1479 Si
914 1420 987 1497 quis
1009 1425 1041 1478 tc
1060 1435 1115 1497 per·

199 1502 329 1562 eusserit
349 1502 381 1560 in
404 1501 561 1561 maxillam
583 1501 734 1578 dextram,
756 1501 873 1582 praebe
886 1502 968 1581 eiiet
990 1501 1116 1561 alteram.

251 1584 300 1648 Vl.
324 1583 566 1665 supererogatio
588 1604 717 1666 operum
739 1584 985 1664 misericordiae,
1008 1584 1117 1647 Luci:

197 1667 288 1728 Omni
312 1668 430 1747 petenti
452 1673 481 1727 te
504 1667 611 1728 tribuo.
931 1738 936 1743 ,

243 1750 306 1812 Vll.
330 1749 538 1830 Compescere
559 1752 763 1813 iuramentum
778 1757 811 1810 et
827 1750 962 1811 verbum
987 1751 1139 1823 otiosum,-

199 1833 303 1894 biattb.
330 1836 381 1896 12:
404 1833 452 1893 De
472 1835 558 1896 omni
569 1834 665 1895 verbo
679 1835 782 1894 otioso
801 1832 937 1895 reddent
960 1835 1121 1908 rationem3

198 1916 305 1976 naoth.
328 1921 367 1980 5:
389 1915 459 1976 Non
482 1917 582 1977 iurare
606 1917 742 1978 omnino.

214 1998 306 2060 ¹Vlll.
330 2000 436 2059 Vitare
458 2002 658 2061 occasionem
680 1998 846 2081 peccandi,
871 1999 983 2064 naon.
1010 2000 1066 2065 18:
1096 1998 1122 2059 Si

200 2090 231 2143 ts
252 2083 363 2143 oculus
383 2087 453 2142 tuus
477 2083 676 2162 scandalizat,
698 2101 772 2144 crue
794 2100 875 2144 eum.

252 2165 303 2224 IX.
327 2164 496 2226 Prudenter
533 2168 674 2247 operari,
708 2186 747 2226 ne
788 2164 901 2226 liausus
936 2165 1125 2246 hypocritae,

199 2248 306 2309 blattb.
328 2252 361 2311 7:
392 2247 567 2328 Attendite,
599 2268 640 2310 ne
668 2250 814 2309 iustitiam
842 2254 985 2310 vestrum
1014 2249 1125 2309 faciatis

200 2350 304 2392 coram
326 2330 511 2392 hominibus.

263 2414 300 2476 X.
323 2414 438 2476 Facere
462 2413 545 2494 quod
557 2414 662 2493 doces,
684 2415 791 2476 blattb.
807 2417 861 2479 23:
885 2415 1007 2475 Dicunt
1024 2423 1056 2475 et
1071 2432 1125 2474 noo

200 2499 334 2642 goiunt?
351 2496 424 2559 ideo
438 2498 572 2558 consulit
584 2499 777 2580 hypocritae:
799 2498 904 2559 Primo
920 2498 1006 2558 eiice
1016 2496 1125 2558 trabem

221 2601 353 2644 eocuo
376 2587 439 2642 tuo.

242 2666 291 2726 Xl.
314 2665 385 2724 Non
412 2684 482 2725 esse
504 2664 669 2724 sollicitum
693 2664 732 2724 de
753 2665 849 2742 victu,
874 2664 988 2726 Mattb.
1014 2668 1051 2730 6:
1072 2663 1126 2724 rio

202 2748 254 2808 lite
276 2748 402 2808 solliciti
425 2767 496 2809 esse
518 2747 673 2808 dicentes:
696 2746 776 2822 Quid
798 2746 1082 2809 manducabimus?

220 2830 283 2890 xo.
306 2831 467 2911 Correptio
490 2830 640 2910 fraterna,
673 2830 779 2891 Matth.
804 2830 858 2893 18:
896 2829 931 2890 Si
955 2832 1127 2911 pocoareuit

204 2913 297 2974 frater
318 2921 397 2990 tuns,
420 2913 499 2974 vade
520 2920 552 2974 et
572 2910 693 2994 corripe
714 2933 784 2974 eum
805 2915 887 2973 inter
907 2920 942 2975 te
965 2920 1028 2978 etc.

283 2997 351 3057 Hoc
386 2997 523 3056 ultimum
559 3003 661 3056 tamen
697 2997 876 3078 intelligitur
919 2997 964 3057 de
996 3000 1126 3079 peccabo

199 3079 388 3157 venialibus,
412 3098 482 3139 nam
507 3080 545 3140 de
567 3081 688 3141 mortali
712 3086 760 3141 est
771 3086 977 3159 praeceptum
991 3081 1128 3164 obligans

199 3180 330 3240 semper,
355 3161 494 3223 sednon
520 3162 558 3222 ad
576 3181 707 3244 semper,
731 3164 858 3240 scilibet,
880 3162 958 3224 dum
982 3165 1128 3227 videbitur

199 3262 268 3304 esse
290 3244 373 3304 utilis
397 3247 560 3326 correptio.

199 3398 324 3410 *ιο-«η

272 3469 301 3536 i)
320 3468 353 3520 In
373 3470 415 3523 ed.
445 3473 513 3527 1558
530 3472 595 3525 huic
606 3471 780 3539 inscriptioni
796 3469 923 3522 subiecta
943 3469 1051 3542 legitur
1069 3472 1129 3524 hooc

198 3541 361 3595 adnotatio:
383 3543 474 3598 Hebes
501 3545 544 3595 bic
568 3542 774 3606 testimoninm,
803 3543 848 3610 pie
879 3541 996 3608 Lector,
1033 3558 1128 3612 papam

197 3628 265 3664 ausu
291 3617 439 3667 temerario
460 3616 630 3683 Scriptorum
660 3618 784 3668 sanctem
804 3613 857 3665 sibi
880 3613 935 3666 sub
957 3617 1074 3682 iecisse,
1100 3629 1128 3666 oc

197 3699 247 3750 pro
266 3684 380 3736 libidine
406 3702 458 3738 sna
481 3688 689 3756 interpretatum
711 3687 795 3738 inisse
814 3692 865 3738 etc.
886 3714 921 3724 -
944 3688 976 3743 In
1007 3687 1051 3740 ed.
1070 3685 1125 3742 Jen.

194 3756 264 3808 haec
283 3757 426 3810 adnotatio
444 3761 473 3811 in
484 3761 611 3828 margine
629 3760 778 3813 invenitur.
