2346 4208
422 256 456 311 D.
476 257 510 311 Μ.
529 255 648 310 lutheri.
821 311 830 332 ι
923 248 984 315 171

58 446 273 511 confitentium
304 454 335 507 et
367 446 588 526 poenitentium
618 444 748 503 miserae
777 441 986 503 conscientiae

60 531 305 596 Christianorum
328 528 491 589 mortiferis
506 525 774 588 constitutionibus
798 531 829 585 et
851 523 985 585 moribus

61 614 202 694 quotidie
216 614 420 694 exagitantur,
435 631 489 692 per
500 612 622 691 ineptos
634 608 848 683 homunculos,
862 609 913 687 qui
922 606 986 667 alli-

60 717 137 780 gare
151 704 268 758 tantum
282 701 436 757 noverunt
449 714 543 755 onera
556 694 662 774 gravia
686 699 716 752 et
736 690 943 771 importabilia
956 695 987 750 et

61 782 223 861 imponere
230 780 363 840 humeris
371 779 539 855 hominum,
550 796 628 855 quae
640 777 700 858 ipsi
708 794 765 836 nec
775 775 871 855 digito
879 772 987 835 volunt

61 863 211 925 movere?
221 863 262 923 Et
273 863 386 923 factum
402 868 449 922 cst
462 861 523 922 hoc
535 859 766 922 saluberrimum
776 857 987 939 poenitentiae

61 952 288 1008 sacramentum
312 944 395 1007 aliud
421 944 497 1005 nihil
518 962 610 1023 quam
632 944 722 1003 'mera
743 942 881 1023 tyrannis
903 959 986 1021 mag·

59 1035 183 1109 natum,
218 1028 329 1090 deinde
356 1028 480 1088 morbus
502 1034 533 1087 et
554 1032 752 1108 augmentum
779 1030 987 1105 peccatorum,

61 1113 178 1175 utalia
199 1111 367 1194 significet,
400 1118 431 1172 et
452 1109 514 1171 alia
539 1117 683 1191 operetur
704 1109 824 1170 miseris
845 1110 987 1188 peccatoss

59 1194 162 1274 ribus,
192 1197 237 1255 sic
266 1193 504 1255 ministrantibus
526 1195 626 1273 impiis
660 1197 691 1254 et
711 1190 843 1253 indoctis
863 1192 896 1250 in
917 1189 987 1271 lege

64 1278 191 1340 Domini
213 1276 391 1339 sacrificulis
406 1277 568 1338 ecclesiam
582 1277 649 1356 Dei,
673 1294 764 1355 quam
781 1276 844 1335 suis
867 1273 987 1355 legibus

61 1368 95 1423 et
116 1361 244 1423 somniis
265 1359 517 1441 repleverunt*).

136 1615 168 1680 *)
189 1615 219 1668 ln
238 1615 281 1670 ed.
302 1615 372 1684 orig.
390 1615 436 1667 hic
455 1615 549 1668 addita
567 1616 669 1683 legi-tur
685 1614 754 1667 haec
773 1613 877 1666 arctior

315 1685 410 1740 Oratio
428 1687 554 1741 Manasse
574 1687 648 1756 regis
665 1684 735 1738 Juda

331 1758 405 1828 apud
425 1759 598 1826 Babylonem
618 1759 698 1825 capti.

137 1828 253 1882 Domine
273 1829 344 1883 Deus
372 1834 548 1900 omnipotens
567 1833 676 1898 patrum
696 1833 873 1893 nostrorum,
897 1826 987 1881 Abra-

66 1900 145 1967 ham,
165 1900 243 1954 Isaac
261 1905 288 1955 et
305 1902 409 1968 Jacob,
434 1908 462 1957 et
486 1904 585 1956 semini
605 1917 702 1954 eorum
721 1901 810 1967 iusto,
834 1900 882 1967 qui
901 1899 989 1952 fecisti

67 1971 179 2024 coelum
200 1974 226 2024 et
244 1977 345 2026 terram
367 1975 523 2029 cumomni
544 1979 642 2026 ornatu
663 1987 774 2035 eorum,
805 1973 851 2040 qui
869 1971 987 2039 signasti

65 2058 145 2096 mare
168 2045 255 2096 verbo
289 2047 429 2113 praecepti
449 2048 506 2109 tui,
538 2047 584 2114 qui
613 2045 773 2097 conclusisti
799 2046 931 2110 abyssum
962 2046 989 2095 et

64 2116 185 2184 signasti
204 2117 318 2170 terribili
338 2133 368 2170 ac
383 2117 516 2171 laudabili
534 2119 640 2171 nomini
660 2123 717 2182 tuo,
736 2115 812 2184 quod
831 2131 928 2168 omnes
944 2130 988 2182 pa·

64 2191 132 2239 veut
157 2191 184 2239 et
202 2192 324 2241 tremunt
342 2204 358 2241 a
379 2189 454 2241 vultu
481 2191 588 2242 virtutis
608 2195 687 2255 tuae,
716 2192 744 2240 et
769 2186 989 2240 insustentabilis

65 2260 110 2310 ira
129 2273 213 2326 super
230 2266 390 2327 peccatores
411 2263 634 2314 comminationis
663 2265 738 2327 tuae,
767 2261 904 2312 immensa
922 2272 988 2311 vero

65 2334 94 2382 et
112 2330 312 2399 investigabilis
331 2333 521 2386 misericordia
543 2334 736 2402 promissionis
757 2336 837 2396 tuae,
857 2331 989 2398 quoniam

66 2407 95 2452 tu
116 2416 145 2454 es
166 2400 294 2455 dominus
313 2403 465 2456 altissimus
475 2420 558 2473 super
569 2419 678 2456 omnem
698 2409 800 2457 terram
819 2403 987 2472 longanimis

64 2478 92 2526 et
128 2473 245 2525 multum
280 2476 441 2541 misericos,
482 2481 509 2528 et
541 2477 686 2544 poenitens
731 2490 815 2541 super
852 2474 987 2526 malitiam

66 2544 222 2596 homiuum.
271 2546 312 2598 Tu
341 2551 451 2612 autem,
482 2548 615 2614 Domine,
654 2545 805 2599 secundum
834 2546 987 2598 bonitatem

66 2621 144 2669 tuam
193 2620 345 2684 promisisti
381 2620 579 2687 poeniteutiam
635 2619 806 2671 remissionis
861 2621 987 2684 peccato·

65 2703 139 2740 rum.
172 2688 211 2759 ‘Et
241 2695 270 2742 tu
292 2689 367 2743 Deus
392 2693 529 2744 iustorum
565 2705 622 2742 nou
646 2691 764 2757 posuisti
788 2690 988 2756 poenitentiam

64 2760 163 2826 iustis,
182 2759 340 2828 Abraham,
360 2762 438 2815 Isaac
455 2768 482 2817 et
500 2762 598 2830 Jacob,
622 2761 665 2814 his
686 2763 732 2830 qui
751 2761 801 2813 tibi
820 2776 877 2813 non
896 2775 989 2828 pecca·

65 2836 182 2895 verunt,
214 2834 344 2900 quoniam
374 2837 485 2902 peccavi
506 2851 589 2903 super
608 2849 753 2887 numerum
775 2848 874 2885 arenae
894 2832 988 2899 maris,

64 2901 265 2969 multiplicatae
281 2910 345 2958 sunt
363 2907 520 2974 iniquitates
532 2923 619 2973 meae,
639 2908 799 2959 incurvatus
820 2919 880 2956 sum
901 2903 988 2955 multo

64 2973 275 3039 circumferri,
304 2982 331 3029 et
351 2993 406 3030 non
426 2983 469 3030 est
482 2980 628 3046 respiratio
648 2978 729 3043 mihi,
759 2977 824 3044 quia
841 2975 989 3027 exercitavi

63 3045 236 3098 iracundiam
257 3053 348 3115 tuam,
372 3055 399 3101 et
418 3049 520 3101 malum
548 3066 642 3102 coram
661 3055 687 3103 te
707 3049 772 3116 leci,
800 3051 923 3100 statuens
944 3046 989 3098 ab·

64 3118 251 3171 ominationes
284 3125 311 3173 et
338 3121 523 3189 multiplicans
553 3123 732 3185 offensiones,
763 3124 790 3171 et
818 3135 890 3170 nunc
907 3118 989 3170 ilecto

63 3204 158 3257 genua
175 3189 266 3242 cordis
286 3193 350 3256 mei,
371 3209 485 3260 precans
505 3193 540 3246 ad
560 3199 587 3246 te
605 3194 767 3259 bonitatem,
787 3190 908 3258 domine,
927 3204 990 3257 pec-

64 3261 138 3333 cavi,
160 3261 281 3326 domine,
300 3265 448 3331 peccaviet
464 3266 635 3333 iniquitatem
656 3280 747 3318 meam
767 3278 907 3332 agnosco,
926 3266 991 3329 peto

63 3347 168 3401 rogans
188 3338 230 3398 te,
249 3333 382 3403 domine,
400 3339 509 3389 remitte
530 3337 612 3400 mihi,
632 3339 740 3390 remitte
760 3333 836 3402 mihi,
853 3351 888 3387 ne
906 3333 990 3385 simul

65 3403 166 3471 perdas
186 3421 231 3456 me
251 3422 313 3458 cum
331 3408 522 3475 iniquitatibus
543 3410 610 3461 meis
630 3424 719 3477 nequa
740 3408 768 3459 in
788 3411 929 3459 aeteruum
949 3420 989 3457 re·

65 3491 161 3528 serves
181 3477 255 3528 mala
274 3477 358 3547 mihi,
388 3482 450 3547 quia
469 3481 612 3550 indignum
632 3480 753 3532 salvabis
773 3494 817 3530 me
836 3476 988 3531 secuudum

64 3562 192 3617 magnam
215 3550 435 3603 misericordiam
455 3557 551 3620 tuam,
571 3557 598 3604 st
618 3551 738 3604 laudabo
759 3555 785 3602 te
804 3565 914 3618 semper
932 3564 990 3602 om·

64 3621 147 3672 nibus
165 3619 262 3674 diebus
282 3624 355 3675 vitae
374 3639 463 3692 nasae,
482 3626 614 3692 quoniam
635 3629 661 3676 tc
680 3622 776 3675 laudat
794 3625 884 3674 omnis
905 3623 989 3674 virtus

64 3690 221 3759 coelorum,
239 3698 267 3744 et
285 3694 335 3746 tibi
354 3698 396 3747 est
414 3695 505 3763 gloria
522 3698 550 3747 in
569 3695 663 3748 secula
683 3694 849 3748 seculorum.
888 3696 985 3748 Amen.
