2346 4208
120 244 184 312 408
341 286 344 291 -
382 236 623 314 preparation.
643 188 723 299 ldis.

120 436 229 579 dote&
273 455 335 496 non
377 435 476 496 laicos
509 440 636 515 cogeret
670 450 741 494 esse
774 433 904 513 alterius
936 432 1036 512 speciei

125 540 194 580 rnen
219 538 294 581 roos.

189 621 237 682 64.
262 617 323 679 Sed
346 620 426 678 seria
449 625 495 679 est
515 617 569 678 illa
589 616 685 693 ratio,
709 616 796 695 quod
818 615 995 677 sacerdotes
1015 623 1038 675 et

124 703 288 763 ecclesiam
300 702 358 762 Dei
382 720 436 762 scu
462 703 557 763 laicos
579 700 640 761 hoc
658 708 858 760 sacramento
883 700 1038 780 oportuerit

125 786 267 858 discerni,
291 785 509 846 etsacerdotes
523 784 740 864 superioreset
756 782 917 864 digniores
935 782 1037 859 haberi,

125 888 216 949 qnam
240 867 403 928 ecclesiam
426 869 481 928 Dei
504 884 557 928 seu
582 867 687 927 laicos.

188 973 237 1034 66.
261 968 345 1028 Haec
367 970 444 1029 ratio
468 978 500 1031 et
522 968 593 1027 mihi
616 967 729 1046 placet,
751 985 813 1046 qua
835 965 1039 1028 conflteturos

125 1073 231 1113 eorum
255 1051 432 1131 imprudens
462 1062 491 1113 et
513 1050 691 1131 impudens,
729 1049 814 1131 quod
848 1070 883 1110 se
906 1051 991 1130 ipsos
1010 1046 1039 1108 ab

127 1134 343 1282 {ipffizirantllei
374 1136 584 1215 separaverint
614 1140 644 1194 et
672 1152 766 1215 supra
799 1152 870 1194 eam
894 1133 1040 1214 tyrannice

190 1321 238 1382 66.
260 1316 329 1378 Hoc
351 1325 415 1394 est,
448 1317 530 1397 quod
562 1324 593 1378 et
621 1336 678 1378 nos
701 1317 852 1394 dicimus,
888 1317 1040 1376 ecclesiam

126 1420 227 1482 papae
258 1420 327 1462 esse
348 1420 476 1481 regnum
500 1401 684 1474 antichristi,
707 1400 791 1481 quod
814 1420 850 1460 se
874 1398 1041 1480 opposuerit

127 1492 159 1549 et
185 1483 329 1546 extulerit
356 1504 449 1564 supra
471 1485 568 1544 Deum
603 1490 635 1544 et
663 1485 768 1544 omnia
797 1483 923 1561 divina,
958 1492 989 1542 et
1018 1482 1041 1540 ln

128 1567 244 1646 templo
268 1567 325 1627 Ilei
347 1568 426 1627 sicut
449 1568 531 1628 Deus
554 1566 671 1629 sedeat.
995 1588 997 1593 ·

189 1669 238 1730 67.
262 1667 451 1728 Cousolandi
476 1674 546 1727 sunt
568 1668 659 1748 igitur
680 1665 806 1744 fratres,
831 1668 883 1746 qni
908 1667 950 1728 ob
973 1666 1043 1726 hunc

127 1751 287 1811 articulum
310 1752 480 1831 patiuntur,
509 1752 600 1827 certi,
623 1749 705 1829 quod
728 1749 917 1810 sacrificium
942 1750 1044 1811 suavis·

128 1835 238 1893 simum
263 1834 330 1895 Deo
353 1835 424 1894 lacti
448 1842 526 1894 sunt.
559 1899 562 1903 ,

190 1935 240 1997 68.
260 1934 386 1994 Certum
415 1940 462 1995 est
490 1935 588 2012 enim,
622 1932 705 2013 quod
728 1941 856 2014 propter
878 1935 980 1995 Deum
1002 1952 1046 2013 pa

128 2017 252 2094 tiuntur,
274 2035 345 2077 cum
360 2017 485 2078 dubium
498 2019 621 2095 nonsit,
643 2016 848 2095 adversarios,
872 2019 927 2097 qui
943 2021 1046 2098 coguut

128 2099 167 2159 ad
200 2101 401 2160 omissionem
428 2101 627 2160 institutionis
650 2099 759 2160 Christi
791 2107 823 2160 et
844 2103 949 2180 ipsam
972 2099 1044 2159 insti

128 2183 277 2242 tutionem
302 2182 459 2257 damnant,
482 2203 612 2263 peccare
632 2185 664 2243 in
678 2182 822 2262 Spiritum
849 2190 1003 2260 sanctum,
1022 2188 1047 2242 et

71 2282 82 2296 ·
128 2285 197 2325 esse
219 2264 312 2344 plane
335 2265 476 2326 diabolos
498 2269 684 2328 incarnatos.

131 2409 134 2417 ,
191 2350 239 2410 69.
265 2348 302 2407 Et
330 2348 474 2409 hortandi
503 2358 573 2409 sunt
604 2349 856 2428 illoApoo.18:
894 2349 990 2409 Exite
1016 2348 1047 2407 de

127 2432 190 2505 illa,
213 2430 328 2510 popule
351 2452 448 2509 meus,
470 2452 509 2492 ne
523 2434 686 2512 participes
700 2433 766 2494 sitis
778 2431 967 2493 delictorum
982 2434 1046 2505 eius,

128 2520 160 2576 et
182 2535 221 2575 ne
244 2515 282 2574 de
304 2515 404 2595 plagis
428 2517 492 2575 eius
516 2517 684 2595 accipiatis.

155 2607 157 2610 ‘
192 2602 242 2664 70.
266 2597 469 2659 Gaudendum
494 2606 556 2676 est,
579 2600 605 2658 si
626 2601 675 2658 isti
698 2597 810 2659 diaboli
836 2598 1048 2659 maledixerint

128 2683 234 2758 nobis,
266 2689 297 2741 et
318 2683 451 2741 dixerint
474 2701 565 2741 omne
588 2681 700 2741 malum
730 2690 840 2740 contra
863 2701 943 2760 nos,
974 2701 1047 2741 meo·

127 2766 237 2822 tientes
261 2770 292 2824 et
314 2764 574 2843 blasphemantes.

189 2849 239 2908 712
263 2846 341 2905 Nam
365 2867 434 2907 esse
456 2847 702 2925 schismaticum,
730 2853 928 2925 apostatam,
952 2848 1047 2907 haere·

127 2928 220 2985 ticum
244 2929 326 3007 apud
351 2932 440 2990 istam
464 2931 579 2989 lernam
604 2929 718 2990 diaboli
748 2936 796 2988 est
826 2949 905 2989 vere
928 2929 1048 2990 catholi-

128 3027 197 3068 cum
220 3029 288 3070 esse
311 3014 341 3071 in
364 3014 500 3073 ecclesia
517 3023 548 3074 et
569 3031 666 3093 regno
689 3011 811 3072 Christi.

189 3095 239 3156 72.
265 3093 349 3153 Sicut
370 3115 489 3156 summa
514 3096 579 3156 laus
609 3103 640 3155 et
668 3095 852 3175 gloriaest,
885 3114 906 3153 a
929 3095 1048 3155 diabolo

126 3182 315 3317 apostatare,
339 3186 370 3236 et
391 3198 409 3237 a
430 3199 527 3260 regno
550 3180 670 3260 peccati
692 3184 723 3238 et
749 3178 858 3236 mortis
883 3178 1050 3238 schismati-

126 3276 193 3316 cum
241 3278 292 3318 err.

184 3342 232 3404 73.
257 3343 380 3401 Frustra
400 3344 493 3423 igitur
516 3343 625 3403 inflant
647 3350 678 3403 et
698 3341 912 3402 iactanthanc
934 3361 1049 3415 vocem,

125 3422 276 3498 Ecclesia,
299 3444 367 3483 cum
389 3444 438 3485 res
462 3433 493 3486 et
514 3428 628 3486 fructus
653 3427 841 3487 convincant
874 3445 951 3500 eos,
985 3432 1051 3507 post

88 3554 90 3559 .
123 3506 222 3584 ipsum
252 3506 428 3585 diabolum,
460 3511 596 3569 omnium
624 3511 779 3590 pessimos
815 3508 976 3571 ecclesiae
1003 3509 1050 3570 ho·

123 3597 185 3648 stes
208 3609 286 3650 esse.

185 3674 234 3734 74.
259 3672 431 3733 Colluviem
455 3693 529 3734 vero
553 3675 661 3753 furum,
684 3674 867 3755 speluncam
887 3676 1051 3753 latronum,

123 3759 154 3820 ct
178 3754 344 3819 ecclesiam
363 3752 588 3818 homicidarum
607 3760 780 3820 rectissime
797 3758 869 3821 dici.
