2346 4208
356 276 363 287 ¹
446 258 607 315 sistartia
616 265 749 363 ‘acepta
782 290 786 295 -
1008 256 1049 328 3?

205 447 268 509 Sed
301 448 385 529 quod
414 448 602 511 reverendus
637 448 730 510 Pater
756 455 919 530 tantopere
953 469 972 511 a
999 466 1049 512 me

128 530 331 613 efflagitabat,
365 550 406 595 ne
434 532 615 594 diverticula
637 550 833 612 quaererem,
868 533 951 613 qnod
973 553 1048 595 nnn·

126 634 213 695 quam
235 615 340 676 facere
362 634 428 676 sum
450 616 614 694 solitus,
606 634 706 695 ipsum
723 614 883 677 Oenonem
906 616 1047 698 legimus,

125 697 280 759 adducens
311 702 362 764 93.
384 699 469 779 dist,
504 718 553 760 me
583 698 623 759 ud
650 698 711 759 hoc
741 698 827 760 ducit
852 699 1047 797 procardum,

124 781 203 862 quod
216 781 345 843 Domini
360 782 550 844 Canonistae
566 781 871 862 ctTheolcgi1),an
888 783 1047 863 episcopa·

124 873 168 925 tua
190 864 271 926 ordo
300 866 341 925 sit
371 867 505 946 proprio·
521 866 729 926 charactere
720 866 850 946 rnsignis
873 864 1046 927 sacerdotio

123 948 261 1029 additus,
297 947 336 1009 de
369 968 431 1028 quc
464 950 495 1008 in
523 950 699 1029 praesentia
725 949 809 1009 velut
829 950 1046 1028 impertinente

123 1030 195 1092 nihil
227 1031 375 1093 decerno.
428 1032 498 1092 Hoc
525 1039 628 1093 tamen
661 1031 746 1106 dico,
779 1048 931 1111 apparere
963 1031 1046 1108 mihi,

123 1116 207 1176 salvo
231 1134 358 1194 semper
379 1115 500 1177 meliori
527 1115 656 1193 indicia,
687 1122 789 1175 nont
777 1116 870 1174 talem
897 1115 991 1174 luisse
1015 1115 1045 1173 in

122 1199 276 1279 primitiva
304 1199 437 1258 ecclesia
466 1198 695 1277 confusionem,
718 1205 752 1258 ut
773 1217 790 1257 e
812 1199 937 1278 iscopus
959 1217 979 1257 a
1000 1217 1046 1257 sa-

122 1281 249 1343 cerdote
278 1300 342 1341 non
369 1287 580 1361 separaretur,
613 1299 680 1341 aum
687 1218 880 1343 duodecim
910 1281 1045 1379 apostoli

122 1350 320 1463 septuaginta
341 1364 420 1426 duos
442 1364 597 1426 excedant
619 1365 794 1445 discipulos.
837 1365 871 1425 ln
894 1365 979 1424 cuius
1001 1363 1045 1424 rei

122 1449 333 1510 testimonium
363 1448 397 1509 B.
426 1447 522 1509 affero
551 1448 732 1528 Dionysium
755 1446 945 1528 Hieronymo
968 1448 1043 1507 anti·

121 1533 261 1612 quierem
303 1535 334 1591 et
367 1532 539 1612 primitivae
574 1531 725 1591 ecclesiae
753 1530 959 1609 hierarcham,
994 1530 1045 1609 qui

121 1615 168 1677 lib.
208 1613 252 1674 de
285 1613 447 1675 Ecclesiae
473 1613 652 1675 Hierarchia
683 1615 763 1673 inter
785 1632 890 1674 sacros
921 1576 1044 1675 ordines

122 1700 336 1779 episcopatum
371 1699 473 1777 ponit,
510 1703 542 1757 et
570 1715 744 1777 supremum
775 1696 980 1776 hierarcham,
1015 1703 1047 1757 et

122 1800 179 1862 quo
201 1786 300 1862 pacto
321 1781 349 1840 is
369 1780 689 1858 debeatconsecrari,
718 1780 767 1840 eui
788 1780 959 1841 assentiens
981 1781 1045 1922 cpi·

121 1884 233 1945 acopos
264 1863 306 1924 ab
333 1864 404 1942 ipso
433 1863 585 1924 ecelesiae
606 1863 693 1923 initio
717 1881 880 1923 commune
904 1881 991 1922 aecer
1014 1882 1045 1924 o-

121 1949 192 2008 tium
216 1946 405 2007 excelluisse
428 1947 549 2026 opinor.

201 2030 310 2090 Tertio
340 2029 469 2089 adduxit
490 2028 808 2089 (iunonem-Concilii
838 2027 973 2091 Africani
996 2030 1045 2092 99.

122 2110 259 2194 distin.²)
278 2112 344 2172 can.
365 2115 392 2174 1.
414 2111 475 2173 Ubi
496 2111 667 2191 Concilium
690 2111 852 2190 prohihet,
876 2130 934 2171 nec
955 2110 1045 2172 Rom.

122 2195 303 2257 Pontificem
332 2194 445 2255 debere
467 2194 528 2254 diei
551 2194 771 2272 universalem,
801 2201 832 2254 et
856 2194 937 2272 quod
962 2194 1044 2255 Chri-

122 2286 184 2339 stus
205 2279 269 2338 hoc
292 2277 491 2356 prohibuerit,
514 2277 677 2340 Lucae2‘2:
700 2278 801 2357 Reges
824 2279 961 2359 gentium
986 2285 1044 2340 ete.
1071 2328 1074 2333 .

122 2360 310 2442 Respondes
354 2380 459 2420 verum
502 2379 586 2438 esse,
641 2360 811 2419 fastuosum
866 2361 1045 2420 universalis

122 2445 261 2524 episcopi
285 2462 397 2504 nomen
422 2443 516 2503 fuisse
538 2442 739 2523 prohibitum,
764 2463 827 2502 non
850 2443 932 2522 quod
955 2444 1046 2503 Rom

123 2527 265 2588 Pontifex
289 2544 423 2604 unquam
447 2546 465 2584 a
488 2545 562 2586 vero
585 2525 694 2586 Christ
675 2533 758 2586 trano
781 2525 963 2586 habitunt
924 2527 963 2586 sit
984 2545 1047 2585 non

124 2612 236 2690 primus
270 2616 302 2669 et
331 2628 466 2669 summus
489 2609 651 2688 Pontifex,
689 2609 742 2668 sed
771 2608 857 2705 quod,
883 2612 1046 2706 episcopus

124 2694 320 2773 peculiariter
353 2693 514 2752 Romanae
546 2692 697 2753 ecclesiae
734 2712 795 2751 non
835 2693 873 2751 sit
906 2694 1046 2773 proprius

124 2779 271 2856 cuiusque
287 2775 440 2836 ecclesiae
462 2777 636 2872 episcppus,
658 2775 854 2855 sedprimus,
879 2775 960 2855 quod
973 2776 1046 2836 alio-

125 2862 192 2939 quin
227 2859 347 2919 debitus
378 2858 480 2918 honor
508 2861 673 2956 episeopis
690 2857 883 2918 inferioribus
912 2879 974 2920 non
998 2860 1045 2919 tri-

125 2944 275 3003 bueretur.
319 2942 432 3001 Verum
461 2941 536 3001 nihil
564 2942 699 3002 criminis
723 2943 816 3018 inest,
847 2943 872 3000 si
895 2944 1045 3040 quispiam

126 3027 210 3087 Rom.
244 3023 424 3085 Pontificem
457 3024 661 3085 universalem
695 3024 806 3084 dixerit
795 3030 896 3105 tpro
937 3028 1046 3106 primo,

126 3112 233 3169 rectius
256 3127 331 3168 vero
356 3108 437 3167 dicet
425 3114 473 3167 tur
501 3127 564 3169 non
587 3109 749 3188 episcopus
771 3108 967 3186 universalis,
991 3110 1045 3170 sed

127 3191 305 3252 universalis
336 3192 487 3251 ecclesiae
520 3193 700 3271 episcopus,
730 3191 825 3252 veluti
803 3198 905 3252 test
935 3193 1045 3254 christi

127 3276 264 3338 vicarius.
331 3274 421 3349 Quod
463 3274 614 3334 Dominus
660 3275 854 3355 ambitiosam
889 3278 1046 3359 redarguit

129 3359 335 3438 apostolorum
366 3360 611 3436 contentionem,
646 3360 743 3438 qualis
776 3361 856 3421 inter
889 3362 1044 3422 seculares

181 3563 909 3634 nmmMQ,wmmmmmmt,
885 3569 1046 3621 tmm-

231 3636 314 3687 ditum
341 3637 454 3704 legituur
487 3644 777 3704 commententur,
808 3643 888 3692 etin
921 3644 1046 3710 margine

231 3707 397 3776 adscriptum
418 3714 488 3761 eret:
510 3708 553 3759 ulii
574 3726 612 3761 an
619 3716 808 3764 tevertunt.

180 3778 210 3845 2)
232 3780 262 3831 ln
284 3778 318 3832 ed
335 3777 413 3834 dem:
431 3777 471 3833 66
486 3778 549 3832 dist.
