2346 4208
122 253 164 321 58
207 256 333 327 Epistola
352 257 383 319 D,
396 259 478 323 liant
496 259 577 317 autin
588 275 678 330 supas
695 263 841 331 expurgat.
859 259 991 314 licoisas.

124 445 225 527 quod
262 452 321 508 est
356 465 438 508 non,
463 448 689 525 meritorio,
730 448 802 508 sed
831 450 1044 528 iniquitati

127 529 302 608 mortali,
324 529 409 590 dum
429 530 607 592 intendit
627 533 789 594 actioni.

206 612 315 675 Victus
337 632 381 692 cs,
402 619 434 675 et
455 614 587 693 epistola
609 635 679 676 mea
697 633 771 675 vera
793 619 850 675 ast.
894 614 926 676 Si
949 633 1043 695 nepas

123 701 177 759 aut
199 695 371 757 concedere
397 697 537 774 simulas,
569 697 753 779 Pelagianus
775 717 824 773 ss,
855 698 901 758 vir
930 716 984 774 es,
1015 702 1044 758 at

121 778 308 843 Oarlstadius
321 779 454 860 puerilis,
467 798 530 841 non
544 780 729 859 dubitamus,
741 782 814 860 quin
832 781 875 842 sis
888 780 1043 842 heroicam

120 869 205 925 tuam
217 864 357 924 virtutem
372 866 559 940 ostensurus,
582 864 636 926 sed
658 865 746 943 scito,
769 883 827 925 nos
838 865 901 924 iam
915 882 979 927 uon
992 861 1043 927 tibi

120 946 199 1009 sicut
212 951 284 1007 ante
297 944 475 1008 credituros.
509 946 725 1010 simulatorem
738 946 982 1026 observabimus,
997 947 1044 1009 cui

120 1033 192 1093 aute
214 1029 421 1089 sinceritatem
432 1031 558 1091 iactanti
576 1031 754 1113 simpliciter
771 1028 967 1094 credidimus.
999 1029 1043 1090 'lb

121 1118 225 1183 autem
246 1110 327 1189 vide,
350 1117 382 1172 ut
404 1110 636 1191 calendarium,
656 1120 711 1175 aut
731 1113 971 1194 ltlatyrologium
991 1119 1045 1177 aas

121 1192 306 1272 chronicam
339 1201 424 1256 certa
453 1197 574 1257 iuterim
605 1197 768 1277 diligenter
799 1196 927 1273 lustres,
964 1194 1044 1257 uude

121 1285 229 1341 conus
263 1296 322 1339 uos
353 1278 449 1339 inulta
479 1281 606 1340 nomina
631 1281 662 1340 in
693 1299 844 1360 papyrum
866 1296 1043 1356 coacervas,

120 1360 167 1423 sic
186 1365 290 1421 tamen
313 1367 346 1420 ut
368 1361 549 1424 dialecticae
570 1382 633 1424 nou
656 1363 867 1435 obliviscaris,
890 1368 922 1425 et
940 1361 1044 1425 induc

122 1444 238 1505 donem
261 1443 402 1506 claudam
428 1447 525 1522 (sicut
544 1447 605 1507 ista
625 1446 699 1524 fuit)
724 1465 785 1507 non
808 1443 930 1508 afferas.

205 1524 297 1601 Quod
329 1534 431 1588 autem
465 1527 504 1590 de
536 1529 631 1591 literis
654 1528 861 1590 Bobsmorum
895 1546 935 1589 ex
968 1527 1044 1589 ideis

122 1609 196 1688 tuis,
234 1629 290 1693 pro
327 1611 504 1673 sinceritate
536 1611 615 1672 fictis
652 1617 708 1674 aut
739 1613 847 1672 iterum
883 1610 1044 1687 simulat'm,

123 1692 339 1772 erroribusque
360 1694 436 1755 meis
458 1695 489 1756 in
513 1694 676 1756 ecclesiam
701 1695 818 1771 scribis,
841 1692 959 1773 probo,
981 1711 1044 1756 non

122 1775 196 1855 quia
234 1795 339 1837 verum
373 1775 468 1857 dicis,
506 1777 561 1839 sed
595 1778 667 1857 quia
698 1782 785 1838 tanto
818 1776 894 1837 mibi
926 1775 1045 1857 perdita

121 1858 276 1921 simulatio
300 1862 353 1920 tua
378 1866 425 1919 est
446 1860 536 1939 odio,
573 1867 607 1922 ut
634 1861 685 1922 vel
706 1861 768 1922 boc
788 1860 927 1940 placeat,
963 1857 1044 1940 quod

120 1946 227 2021 aperte
266 1942 419 2016 mentiris,
460 1943 595 2021 iudicas,
640 1943 784 2004 detrahis.
842 1941 908 2004 uum
942 1949 1043 2005 autom

121 2024 300 2104 propediem
331 2031 363 2086 ut
393 2032 558 2105 appareat,
598 2045 638 2089 an
661 2032 694 2087 tu
716 2046 784 2087 cum
808 2027 868 2086 tuis
888 2045 945 2106 per
967 2026 1044 2106 psin-

122 2107 222 2186 cipem
245 2106 455 2188 tenebrarum,
490 2109 701 2187 Aristotelem,
736 2127 827 2188 quem
860 2127 920 2170 uec
945 2109 1044 2188 ipsum

121 2189 307 2269 intelligitis,
328 2190 381 2250 val
402 2211 462 2271 ego
484 2192 636 2254 acclesiae
660 2191 771 2253 Christi
793 2192 862 2271 plns
876 2193 1045 2269 nocuerim,

122 2278 154 2334 et
181 2271 222 2331 ad
251 2272 463 2353 syllogismum
497 2281 581 2335 tuum
604 2277 714 2356 quovis
746 2276 887 2336 morione
909 2274 1044 2355 dignum,

122 2353 204 2434 quod
227 2354 356 2416 Bobsmi
378 2377 428 2418 me
455 2357 595 2435 laudent,
627 2378 683 2438 pro
707 2377 756 2419 me
780 2365 883 2436 orent,
917 2376 1044 2438 rospon-

121 2457 188 2499 sum
225 2437 280 2498 tibi
314 2457 436 2519 quoque
475 2448 523 2502 est
559 2443 591 2503 in
621 2440 818 2522 Aegocerote
849 2441 1043 2502 bimseriano.

122 2519 218 2597 Vale,
257 2527 288 2581 et
314 2522 463 2583 Dominus
495 2524 580 2585 lesus
614 2530 703 2585 sanet
734 2526 867 2584 animam
902 2530 989 2587 tuam
1013 2525 1042 2585 iu

122 2608 291 2679 aeteruum,
311 2603 421 2667 Amen.

246 2686 505 2769 Vuittembergae.

427 2769 518 2833 Anno
539 2772 580 2834 M.
602 2773 639 2837 D.
661 2770 740 2836 xlx.
