<?xml version="1.0" encoding="UTF-8"?>
<!DOCTYPE html PUBLIC "-//W3C//DTD XHTML 1.0 Transitional//EN"
    "http://www.w3.org/TR/xhtml1/DTD/xhtml1-transitional.dtd">
<html xmlns="http://www.w3.org/1999/xhtml" xml:lang="en" lang="en">
 <head>
  <title>
</title>
<meta http-equiv="Content-Type" content="text/html;charset=utf-8" />
  <meta name='ocr-system' content='tesseract 3.04.00' />
  <meta name='ocr-capabilities' content='ocr_page ocr_carea ocr_par ocr_line ocrx_word'/>
</head>
<body>
  <div class='ocr_page' id='page_1' title='image "./dmartinilutheri04luthgoog_0208.png"; bbox 0 0 2346 4208; ppageno 0'>
   <div class='ocr_carea' id='block_1_1' title="bbox 254 146 1041 325">
    <p class='ocr_par' dir='ltr' id='par_1_1' title="bbox 254 146 1041 325">
     <span class='ocr_line' id='line_1_1' title="bbox 254 146 1041 325; baseline -0.001 -14"><span class='ocrx_word' id='word_1_1' title='bbox 254 258 259 269; x_wconf 94' lang='grc'><strong>“</strong></span> <span class='ocrx_word' id='word_1_2' title='bbox 340 146 367 311; x_wconf 77' lang='lat' dir='ltr'>:l</span> <span class='ocrx_word' id='word_1_3' title='bbox 433 254 735 325; x_wconf 64' lang='lat' dir='ltr'>..noounussprs</span> <span class='ocrx_word' id='word_1_4' title='bbox 805 278 808 283; x_wconf 95' lang='lat'>·</span> <span class='ocrx_word' id='word_1_5' title='bbox 977 252 1041 325; x_wconf 69' lang='grc' dir='ltr'>Μ</span> 
     </span>
    </p>
   </div>
   <div class='ocr_carea' id='block_1_2' title="bbox 82 442 1118 1441">
    <p class='ocr_par' dir='ltr' id='par_1_2' title="bbox 89 442 1118 1181">
     <span class='ocr_line' id='line_1_2' title="bbox 130 442 1041 525; baseline 0.004 -20"><span class='ocrx_word' id='word_1_6' title='bbox 130 445 176 525; x_wconf 77' lang='lat' dir='ltr'>qui</span> <span class='ocrx_word' id='word_1_7' title='bbox 193 442 355 509; x_wconf 82' lang='lat' dir='ltr'>deseendit</span> <span class='ocrx_word' id='word_1_8' title='bbox 373 446 408 516; x_wconf 75' lang='lat' dir='ltr'>&#39;l</span> <span class='ocrx_word' id='word_1_9' title='bbox 430 442 471 507; x_wconf 83' lang='lat' dir='ltr'>de</span> <span class='ocrx_word' id='word_1_10' title='bbox 493 445 647 525; x_wconf 61' lang='lat' dir='ltr'>“pientia</span> <span class='ocrx_word' id='word_1_11' title='bbox 667 445 708 506; x_wconf 84' lang='lat' dir='ltr'>sd</span> <span class='ocrx_word' id='word_1_12' title='bbox 729 445 882 523; x_wconf 81' lang='lat' dir='ltr'>timorem,</span> <span class='ocrx_word' id='word_1_13' title='bbox 904 446 961 509; x_wconf 86' lang='lat' dir='ltr'>sod</span> <span class='ocrx_word' id='word_1_14' title='bbox 981 465 1041 509; x_wconf 85' lang='lat' dir='ltr'>nos</span> 
     </span>
     <span class='ocr_line' id='line_1_3' title="bbox 130 526 1041 593; baseline 0.002 -2"><span class='ocrx_word' id='word_1_15' title='bbox 130 532 228 591; x_wconf 64' lang='lat' dir='ltr'>mnne</span> <span class='ocrx_word' id='word_1_16' title='bbox 254 526 447 589; x_wconf 76' lang='lat' dir='ltr'>despondere</span> <span class='ocrx_word' id='word_1_17' title='bbox 468 548 487 589; x_wconf 86' lang='lat' dir='ltr'>s</span> <span class='ocrx_word' id='word_1_18' title='bbox 510 529 621 591; x_wconf 86' lang='lat' dir='ltr'>timore</span> <span class='ocrx_word' id='word_1_19' title='bbox 649 528 689 591; x_wconf 83' lang='lat' dir='ltr'>sd</span> <span class='ocrx_word' id='word_1_20' title='bbox 710 530 879 592; x_wconf 60' lang='lat' dir='ltr'>osrintsm.</span> <span class='ocrx_word' id='word_1_21' title='bbox 906 530 1041 593; x_wconf 82' lang='lat' dir='ltr'>Dooenti</span> 
     </span>
     <span class='ocr_line' id='line_1_4' title="bbox 129 610 1040 695; baseline 0.002 -22"><span class='ocrx_word' id='word_1_22' title='bbox 129 612 167 673; x_wconf 86' lang='lat' dir='ltr'>rie</span> <span class='ocrx_word' id='word_1_23' title='bbox 184 610 374 692; x_wconf 75' lang='lat' dir='ltr'>respondeo,</span> <span class='ocrx_word' id='word_1_24' title='bbox 398 611 482 692; x_wconf 88' lang='lat' dir='ltr'>quod</span> <span class='ocrx_word' id='word_1_25' title='bbox 504 611 593 673; x_wconf 87' lang='lat' dir='ltr'>divus</span> <span class='ocrx_word' id='word_1_26' title='bbox 607 611 776 695; x_wconf 76' lang='lat' dir='ltr'>Gregorius</span> <span class='ocrx_word' id='word_1_27' title='bbox 797 630 859 672; x_wconf 89' lang='lat' dir='ltr'>non</span> <span class='ocrx_word' id='word_1_28' title='bbox 875 610 968 674; x_wconf 87' lang='lat' dir='ltr'>debet</span> <span class='ocrx_word' id='word_1_29' title='bbox 989 632 1040 675; x_wconf 88' lang='lat' dir='ltr'>ex·</span> 
     </span>
     <span class='ocr_line' id='line_1_5' title="bbox 127 692 1074 777; baseline -0.001 -16"><span class='ocrx_word' id='word_1_30' title='bbox 127 692 243 761; x_wconf 75' lang='lat' dir='ltr'>eludere</span> <span class='ocrx_word' id='word_1_31' title='bbox 265 696 446 771; x_wconf 69' lang='lat' dir='ltr'>danielem,</span> <span class='ocrx_word' id='word_1_32' title='bbox 467 714 527 757; x_wconf 86' lang='lat' dir='ltr'>nso</span> <span class='ocrx_word' id='word_1_33' title='bbox 547 696 680 757; x_wconf 86' lang='lat' dir='ltr'>exolnsit</span> <span class='ocrx_word' id='word_1_34' title='bbox 695 714 720 757; x_wconf 76' lang='lat' dir='ltr'>n</span> <span class='ocrx_word' id='word_1_35' title='bbox 740 698 853 758; x_wconf 86' lang='lat' dir='ltr'>timore</span> <span class='ocrx_word' id='word_1_36' title='bbox 872 696 1041 777; x_wconf 71' lang='lat' dir='ltr'><strong>incipiente</strong></span> <span class='ocrx_word' id='word_1_37' title='bbox 1065 750 1074 760; x_wconf 83' lang='lat'>.</span> 
     </span>
     <span class='ocr_line' id='line_1_6' title="bbox 126 776 1059 861; baseline 0.001 -22"><span class='ocrx_word' id='word_1_38' title='bbox 126 778 359 859; x_wconf 69' lang='lat' dir='ltr'>poenitentiam,</span> <span class='ocrx_word' id='word_1_39' title='bbox 380 779 461 839; x_wconf 87' lang='lat' dir='ltr'>siout</span> <span class='ocrx_word' id='word_1_40' title='bbox 478 778 514 840; x_wconf 89' lang='lat' dir='ltr'>D.</span> <span class='ocrx_word' id='word_1_41' title='bbox 536 778 574 840; x_wconf 88' lang='lat' dir='ltr'>D.</span> <span class='ocrx_word' id='word_1_42' title='bbox 595 779 748 861; x_wconf 82' lang='lat' dir='ltr'>intelligit,</span> <span class='ocrx_word' id='word_1_43' title='bbox 770 779 850 838; x_wconf 88' lang='lat' dir='ltr'>siout</span> <span class='ocrx_word' id='word_1_44' title='bbox 870 796 930 838; x_wconf 87' lang='lat' dir='ltr'>neo</span> <span class='ocrx_word' id='word_1_45' title='bbox 951 776 1059 840; x_wconf 49' lang='grc' dir='ltr'>οἶον</span> 
     </span>
     <span class='ocr_line' id='line_1_7' title="bbox 126 860 1039 941; baseline -0.005 -15"><span class='ocrx_word' id='word_1_46' title='bbox 126 860 207 931; x_wconf 73' lang='lat' dir='ltr'>ritulo</span> <span class='ocrx_word' id='word_1_47' title='bbox 227 860 405 941; x_wconf 57' lang='lat' dir='ltr'>eroluditur</span> <span class='ocrx_word' id='word_1_48' title='bbox 423 862 525 923; x_wconf 86' lang='lat' dir='ltr'>omnis</span> <span class='ocrx_word' id='word_1_49' title='bbox 547 863 640 923; x_wconf 87' lang='lat' dir='ltr'>timor</span> <span class='ocrx_word' id='word_1_50' title='bbox 655 862 785 940; x_wconf 81' lang='lat' dir='ltr'>servilis,</span> <span class='ocrx_word' id='word_1_51' title='bbox 805 862 987 941; x_wconf 72' lang='lat' dir='ltr'>praesertim</span> <span class='ocrx_word' id='word_1_52' title='bbox 1008 864 1039 922; x_wconf 89' lang='lat' dir='ltr'>iu</span> 
     </span>
     <span class='ocr_line' id='line_1_8' title="bbox 89 944 1041 1024; baseline 0 -17"><span class='ocrx_word' id='word_1_53' title='bbox 89 983 92 987; x_wconf 92' lang='lat'><em>-</em></span> <span class='ocrx_word' id='word_1_54' title='bbox 124 944 272 1023; x_wconf 62' lang='lat' dir='ltr'>fluviis,</span> <span class='ocrx_word' id='word_1_55' title='bbox 294 962 365 1006; x_wconf 76' lang='lat' dir='ltr'>nunu</span> <span class='ocrx_word' id='word_1_56' title='bbox 387 945 525 1007; x_wconf 79' lang='lat' dir='ltr'>nnritstis</span> <span class='ocrx_word' id='word_1_57' title='bbox 547 944 681 1007; x_wconf 77' lang='lat' dir='ltr'>officinm</span> <span class='ocrx_word' id='word_1_58' title='bbox 704 946 745 1006; x_wconf 82' lang='lat' dir='ltr'>sil</span> <span class='ocrx_word' id='word_1_59' title='bbox 772 944 930 1024; x_wconf 74' lang='lat' dir='ltr'>expellere</span> <span class='ocrx_word' id='word_1_60' title='bbox 952 945 1041 1007; x_wconf 85' lang='lat' dir='ltr'>tirno·</span> 
     </span>
     <span class='ocr_line' id='line_1_9' title="bbox 94 1026 1118 1173; baseline -0.002 -78"><span class='ocrx_word' id='word_1_61' title='bbox 94 1066 97 1073; x_wconf 96' lang='lat'>·</span> <span class='ocrx_word' id='word_1_62' title='bbox 122 1046 180 1095; x_wconf 69' lang='lat' dir='ltr'>m</span> <span class='ocrx_word' id='word_1_63' title='bbox 200 1026 360 1173; x_wconf 52' lang='lat' dir='ltr'>milen,</span> <span class='ocrx_word' id='word_1_64' title='bbox 377 1033 472 1107; x_wconf 76' lang='lat' dir='ltr'>etque</span> <span class='ocrx_word' id='word_1_65' title='bbox 492 1027 613 1091; x_wconf 79' lang='lat' dir='ltr'>idiote</span> <span class='ocrx_word' id='word_1_66' title='bbox 634 1029 706 1105; x_wconf 78' lang='lat' dir='ltr'>sits,</span> <span class='ocrx_word' id='word_1_67' title='bbox 729 1036 761 1089; x_wconf 88' lang='lat' dir='ltr'>et</span> <span class='ocrx_word' id='word_1_68' title='bbox 781 1027 930 1088; x_wconf 80' lang='lat' dir='ltr'>inducere</span> <span class='ocrx_word' id='word_1_69' title='bbox 950 1029 1039 1089; x_wconf 85' lang='lat' dir='ltr'>tirno·</span> <span class='ocrx_word' id='word_1_70' title='bbox 1071 1038 1079 1045; x_wconf 81' lang='grc'><strong>“</strong></span> <span class='ocrx_word' id='word_1_71' title='bbox 1116 1088 1118 1093; x_wconf 92' lang='grc'>.</span> 
     </span>
     <span class='ocr_line' id='line_1_10' title="bbox 122 1126 616 1181; baseline 0.002 0"><span class='ocrx_word' id='word_1_72' title='bbox 122 1129 188 1181; x_wconf 68' lang='lat' dir='ltr'>m·</span> <span class='ocrx_word' id='word_1_73' title='bbox 279 1130 342 1172; x_wconf 68' lang='grc' dir='ltr'>ΒΜ·</span> <span class='ocrx_word' id='word_1_74' title='bbox 609 1126 616 1139; x_wconf 87' lang='grc'><em>’</em></span> 
     </span>
    </p>

    <p class='ocr_par' dir='ltr' id='par_1_3' title="bbox 82 1191 1041 1441">
     <span class='ocr_line' id='line_1_11' title="bbox 140 1191 1041 1274; baseline -0.007 -15"><span class='ocrx_word' id='word_1_75' title='bbox 140 1192 309 1265; x_wconf 60' lang='lat' dir='ltr'>2-=sexto.</span> <span class='ocrx_word' id='word_1_76' title='bbox 331 1191 371 1257; x_wconf 79' lang='lat' dir='ltr'>nd</span> <span class='ocrx_word' id='word_1_77' title='bbox 392 1194 576 1258; x_wconf 66' lang='lat' dir='ltr'>autoritates</span> <span class='ocrx_word' id='word_1_78' title='bbox 596 1194 703 1264; x_wconf 78' lang='lat' dir='ltr'>Penii,</span> <span class='ocrx_word' id='word_1_79' title='bbox 725 1192 809 1273; x_wconf 86' lang='lat' dir='ltr'>quod</span> <span class='ocrx_word' id='word_1_80' title='bbox 828 1192 893 1253; x_wconf 82' lang='lat' dir='ltr'>Lex</span> <span class='ocrx_word' id='word_1_81' title='bbox 914 1200 1041 1274; x_wconf 85' lang='lat' dir='ltr'>propter</span> 
     </span>
     <span class='ocr_line' id='line_1_12' title="bbox 82 1275 1041 1359; baseline -0.003 -19"><span class='ocrx_word' id='word_1_82' title='bbox 82 1316 85 1321; x_wconf 94' lang='lat'>-</span> <span class='ocrx_word' id='word_1_83' title='bbox 120 1277 383 1359; x_wconf 55' lang='lat' dir='ltr'>suffossiones</span> <span class='ocrx_word' id='word_1_84' title='bbox 400 1278 504 1357; x_wconf 86' lang='lat' dir='ltr'>posits</span> <span class='ocrx_word' id='word_1_85' title='bbox 525 1284 589 1356; x_wconf 84' lang='lat' dir='ltr'>est,</span> <span class='ocrx_word' id='word_1_86' title='bbox 611 1284 643 1337; x_wconf 82' lang='lat' dir='ltr'>et</span> <span class='ocrx_word' id='word_1_87' title='bbox 663 1283 758 1357; x_wconf 81' lang='lat' dir='ltr'>suget</span> <span class='ocrx_word' id='word_1_88' title='bbox 778 1275 944 1353; x_wconf 80' lang='lat' dir='ltr'>doliolum,</span> <span class='ocrx_word' id='word_1_89' title='bbox 967 1276 1041 1338; x_wconf 86' lang='lat' dir='ltr'>dioit</span> 
     </span>
     <span class='ocr_line' id='line_1_13' title="bbox 120 1358 1040 1441; baseline 0.001 -21"><span class='ocrx_word' id='word_1_90' title='bbox 120 1358 286 1429; x_wconf 65' lang='lat' dir='ltr'>uniusne</span> <span class='ocrx_word' id='word_1_91' title='bbox 307 1358 349 1421; x_wconf 80' lang='lat' dir='ltr'>ed</span> <span class='ocrx_word' id='word_1_92' title='bbox 367 1360 580 1441; x_wconf 82' lang='lat' dir='ltr'>propositum,</span> <span class='ocrx_word' id='word_1_93' title='bbox 609 1366 643 1421; x_wconf 83' lang='lat' dir='ltr'>et</span> <span class='ocrx_word' id='word_1_94' title='bbox 667 1378 716 1420; x_wconf 87' lang='lat' dir='ltr'>me</span> <span class='ocrx_word' id='word_1_95' title='bbox 745 1358 926 1421; x_wconf 75' lang='lat' dir='ltr'>diverticulo</span> <span class='ocrx_word' id='word_1_96' title='bbox 946 1378 1040 1439; x_wconf 83' lang='lat' dir='ltr'>qnes-</span> 
     </span>
    </p>
   </div>
   <div class='ocr_carea' id='block_1_3' title="bbox 120 1441 1129 1524">
    <p class='ocr_par' dir='ltr' id='par_1_4' title="bbox 120 1441 1129 1524">
     <span class='ocr_line' id='line_1_14' title="bbox 120 1441 1129 1524; baseline -0.004 -17"><span class='ocrx_word' id='word_1_97' title='bbox 120 1442 247 1521; x_wconf 59' lang='lat' dir='ltr'>unsa,</span> <span class='ocrx_word' id='word_1_98' title='bbox 281 1441 440 1505; x_wconf 84' lang='lat' dir='ltr'>sdduosus</span> <span class='ocrx_word' id='word_1_99' title='bbox 462 1442 666 1524; x_wconf 73' lang='lat' dir='ltr'>Augustinunr</span> <span class='ocrx_word' id='word_1_100' title='bbox 689 1448 800 1504; x_wconf 79' lang='lat' dir='ltr'>oontrn</span> <span class='ocrx_word' id='word_1_101' title='bbox 818 1442 964 1503; x_wconf 70' lang='lat' dir='ltr'>Faustum</span> <span class='ocrx_word' id='word_1_102' title='bbox 987 1442 1038 1504; x_wconf 90' lang='lat' dir='ltr'>lib.</span> <span class='ocrx_word' id='word_1_103' title='bbox 1124 1454 1129 1463; x_wconf 81' lang='grc'><strong><em>’</em></strong></span> 
     </span>
    </p>
   </div>
   <div class='ocr_carea' id='block_1_4' title="bbox 74 1525 1122 2434">
    <p class='ocr_par' dir='ltr' id='par_1_5' title="bbox 74 1525 1122 2434">
     <span class='ocr_line' id='line_1_15' title="bbox 120 1525 1122 1606; baseline -0.007 -15"><span class='ocrx_word' id='word_1_104' title='bbox 120 1526 172 1591; x_wconf 77' lang='lat'>22:</span> <span class='ocrx_word' id='word_1_105' title='bbox 188 1526 358 1589; x_wconf 83' lang='lat' dir='ltr'>Penestum</span> <span class='ocrx_word' id='word_1_106' title='bbox 381 1544 453 1587; x_wconf 86' lang='lat' dir='ltr'>esse</span> <span class='ocrx_word' id='word_1_107' title='bbox 474 1525 589 1587; x_wconf 80' lang='lat' dir='ltr'>dietum</span> <span class='ocrx_word' id='word_1_108' title='bbox 610 1525 661 1586; x_wconf 75' lang='lat' dir='ltr'>vel</span> <span class='ocrx_word' id='word_1_109' title='bbox 683 1526 798 1586; x_wconf 79' lang='lat' dir='ltr'>loetum</span> <span class='ocrx_word' id='word_1_110' title='bbox 807 1533 917 1585; x_wconf 79' lang='lat' dir='ltr'>noni-rs</span> <span class='ocrx_word' id='word_1_111' title='bbox 937 1525 1038 1606; x_wconf 80' lang='lat' dir='ltr'>legem</span> <span class='ocrx_word' id='word_1_112' title='bbox 1115 1586 1122 1597; x_wconf 79' lang='grc'><strong><em>,</em></strong></span> 
     </span>
     <span class='ocr_line' id='line_1_16' title="bbox 121 1606 1039 1689; baseline -0.002 -19"><span class='ocrx_word' id='word_1_113' title='bbox 121 1608 189 1689; x_wconf 79' lang='lat' dir='ltr'>llei3</span> <span class='ocrx_word' id='word_1_114' title='bbox 204 1606 322 1669; x_wconf 64' lang='lat' dir='ltr'>‘neseio</span> <span class='ocrx_word' id='word_1_115' title='bbox 349 1607 422 1688; x_wconf 86' lang='lat' dir='ltr'>quid</span> <span class='ocrx_word' id='word_1_116' title='bbox 445 1609 523 1669; x_wconf 87' lang='lat' dir='ltr'>velit</span> <span class='ocrx_word' id='word_1_117' title='bbox 542 1609 579 1669; x_wconf 84' lang='lat' dir='ltr'>D.</span> <span class='ocrx_word' id='word_1_118' title='bbox 602 1609 638 1671; x_wconf 87' lang='lat' dir='ltr'>D.</span> <span class='ocrx_word' id='word_1_119' title='bbox 670 1608 740 1669; x_wconf 82' lang='lat' dir='ltr'>Non</span> <span class='ocrx_word' id='word_1_120' title='bbox 764 1614 813 1668; x_wconf 89' lang='lat' dir='ltr'>est</span> <span class='ocrx_word' id='word_1_121' title='bbox 831 1608 882 1668; x_wconf 88' lang='lat' dir='ltr'>hie</span> <span class='ocrx_word' id='word_1_122' title='bbox 902 1607 1039 1688; x_wconf 72' lang='lat' dir='ltr'>dispute-</span> 
     </span>
     <span class='ocr_line' id='line_1_17' title="bbox 122 1680 1040 1773; baseline -0.002 -20"><span class='ocrx_word' id='word_1_123' title='bbox 122 1692 173 1770; x_wconf 74' lang='lat' dir='ltr'>l&#39;n,</span> <span class='ocrx_word' id='word_1_124' title='bbox 201 1690 281 1773; x_wconf 83' lang='lat' dir='ltr'>quid</span> <span class='ocrx_word' id='word_1_125' title='bbox 302 1691 343 1753; x_wconf 84' lang='lat' dir='ltr'>sit</span> <span class='ocrx_word' id='word_1_126' title='bbox 363 1698 539 1772; x_wconf 57' lang='lat' dir='ltr'>moestum,</span> <span class='ocrx_word' id='word_1_127' title='bbox 566 1690 639 1753; x_wconf 87' lang='lat' dir='ltr'>ideo</span> <span class='ocrx_word' id='word_1_128' title='bbox 662 1690 824 1771; x_wconf 82' lang='lat' dir='ltr'>superfluis</span> <span class='ocrx_word' id='word_1_129' title='bbox 856 1680 958 1751; x_wconf 83' lang='lat' dir='ltr'>vorbis</span> <span class='ocrx_word' id='word_1_130' title='bbox 979 1690 1040 1751; x_wconf 84' lang='lat' dir='ltr'>hoo</span> 
     </span>
     <span class='ocr_line' id='line_1_18' title="bbox 122 1772 1038 1857; baseline -0.008 -16"><span class='ocrx_word' id='word_1_131' title='bbox 122 1780 236 1857; x_wconf 56' lang='lat' dir='ltr'>empus</span> <span class='ocrx_word' id='word_1_132' title='bbox 267 1773 422 1855; x_wconf 87' lang='lat' dir='ltr'>perditum</span> <span class='ocrx_word' id='word_1_133' title='bbox 446 1781 515 1837; x_wconf 85' lang='lat' dir='ltr'>est.-</span> <span class='ocrx_word' id='word_1_134' title='bbox 542 1773 667 1854; x_wconf 78' lang='lat' dir='ltr'>Soopus</span> <span class='ocrx_word' id='word_1_135' title='bbox 688 1776 749 1835; x_wconf 84' lang='lat' dir='ltr'>iste.</span> <span class='ocrx_word' id='word_1_136' title='bbox 768 1779 921 1850; x_wconf 77' lang='lat' dir='ltr'>versetur,</span> <span class='ocrx_word' id='word_1_137' title='bbox 954 1772 1038 1853; x_wconf 87' lang='lat' dir='ltr'>quod</span> 
     </span>
     <span class='ocr_line' id='line_1_19' title="bbox 74 1856 1038 1937; baseline -0.006 -16"><span class='ocrx_word' id='word_1_138' title='bbox 74 1888 76 1895; x_wconf 95' lang='lat'>·</span> <span class='ocrx_word' id='word_1_139' title='bbox 122 1858 282 1921; x_wconf 79' lang='lat' dir='ltr'>sstoritste</span> <span class='ocrx_word' id='word_1_140' title='bbox 303 1856 391 1921; x_wconf 81' lang='lat' dir='ltr'>Pnuli</span> <span class='ocrx_word' id='word_1_141' title='bbox 413 1858 505 1919; x_wconf 84' lang='lat' dir='ltr'>timor</span> <span class='ocrx_word' id='word_1_142' title='bbox 526 1857 647 1918; x_wconf 82' lang='lat' dir='ltr'>servilis</span> <span class='ocrx_word' id='word_1_143' title='bbox 683 1876 745 1918; x_wconf 91' lang='lat' dir='ltr'>non</span> <span class='ocrx_word' id='word_1_144' title='bbox 768 1858 868 1937; x_wconf 83' lang='lat' dir='ltr'>possit</span> <span class='ocrx_word' id='word_1_145' title='bbox 889 1874 959 1917; x_wconf 88' lang='lat' dir='ltr'>esse</span> <span class='ocrx_word' id='word_1_146' title='bbox 980 1857 1038 1916; x_wconf 89' lang='lat' dir='ltr'>nisi</span> 
     </span>
     <span class='ocr_line' id='line_1_20' title="bbox 74 1939 1041 2104; baseline -0.003 -19"><span class='ocrx_word' id='word_1_147' title='bbox 74 2016 95 2077; x_wconf 95' lang='grc'>·.</span> <span class='ocrx_word' id='word_1_148' title='bbox 122 1946 759 2104; x_wconf 50' lang='lat' dir='ltr'>mtfflffitfftllltzlltt:</span> <span class='ocrx_word' id='word_1_149' title='bbox 775 1939 1041 2084; x_wconf 57' lang='lat' dir='ltr'>illidito</span> 
     </span>
     <span class='ocr_line' id='line_1_21' title="bbox 124 2104 1037 2184; baseline -0.004 -17"><span class='ocrx_word' id='word_1_150' title='bbox 124 2104 308 2184; x_wconf 80' lang='lat' dir='ltr'>diuertiouln,</span> <span class='ocrx_word' id='word_1_151' title='bbox 329 2104 384 2167; x_wconf 87' lang='lat' dir='ltr'>sed</span> <span class='ocrx_word' id='word_1_152' title='bbox 406 2106 536 2167; x_wconf 81' lang='lat' dir='ltr'>fulmins</span> <span class='ocrx_word' id='word_1_153' title='bbox 548 2108 741 2169; x_wconf 80' lang='lat' dir='ltr'>oonterentis</span> <span class='ocrx_word' id='word_1_154' title='bbox 753 2106 937 2167; x_wconf 76' lang='lat' dir='ltr'>sententiam</span> <span class='ocrx_word' id='word_1_155' title='bbox 951 2105 986 2165; x_wconf 86' lang='lat' dir='ltr'>D.</span> <span class='ocrx_word' id='word_1_156' title='bbox 1001 2105 1037 2164; x_wconf 59' lang='lat' dir='ltr'>Dr</span> 
     </span>
     <span class='ocr_line' id='line_1_22' title="bbox 125 2188 1038 2270; baseline -0.003 -20"><span class='ocrx_word' id='word_1_157' title='bbox 125 2208 212 2269; x_wconf 80' lang='lat' dir='ltr'>usque</span> <span class='ocrx_word' id='word_1_158' title='bbox 235 2188 276 2249; x_wconf 83' lang='lat' dir='ltr'>sd</span> <span class='ocrx_word' id='word_1_159' title='bbox 311 2189 480 2268; x_wconf 85' lang='lat' dir='ltr'>pulverem.</span> <span class='ocrx_word' id='word_1_160' title='bbox 521 2189 590 2249; x_wconf 90' lang='lat' dir='ltr'>Nou</span> <span class='ocrx_word' id='word_1_161' title='bbox 623 2208 698 2269; x_wconf 85' lang='lat' dir='ltr'>ergo</span> <span class='ocrx_word' id='word_1_162' title='bbox 721 2209 780 2270; x_wconf 83' lang='lat' dir='ltr'>ego</span> <span class='ocrx_word' id='word_1_163' title='bbox 802 2208 842 2249; x_wconf 86' lang='lat' dir='ltr'>ex</span> <span class='ocrx_word' id='word_1_164' title='bbox 863 2188 1038 2248; x_wconf 86' lang='lat' dir='ltr'>hominibus</span> 
     </span>
     <span class='ocr_line' id='line_1_23' title="bbox 126 2271 1079 2353; baseline -0.003 -22"><span class='ocrx_word' id='word_1_165' title='bbox 126 2271 247 2352; x_wconf 71' lang='lat' dir='ltr'>angelos</span> <span class='ocrx_word' id='word_1_166' title='bbox 258 2272 353 2349; x_wconf 84' lang='lat' dir='ltr'>losio,</span> <span class='ocrx_word' id='word_1_167' title='bbox 373 2271 486 2332; x_wconf 89' lang='lat' dir='ltr'>oblitus</span> <span class='ocrx_word' id='word_1_168' title='bbox 497 2272 680 2353; x_wconf 68' lang='lat' dir='ltr'>fragilitatis,</span> <span class='ocrx_word' id='word_1_169' title='bbox 702 2272 758 2333; x_wconf 85' lang='lat' dir='ltr'>s&#39;ed</span> <span class='ocrx_word' id='word_1_170' title='bbox 775 2272 885 2345; x_wconf 78' lang='lat' dir='ltr'>doceo,</span> <span class='ocrx_word' id='word_1_171' title='bbox 903 2290 941 2331; x_wconf 85' lang='lat' dir='ltr'>ne</span> <span class='ocrx_word' id='word_1_172' title='bbox 955 2271 1039 2331; x_wconf 82' lang='lat' dir='ltr'>Deos</span> <span class='ocrx_word' id='word_1_173' title='bbox 1074 2274 1079 2287; x_wconf 98' lang='grc'>’</span> 
     </span>
     <span class='ocr_line' id='line_1_24' title="bbox 127 2353 1038 2434; baseline -0.002 -19"><span class='ocrx_word' id='word_1_174' title='bbox 127 2353 264 2433; x_wconf 56' lang='lat' dir='ltr'>selinus</span> <span class='ocrx_word' id='word_1_175' title='bbox 286 2372 327 2417; x_wconf 84' lang='lat' dir='ltr'>ex</span> <span class='ocrx_word' id='word_1_176' title='bbox 349 2354 585 2434; x_wconf 74' lang='lat' dir='ltr'>peoostoribus‚</span> <span class='ocrx_word' id='word_1_177' title='bbox 608 2354 679 2414; x_wconf 88' lang='lat' dir='ltr'>dum</span> <span class='ocrx_word' id='word_1_178' title='bbox 704 2355 928 2415; x_wconf 80' lang='lat' dir='ltr'>obliviscuntur</span> <span class='ocrx_word' id='word_1_179' title='bbox 949 2354 1038 2434; x_wconf 83' lang='lat' dir='ltr'>frngi-</span> 
     </span>
    </p>
   </div>
   <div class='ocr_carea' id='block_1_5' title="bbox 128 2435 1144 2517">
    <p class='ocr_par' dir='ltr' id='par_1_6' title="bbox 128 2435 1144 2517">
     <span class='ocr_line' id='line_1_25' title="bbox 128 2435 1144 2517; baseline 0.001 -22"><span class='ocrx_word' id='word_1_180' title='bbox 128 2435 210 2499; x_wconf 81' lang='lat' dir='ltr'>litstis</span> <span class='ocrx_word' id='word_1_181' title='bbox 240 2456 336 2513; x_wconf 85' lang='lat' dir='ltr'>enee,</span> <span class='ocrx_word' id='word_1_182' title='bbox 369 2455 431 2517; x_wconf 86' lang='lat' dir='ltr'>qus</span> <span class='ocrx_word' id='word_1_183' title='bbox 458 2457 521 2498; x_wconf 92' lang='lat' dir='ltr'>non</span> <span class='ocrx_word' id='word_1_184' title='bbox 549 2444 680 2517; x_wconf 83' lang='lat' dir='ltr'>possunt</span> <span class='ocrx_word' id='word_1_185' title='bbox 706 2439 763 2497; x_wconf 91' lang='lat' dir='ltr'>nisi</span> <span class='ocrx_word' id='word_1_186' title='bbox 796 2437 910 2497; x_wconf 85' lang='lat' dir='ltr'>mulum</span> <span class='ocrx_word' id='word_1_187' title='bbox 937 2437 1040 2497; x_wconf 85' lang='lat' dir='ltr'>fecere</span> <span class='ocrx_word' id='word_1_188' title='bbox 1141 2476 1144 2481; x_wconf 89' lang='lat'>-</span> 
     </span>
    </p>
   </div>
   <div class='ocr_carea' id='block_1_6' title="bbox 74 2521 1042 3511">
    <p class='ocr_par' dir='ltr' id='par_1_7' title="bbox 128 2521 353 2581">
     <span class='ocr_line' id='line_1_26' title="bbox 128 2521 353 2581; baseline 0 -2"><span class='ocrx_word' id='word_1_189' title='bbox 128 2525 191 2581; x_wconf 76' lang='lat' dir='ltr'>rute</span> <span class='ocrx_word' id='word_1_190' title='bbox 249 2521 353 2581; x_wconf 82' lang='lat' dir='ltr'>etism.</span> 
     </span>
    </p>

    <p class='ocr_par' dir='ltr' id='par_1_8' title="bbox 74 2539 1041 3161">
     <span class='ocr_line' id='line_1_27' title="bbox 200 2539 1041 2683; baseline -0.005 -19"><span class='ocrx_word' id='word_1_191' title='bbox 200 2539 558 2678; x_wconf 64' lang='lat' dir='ltr'>dlroummersionem</span> <span class='ocrx_word' id='word_1_192' title='bbox 593 2602 647 2662; x_wconf 88' lang='lat' dir='ltr'>lilii</span> <span class='ocrx_word' id='word_1_193' title='bbox 674 2601 795 2683; x_wconf 84' lang='lat' dir='ltr'>prodigi</span> <span class='ocrx_word' id='word_1_194' title='bbox 825 2602 937 2661; x_wconf 80' lang='lat' dir='ltr'>festam</span> <span class='ocrx_word' id='word_1_195' title='bbox 967 2600 1041 2661; x_wconf 88' lang='lat' dir='ltr'>dioit</span> 
     </span>
     <span class='ocr_line' id='line_1_28' title="bbox 74 2683 1040 2767; baseline -0.002 -22"><span class='ocrx_word' id='word_1_196' title='bbox 74 2686 76 2691; x_wconf 82' lang='grc'><strong>’</strong></span> <span class='ocrx_word' id='word_1_197' title='bbox 129 2685 382 2766; x_wconf 84' lang='lat' dir='ltr'>oontemplstione</span> <span class='ocrx_word' id='word_1_198' title='bbox 412 2702 567 2765; x_wconf 53' lang='lat' dir='ltr'>poenites</span> <span class='ocrx_word' id='word_1_199' title='bbox 584 2705 674 2767; x_wconf 82' lang='lat' dir='ltr'>nego.</span> <span class='ocrx_word' id='word_1_200' title='bbox 725 2685 772 2745; x_wconf 85' lang='lat' dir='ltr'>Ad</span> <span class='ocrx_word' id='word_1_201' title='bbox 813 2683 1040 2764; x_wconf 78' lang='lat' dir='ltr'>probationem,</span> 
     </span>
     <span class='ocr_line' id='line_1_29' title="bbox 130 2767 1041 2847; baseline -0.001 -19"><span class='ocrx_word' id='word_1_202' title='bbox 130 2767 202 2846; x_wconf 90' lang='lat' dir='ltr'>quod</span> <span class='ocrx_word' id='word_1_203' title='bbox 232 2769 387 2829; x_wconf 87' lang='lat' dir='ltr'>nerninem</span> <span class='ocrx_word' id='word_1_204' title='bbox 419 2768 562 2843; x_wconf 79' lang='lat' dir='ltr'>haberet,</span> <span class='ocrx_word' id='word_1_205' title='bbox 600 2771 651 2847; x_wconf 89' lang='lat' dir='ltr'>qni</span> <span class='ocrx_word' id='word_1_206' title='bbox 674 2787 742 2829; x_wconf 88' lang='lat' dir='ltr'>eum</span> <span class='ocrx_word' id='word_1_207' title='bbox 765 2768 883 2846; x_wconf 88' lang='lat' dir='ltr'>siliquis</span> <span class='ocrx_word' id='word_1_208' title='bbox 906 2768 1041 2844; x_wconf 77' lang='lat' dir='ltr'>satiaret,</span> 
     </span>
     <span class='ocr_line' id='line_1_30' title="bbox 132 2849 1039 2925; baseline 0 -17"><span class='ocrx_word' id='word_1_209' title='bbox 132 2849 204 2913; x_wconf 83' lang='lat' dir='ltr'>dieo:</span> <span class='ocrx_word' id='word_1_210' title='bbox 237 2850 303 2911; x_wconf 84' lang='lat' dir='ltr'>Nisi</span> <span class='ocrx_word' id='word_1_211' title='bbox 326 2851 407 2911; x_wconf 89' lang='lat' dir='ltr'>intus</span> <span class='ocrx_word' id='word_1_212' title='bbox 428 2851 536 2912; x_wconf 85' lang='lat' dir='ltr'>luisset</span> <span class='ocrx_word' id='word_1_213' title='bbox 558 2858 672 2912; x_wconf 77' lang='lat' dir='ltr'>tractus</span> <span class='ocrx_word' id='word_1_214' title='bbox 695 2854 777 2912; x_wconf 89' lang='lat' dir='ltr'>etin</span> <span class='ocrx_word' id='word_1_215' title='bbox 802 2870 835 2910; x_wconf 88' lang='lat' dir='ltr'>se</span> <span class='ocrx_word' id='word_1_216' title='bbox 858 2868 1039 2925; x_wconf 74' lang='lat' dir='ltr'>conversus,</span> 
     </span>
     <span class='ocr_line' id='line_1_31' title="bbox 132 2933 1041 3014; baseline 0 -21"><span class='ocrx_word' id='word_1_217' title='bbox 132 2935 223 3010; x_wconf 82' lang='lat' dir='ltr'>pon&#39;us</span> <span class='ocrx_word' id='word_1_218' title='bbox 243 2934 326 2994; x_wconf 81' lang='lat' dir='ltr'>forne</span> <span class='ocrx_word' id='word_1_219' title='bbox 349 2941 484 2995; x_wconf 87' lang='lat' dir='ltr'>mortuus</span> <span class='ocrx_word' id='word_1_220' title='bbox 506 2941 604 3012; x_wconf 83' lang='lat' dir='ltr'>esset,</span> <span class='ocrx_word' id='word_1_221' title='bbox 628 2954 718 3014; x_wconf 79' lang='lat' dir='ltr'>quem</span> <span class='ocrx_word' id='word_1_222' title='bbox 741 2933 898 3008; x_wconf 77' lang='lat' dir='ltr'>rediisset,</span> <span class='ocrx_word' id='word_1_223' title='bbox 926 2940 959 2993; x_wconf 88' lang='lat' dir='ltr'>ut</span> <span class='ocrx_word' id='word_1_224' title='bbox 981 2939 1041 2993; x_wconf 87' lang='lat' dir='ltr'>stet</span> 
     </span>
     <span class='ocr_line' id='line_1_32' title="bbox 133 3015 1040 3095; baseline 0.001 -19"><span class='ocrx_word' id='word_1_225' title='bbox 133 3017 287 3078; x_wconf 83' lang='lat' dir='ltr'>sententis:</span> <span class='ocrx_word' id='word_1_226' title='bbox 308 3015 408 3077; x_wconf 85' lang='lat' dir='ltr'>Nemo</span> <span class='ocrx_word' id='word_1_227' title='bbox 432 3018 516 3079; x_wconf 79' lang='lat' dir='ltr'>uenit</span> <span class='ocrx_word' id='word_1_228' title='bbox 537 3017 577 3077; x_wconf 83' lang='lat' dir='ltr'>sd</span> <span class='ocrx_word' id='word_1_229' title='bbox 600 3037 658 3095; x_wconf 84' lang='lat' dir='ltr'>me,</span> <span class='ocrx_word' id='word_1_230' title='bbox 682 3019 739 3077; x_wconf 89' lang='lat' dir='ltr'>nisi</span> <span class='ocrx_word' id='word_1_231' title='bbox 760 3018 852 3078; x_wconf 82' lang='lat' dir='ltr'>Peter</span> <span class='ocrx_word' id='word_1_232' title='bbox 874 3035 959 3076; x_wconf 89' lang='lat' dir='ltr'>meus</span> <span class='ocrx_word' id='word_1_233' title='bbox 983 3022 1040 3077; x_wconf 85' lang='lat' dir='ltr'>trs·</span> 
     </span>
     <span class='ocr_line' id='line_1_33' title="bbox 134 3100 301 3161; baseline 0.024 -4"><span class='ocrx_word' id='word_1_234' title='bbox 134 3100 201 3159; x_wconf 85' lang='lat' dir='ltr'>rerit</span> <span class='ocrx_word' id='word_1_235' title='bbox 221 3119 301 3161; x_wconf 88' lang='lat' dir='ltr'>eum.</span> 
     </span>
    </p>

    <p class='ocr_par' dir='ltr' id='par_1_9' title="bbox 136 3180 1042 3511">
     <span class='ocr_line' id='line_1_34' title="bbox 202 3180 1040 3262; baseline -0.002 -19"><span class='ocrx_word' id='word_1_236' title='bbox 202 3181 292 3258; x_wconf 77' lang='lat' dir='ltr'>Quod</span> <span class='ocrx_word' id='word_1_237' title='bbox 303 3181 494 3262; x_wconf 85' lang='lat' dir='ltr'>Augustinus</span> <span class='ocrx_word' id='word_1_238' title='bbox 517 3180 605 3257; x_wconf 75' lang='lat' dir='ltr'>dipit,</span> <span class='ocrx_word' id='word_1_239' title='bbox 630 3181 723 3243; x_wconf 84' lang='lat' dir='ltr'>verbs</span> <span class='ocrx_word' id='word_1_240' title='bbox 744 3183 808 3243; x_wconf 89' lang='lat' dir='ltr'>eius</span> <span class='ocrx_word' id='word_1_241' title='bbox 830 3182 924 3243; x_wconf 81' lang='lat' dir='ltr'>fuisse</span> <span class='ocrx_word' id='word_1_242' title='bbox 947 3180 1040 3241; x_wconf 84' lang='lat' dir='ltr'>verbs</span> 
     </span>
     <span class='ocr_line' id='line_1_35' title="bbox 136 3263 1040 3345; baseline -0.001 -20"><span class='ocrx_word' id='word_1_243' title='bbox 136 3266 341 3340; x_wconf 77' lang='lat' dir='ltr'>poenitentiam</span> <span class='ocrx_word' id='word_1_244' title='bbox 351 3264 536 3339; x_wconf 79' lang='lat' dir='ltr'>meditantis,</span> <span class='ocrx_word' id='word_1_245' title='bbox 550 3265 686 3326; x_wconf 90' lang='lat' dir='ltr'>nondum</span> <span class='ocrx_word' id='word_1_246' title='bbox 703 3266 832 3345; x_wconf 82' lang='lat' dir='ltr'>egentis,</span> <span class='ocrx_word' id='word_1_247' title='bbox 854 3283 945 3344; x_wconf 85' lang='lat' dir='ltr'>spero</span> <span class='ocrx_word' id='word_1_248' title='bbox 958 3263 1040 3344; x_wconf 88' lang='lat' dir='ltr'>quod</span> 
     </span>
     <span class='ocr_line' id='line_1_36' title="bbox 138 3346 1042 3428; baseline 0.001 -22"><span class='ocrx_word' id='word_1_249' title='bbox 138 3363 182 3422; x_wconf 88' lang='lat' dir='ltr'>pro</span> <span class='ocrx_word' id='word_1_250' title='bbox 202 3367 250 3409; x_wconf 89' lang='lat' dir='ltr'>me</span> <span class='ocrx_word' id='word_1_251' title='bbox 271 3348 373 3421; x_wconf 73' lang='lat' dir='ltr'>insint,</span> <span class='ocrx_word' id='word_1_252' title='bbox 396 3346 520 3425; x_wconf 83' lang='lat' dir='ltr'>quondo</span> <span class='ocrx_word' id='word_1_253' title='bbox 543 3348 683 3408; x_wconf 80' lang='lat' dir='ltr'>meditari</span> <span class='ocrx_word' id='word_1_254' title='bbox 698 3349 931 3428; x_wconf 77' lang='lat' dir='ltr'>poenitentium,</span> <span class='ocrx_word' id='word_1_255' title='bbox 955 3367 1042 3428; x_wconf 82' lang='lat' dir='ltr'>prue-</span> 
     </span>
     <span class='ocr_line' id='line_1_37' title="bbox 138 3430 1041 3511; baseline 0.001 -21"><span class='ocrx_word' id='word_1_256' title='bbox 138 3431 227 3491; x_wconf 75' lang='lat' dir='ltr'>urrim</span> <span class='ocrx_word' id='word_1_257' title='bbox 238 3430 412 3492; x_wconf 84' lang='lat' dir='ltr'>medullitus</span> <span class='ocrx_word' id='word_1_258' title='bbox 434 3431 466 3490; x_wconf 92' lang='lat' dir='ltr'>in</span> <span class='ocrx_word' id='word_1_259' title='bbox 487 3431 590 3510; x_wconf 81' lang='lat' dir='ltr'>eorde,</span> <span class='ocrx_word' id='word_1_260' title='bbox 613 3433 654 3492; x_wconf 89' lang='lat' dir='ltr'>sit</span> <span class='ocrx_word' id='word_1_261' title='bbox 674 3437 758 3492; x_wconf 81' lang='lat' dir='ltr'>oert&#39;e</span> <span class='ocrx_word' id='word_1_262' title='bbox 778 3432 914 3511; x_wconf 77' lang='lat' dir='ltr'>insipere</span> <span class='ocrx_word' id='word_1_263' title='bbox 935 3432 1041 3511; x_wconf 90' lang='lat' dir='ltr'>poeni-</span> 
     </span>
    </p>
   </div>
   <div class='ocr_carea' id='block_1_7' title="bbox 168 3694 603 3770">
    <p class='ocr_par' dir='ltr' id='par_1_10' title="bbox 168 3694 603 3770">
     <span class='ocr_line' id='line_1_38' title="bbox 168 3694 603 3770; baseline 0.002 -21"><span class='ocrx_word' id='word_1_264' title='bbox 168 3694 193 3765; x_wconf 81' lang='lat'>1)</span> <span class='ocrx_word' id='word_1_265' title='bbox 213 3697 241 3750; x_wconf 92' lang='lat' dir='ltr'>ln</span> <span class='ocrx_word' id='word_1_266' title='bbox 260 3697 303 3751; x_wconf 89' lang='lat' dir='ltr'>ed.</span> <span class='ocrx_word' id='word_1_267' title='bbox 327 3701 417 3770; x_wconf 79' lang='lat' dir='ltr'>orig.:</span> <span class='ocrx_word' id='word_1_268' title='bbox 445 3696 603 3752; x_wconf 82' lang='lat' dir='ltr'>descendat.</span> 
     </span>
    </p>
   </div>
   <div class='ocr_carea' id='block_1_8' title="bbox 0 0 1185 4208">
    <p class='ocr_par' dir='ltr' id='par_1_11' title="bbox 0 0 1185 4208">
     <span class='ocr_line' id='line_1_39' title="bbox 0 0 1185 4208; baseline 0 0"><span class='ocrx_word' id='word_1_269' title='bbox 0 0 1185 4208; x_wconf 95' lang='lat' dir='ltr'> </span> 
     </span>
    </p>
   </div>
  </div>
 </body>
</html>
