2346 4208
333 248 337 253 ’
387 260 461 319 ΧῙΙῙ.
480 260 515 317 da
532 268 671 333 potestate
688 265 788 334 Papae.
970 258 1033 332 325

107 446 381 513 θῶωάιείωε.οἰ
399 450 623 514 violentissima
644 451 675 512 id
697 450 833 513 faoiont‘?¹
851 454 930 515 siout
953 454 1033 518 vide-

108 548 178 593 uns
198 533 233 593 in
254 533 432 613 praedietis,
453 540 589 614 etflnune
610 554 684 596 eeee
706 536 837 616 amplius
860 536 1032 602 videamus.

127 624 141 639 '¹
191 612 328 691 Quartus
350 616 520 678 Ansoletus
541 617 632 687 21.¹)
658 636 683 680 o.
707 616 741 678 ln
764 638 857 699 novo,
879 620 912 681 ln
938 640 1033 700 novo,

110 696 219 777 inquit,
240 697 443 761 Testamento
466 709 539 780 post
553 698 706 762 Christum
721 702 887 763 Dominum
909 705 1032 766 aPetro

111 780 312 845 nterdotalis
334 784 439 865 eoepit
461 784 547 848 ordo.
592 782 672 861 Quia
700 784 759 866 ipsi
790 786 889 865 primo
912 784 1033 867 pontifl-

112 864 253 945 saus-in
273 866 408 927 eoelesis
419 863 531 929 christi
554 866 643 929 dstus
665 876 721 946 est,
743 867 877 930 Domino
892 868 1031 935 dieente:

112 944 157 1009 ᾖ
178 964 215 1009 es
236 946 346 1011 Petrus
368 956 427 1012 eto.

113 1054 123 1071 ¹·
141 1050 153 1069 ··
178 1028 281 1092 'Haeo
300 1032 497 1115 siint'eliigit,
520 1032 603 1114 quod
618 1032 821 1094 sacerdotalis
835 1033 912 1096 ordo
927 1035 1034 1116 eoepit

111 1112 246 1175 iti-Patro
266 1114 300 1175 in
317 1114 456 1177 'eoelesia
477 1116 588 1196 latina,
611 1123 715 1197 potest
736 1124 892 1196 uteunque
914 1124 1032 1179 susten-

110 1196 177 1277 turi,
198 1196 462 1277 quemadmodum
484 1206 516 1260 et
535 1199 571 1263 Β.
592 1196 764 1281 Cyprianus
786 1201 920 1281 epistola
941 1202 1032 1263 tertia

109 1274 218 1341 satiem
238 1279 320 1343 Petri
342 1282 553 1365 prinoipalam,
575 1289 607 1344 et
627 1282 709 1344 unde
731 1282 932 1344 saoerdotalis
954 1283 1032 1346 ordo

108 1362 260 1445 eoeperit,
276 1364 424 1446 appellat,
445 1372 499 1426 aut
512 1366 557 1427 sio
567 1366 680 1448 eoepit,
702 1364 785 1445 quod
796 1367 904 1428 Petrus
918 1367 1033 1449 primus

107 1444 191 1507 inter
205 1447 354 1527 aequales
376 1448 538 1529 apostolos
559 1448 658 1512 tuerit.
702 1448 734 1512 si
755 1456 857 1510 autem
880 1450 1033 1533 intelligit,

107 1528 195 1611 qnod
217 1549 238 1591 o
258 1530 401 1592 Romana
415 1531 491 1594 sede
507 1534 608 1594 omnis
622 1531 699 1595 ordo
712 1532 914 1594 saeerdotalis
934 1533 1033 1615 primo

109 1616 143 1673 st
161 1611 267 1674 solum
289 1616 402 1694 veniat,
425 1633 465 1676 ex
486 1613 576 1676 dietis
600 1617 673 1677 satis
696 1622 791 1697 patet,
813 1634 905 1696 quarn
928 1617 968 1677 sit
989 1634 1033 1677 er-

108 1712 251 1758 roneum.
294 1694 362 1758 Nee
382 1697 444 1760 hoo
465 1705 538 1760 tune
560 1698 703 1760 Anaoleti
725 1705 772 1761 est
788 1697 956 1778 decretum,
970 1696 1033 1781 *sed

109 1776 175 1855 ussi
196 1778 327 1841 oiiouius
349 1780 490 1843 Anaoleti
512 1782 611 1864 palea.

144 1870 159 1885 ''
193 1858 328 1937 Quintus
349 1862 492 1947 Pelagius
514 1864 623 1927 eadem
647 1863 727 1926 disti.
749 1866 804 1929 21:
829 1862 952 1924 'Sabota
974 1863 1032 1925 Ro·

110 1962 204 2005 msno
225 1946 358 2007 eaetesis
396 1948 548 2010 eathoiioa
576 1956 608 2008 et
628 1946 802 2030 apostoliea
826 1943 926 2030 (forte
949 1945 1032 2026 quod

109 2034 242 2105 pateras,
263 2048 323 2091 nee
344 2040 477 2111 sanetas,
500 2050 559 2092 nee
580 2031 750 2092 ostholioss
774 2028 913 2113 reputat)
937 2028 1031 2105 nullis

110 2109 270 2193 synodicis
292 2115 466 2174 constitutis
498 2116 608 2175 ceteris
641 2113 781 2175 aoelesiis
811 2113 950 2194 praelata
977 2119 1033 2191 est,

110 2193 167 2255 sed
190 2195 373 2276 evangeliea
382 2215 459 2257 vooe
471 2198 594 2258 Domini
617 2204 648 2257 et
663 2196 831 2258 salvatoris
856 2196 952 2256 nostri
974 2197 1033 2277 pri·

112 2284 228 2338 matum
253 2277 400 2356 obtinuit,
422 2279 468 2340 Tu
492 2300 534 2357 es,
558 2281 665 2359 inquit,
688 2281 805 2340 Petrus.

194 2359 255 2423 Hie
277 2363 374 2443 magis
398 2366 529 2443 erumpit
550 2371 581 2424 et
594 2362 696 2439 audet,
719 2382 780 2423 non
797 2370 912 2422 tantum
927 2369 1034 2422 eontra

112 2442 273 2523 praedicte
295 2444 363 2505 dist.
388 2445 586 2510 abaddires
603 2446 736 2523 decreta,
759 2445 813 2506 sed
836 2447 928 2506 etiam
952 2444 1034 2524 quod

112 2525 239 2589 verbum
262 2526 373 2588 Christi
401 2528 440 2588 ad
462 2530 582 2590 Petrum
620 2531 745 2590 omnino
768 2534 890 2608 torquet
913 2528 951 2588 de
974 2526 1035 2587 fide

112 2607 151 2669 od
173 2616 362 2690 potestatem
389 2612 606 2673 iurisdictionis
645 2619 676 2672 et
709 2629 853 2690 pompam
876 2612 1034 2690 primatus.

113 2690 236 2753 Deinde
258 2694 357 2753 solam
382 2695 463 2755 Petri
486 2714 651 2776 personam
675 2696 705 2754 in
729 2695 830 2754 verbis
854 2693 963 2754 Christi
987 2712 1035 2753 ao·

113 2776 202 2855 oipit,
224 2777 341 2837 reieota
364 2797 497 2857 persons
521 2780 687 2850 ecelesias,
721 2797 811 2856 quam
835 2795 907 2836 vere
928 2776 1035 2836 Petrus

112 2864 186 2919 tune
206 2860 313 2940 gessit.
357 2860 441 2942 Ergo
465 2881 546 2922 nova
563 2862 777 2943 grammatica:
801 2861 847 2920 Tu
870 2879 902 2919 es
918 2860 1035 2931 Petrus,

111 2942 279 3024 signifieat,
313 2949 351 3011 tu·
367 2962 400 3003 es
422 2946 546 3023 primus,
570 2953 614 3005 et:
649 2944 717 3005 Tibi
740 2943 820 3004 dabo
844 2942 969 3020 eleves,
1003 2941 1035 3000 id

114 3033 177 3104 ast,
200 3025 261 3086 soli
282 3026 444 3087 Romanae
467 3028 641 3104 eeclesiae,
665 3028 774 3088 ceteris
798 3025 937 3086 ecelesiis
960 3024 1035 3084 nihil

113 3106 308 3172 habentibus.
353 3109 413 3170 Sed
436 3112 521 3192 pigot
543 3131 592 3171 me
614 3112 719 3170 omnia
741 3127 994 3170 commemorare.

195 3192 231 3252 In
254 3212 389 3272 summa,
413 3200 446 3254 ut
467 3195 547 3270 dixi,
571 3195 597 3254 si
619 3194 666 3254 his
690 3194 790 3254 verbis
816 3191 953 3252 Christus
975 3190 1035 3251 Ro-

115 3294 237 3336 manam
261 3274 424 3336 ecelesiam
444 3277 636 3358 significavit,
660 3297 728 3337 oum
741 3277 883 3337 Romana
905 3273 1038 3336 ecelesia

115 3360 165 3419 vix
185 3359 335 3419 vitesimo
359 3379 440 3421 anno
464 3361 615 3421 ecelesiae
633 3361 805 3441 primitivae
826 3366 900 3418 nata
921 3360 968 3436 sit,
991 3377 1036 3417 se·

156 3443 233 3520 tur,
256 3441 340 3521 quod
363 3444 430 3522 ipsa
453 3445 608 3524 primitive
629 3463 690 3504 non
712 3443 802 3503 fuerit
824 3442 973 3518 eeclesia,
1006 3448 1037 3500 et

135 3527 263 3606 einoeps
286 3544 403 3607 omnes,
427 3545 506 3608 quae
518 3524 550 3610 ²)
569 3528 673 3588 claves
697 3547 735 3586 ex
751 3524 893 3586 Romana
905 3524 1038 3586 ecclesie

367 3665 530 3675 *βυτ-ν

149 3714 180 3784 1)
201 3715 233 3769 ln
265 3714 307 3769 ed.
326 3714 389 3770 Jen.
423 3716 543 3769 etWitt.
575 3714 712 3768 additum:
745 3714 806 3768 dist.
844 3715 875 3778 2)
897 3709 928 3766 In
963 3713 1030 3766 edit.

115 3789 221 3855 priore:
241 3790 298 3856 qui.
