2346 4208
410 269 443 324 ds
461 244 589 323 libertate
608 268 774 324 Christiana.
987 263 1051 330 235

122 477 204 520 nn
222 456 389 518 hominem.
431 455 493 516 Hie
511 457 592 516 enim
616 454 852 536 respondebimr
870 454 932 515 illis
953 455 1050 514 omni·

116 540 194 626 hus,
216 541 269 620 qui
292 540 386 604 verbo
408 539 481 600 fidei
503 547 535 600 et
555 541 607 615 iis,
631 558 710 617 quae
732 538 814 600 diota
836 544 917 614 sunt,
939 536 1050 599 offensi

123 624 247 686 dieunt:
271 622 302 685 si
317 622 394 684 fides
417 623 521 684 omnia
544 623 625 696 faoit,
648 629 680 685 et
696 623 764 684 sola
785 621 823 682 ad
835 622 980 682 iustitiam
1004 640 1051 682 aa

123 709 165 769 tis
188 711 256 783 est,
273 725 328 767 our
349 726 423 787 ergo
445 711 612 786 praecepta
633 713 703 766 sunt
724 706 807 767 hona
828 703 943 786 opera?
971 704 1050 764 otia-

126 791 229 852 himur
251 808 324 871 argo
347 795 379 851 et
397 790 471 850 nihil
495 789 705 868 operabimur,
728 789 789 850 lida
812 787 969 850 contenti?
991 787 1048 848 aa

123 872 283 954 spondeo:
319 873 389 935 Non
412 874 471 949 sio,
503 873 606 952 impii,
635 892 696 933 non
721 874 772 938 sio.
816 873 896 933 Vera
925 869 1049 950 quidem
1079 880 1083 884 ”

123 957 176 1018 sio
196 954 324 1017 haberet
351 976 399 1017 res
420 957 495 1033 ista,
528 957 554 1016 si
578 957 701 1036 penitus
729 962 760 1017 et
780 956 916 1036 perfecte
937 954 1050 1014 interni

123 1045 159 1102 et
181 1039 356 1120 spirituales
378 1043 526 1116 essemus,
550 1039 633 1119 quod
655 1059 717 1100 non
740 1039 803 1115 fiat,
825 1040 885 1099 nisi
905 1039 936 1098 in
949 1037 1051 1097 novis·

124 1125 207 1185 simo
230 1121 281 1183 die
301 1123 533 1190 resurreotionis
556 1129 761 1199 mortuorum¹3
783 1123 884 1184 doneo
904 1122 934 1181 in
958 1139 1052 1181 oarna

125 1207 277 1282 vivimus,
300 1225 361 1265 non
384 1206 443 1267 nisi
465 1206 627 1286 inoipimus
650 1212 681 1266 et
701 1205 894 1286 profloimus,
913 1203 997 1281 quod
1017 1204 1056 1263 in¹

119 1290 225 1361 ,lutura
237 1289 300 1349 vita
311 1288 502 1368 perficietur3
513 1296 640 1371 propter
654 1290 736 1368 quod
749 1290 908 1371 apostolus
920 1288 1010 1349 Rom.
1019 1288 1049 1351 8.

124 1371 268 1454 appellat
288 1373 436 1452 primitias
459 1373 598 1452 spiritus,
635 1371 717 1451 quod
739 1375 770 1433 in
793 1373 852 1432 hao
872 1373 936 1432 vita
957 1369 1048 1431 habe-

124 1475 205 1532 mos,
229 1456 384 1535 aooepturi
406 1456 524 1517 soilioet
544 1456 680 1517 decimas
703 1462 733 1516 et
754 1454 975 1536 plenitudinem
991 1454 1050 1534 spi·

121 1540 201 1600 ritus
229 1540 269 1597 iu·
295 1539 406 1602 futuro.
452 1538 499 1599 Ad
532 1539 613 1599 hano
640 1545 763 1618 partem·
786 1539 934 1619 pertinet,
967 1535 1048 1615 quod

122 1623 375 1702 suprapositum
397 1628 460 1696 eat,
496 1621 700 1684 Christianum
730 1641 798 1682 esse
829 1621 963 1681 omnium
988 1637 1049 1679 sar·
1133 1667 1141 1673 .

121 1724 204 1766 vum·
220 1711 252 1765 et
272 1704 414 1766 omnibus
437 1705 616 1769 subiectum.
660 1704 729 1780 Qua
756 1706 837 1766 enim
865 1708 953 1784 parte
974 1700 1050 1762 liber

122 1794 184 1862 est,
207 1786 460 1868 nihiloperatur,
496 1807 557 1868 qua
587 1796 688 1849 autem
712 1807 818 1848 servus
846 1792 910 1864 est,
945 1785 1050 1846 omnia

126 1876 283 1952 operatur,
308 1869 390 1950 quod
414 1890 474 1949 qna
496 1873 616 1933 ratione
637 1872 700 1942 fiat,
723 1870 892 1932 uideamus.

215 1952 407 2034 Quamquam
431 1955 540 2033 honio,
568 1962 602 2016 ut
628 1953 746 2029 dixili,
780 1956 861 2015 intus
882 1950 1050 2013 seeundum

124 2037 266 2118 spiritum
288 2035 456 2117 perfidem
480 2035 603 2099 abunde
625 2039 698 2098 satis
719 2037 910 2114 iustilioetur,
932 2034 1050 2095 habens

122 2119 271 2200 quidquid
292 2119 407 2181 habers
429 2120 530 2192 debet,
553 2123 610 2182 nisi
636 2121 718 2199 quod
733 2122 815 2182 hano
835 2121 933 2200 ipsam
957 2117 1048 2178 fidem

124 2210 160 2264 et
176 2203 365 2282 opulentiam
388 2211 512 2282 oportet
545 2205 583 2266 da
612 2205 662 2265 die
695 2206 725 2264 in
769 2204 848 2264 diem
872 2221 1049 2283 augescere,

124 2304 226 2364 usque
248 2289 278 2346 in
300 2287 430 2347 futuram
453 2289 561 2367 vitam,
596 2297 697 2348 tamen
728 2295 832 2348 manet
852 2288 884 2346 in
905 2286 965 2346 hae
986 2286 1050 2345 vita

122 2368 247 2430 mortali
272 2388 363 2449 super
384 2375 506 2448 terram,
527 2373 557 2430 in
582 2390 641 2450 qua
663 2390 792 2431 neeesse
804 2376 860 2447 est,
882 2375 916 2429 nt
937 2387 1049 2447 oorpus

128 2470 218 2512 suum
241 2453 396 2532 proprium
421 2459 525 2533 regat,
548 2460 579 2514 et
600 2473 666 2513 oum
690 2453 864 2514 hominibus
887 2470 1049 2512 oonvorse·

123 2543 183 2596 tur.
226 2534 283 2595 Hio
304 2537 364 2594 iarn
386 2537 537 2616 incipiunt
552 2556 655 2616 opera,
678 2536 728 2596 hio
741 2556 804 2596 non
819 2543 866 2595 est
880 2534 1048 2612 otiandum,
1114 2568 1116 2573 >

121 2618 175 2678 hio
197 2624 279 2678 oerte
303 2618 485 2695 curandum,
508 2625 542 2679 nt
564 2639 674 2699 oorpus
695 2620 832 2694 ieiuniis,
857 2618 983 2697 vigiliis,
1006 2618 1048 2677 la-

122 2699 251 2762 boribus
274 2701 403 2780 aliiaqne
425 2702 594 2783 disciplinis
618 2702 784 2762 moderatis
807 2707 995 2777 exerceatur,
1019 2705 1050 2760 et

126 2783 247 2862 spiritui
278 2783 442 2860 subdatur,
475 2793 508 2846 ut
536 2786 652 2845 homini
676 2786 812 2845 interiori
835 2791 866 2844 et
887 2782 958 2843 fidei
977 2783 1050 2844 obe-

123 2865 190 2927 diat
211 2872 243 2926 et
264 2867 430 2928 conformis
453 2870 501 2942 sit,
524 2888 582 2929 neo
604 2869 631 2929 ei
653 2868 783 2928 rebellet
800 2874 852 2927 aut
873 2867 972 2946 ipsum
995 2867 1049 2925 im-

124 2949 244 3028 pediat,
279 2951 356 3010 siout
384 2957 431 3011 est
461 2952 616 3032 ingenium
641 2953 720 3025 eius,
753 2953 777 3011 si
808 2949 958 3010 ooeroitns
984 2969 1048 3011 non

122 3033 222 3094 fuerit.
266 3034 396 3094 laterior
425 3035 506 3094 enim
536 3035 630 3096 homo
664 3035 830 3094 conformis
852 3034 919 3093 Deo
956 3040 987 3093 et
1009 3031 1047 3092 ad

124 3116 291 3195 imaginem
317 3116 374 3176 Dei
404 3121 523 3179 oreatus
552 3118 721 3199 perfidem
759 3125 790 3177 et
811 3115 926 3197 gaudet
955 3122 985 3175 et
1006 3116 1048 3174 in·

124 3197 276 3259 oundatur
296 3206 423 3280 propter
444 3199 607 3281 Christum,
629 3203 659 3260 iu
682 3220 742 3279 quo
765 3206 851 3260 tanta
874 3198 930 3259 sibi
955 3198 1047 3259 oolla-

125 3288 157 3343 ta
181 3289 253 3341 sunt
273 3283 366 3360 bona,
388 3283 470 3344 unde
493 3290 524 3344 et
544 3284 605 3345 hoo
623 3285 723 3345 solum
744 3285 860 3364 negotii
876 3283 933 3341 sihi
946 3281 1047 3360 hahet,

123 3371 157 3425 nt
186 3383 254 3424 oum
283 3364 396 3446 gaudio
420 3374 451 3426 et
478 3368 572 3448 gratis
594 3367 660 3427 Deo
689 3369 802 3428 serviat
828 3368 858 3426 in
883 3365 976 3426 libera
1001 3383 1049 3425 oa-

122 3449 223 3508 ritate.

207 3530 275 3591 Hoo
297 3531 368 3591 dum
393 3534 474 3612 agit,
510 3553 584 3594 eooe
605 3535 635 3592 in
660 3552 751 3593 earne
772 3534 898 3613 propria
921 3529 1049 3591 offendit

123 3614 315 3676 voluntatem
332 3618 526 3693 eontrarium,
550 3637 628 3696 quae
646 3617 760 3678 mundo
774 3617 889 3677 servire
912 3620 943 3674 st
957 3633 1049 3693 quae·

286 3755 344 3762 ..μ-ι

126 3782 155 3870 t)
167 3802 437 3860 Insd.1b21verha:
449 3810 487 3858 ut
498 3805 557 3857 dix
567 3807 585 3874 i,
596 3808 625 3861 in
636 3805 795 3874 parenthesi
806 3806 898 3876 posita
907 3806 1046 3878 leguntur.
