2346 4208
337 247 372 301 ad
391 246 557 301 Schedultm
574 248 757 303 inhibitionis.
924 244 986 312 148

63 435 151 497 modi
174 437 299 497 eonoilii
320 438 523 516 potentia-ot
545 443 653 516 optare
665 437 821 516 quippiam
835 434 985 516 tolefien',

64 526 115 580 est
137 519 364 580 sohiamatioum
378 527 420 580 et
435 520 667 598 scandalorum,
690 519 808 580 neone?
835 518 916 594 Quid
937 519 988 579 his

61 603 256 683 respondes?
293 610 418 664 taoesne
441 624 539 682 nuno,
562 603 698 663 invidia?
736 603 907 683 responde,
941 604 985 662 iu·

62 705 165 766 quam.
207 686 241 746 Si
262 686 348 766 loqui
380 693 411 747 et
432 689 566 747 seribere
595 687 634 747 de
654 693 809 767 potestate
779 684 985 746 totatuendi

61 771 95 829 in
117 769 219 830 futuro
243 771 375 831 oonoilio
394 768 622 832 schismaticum
640 775 688 830 est
709 779 740 830 et
754 769 983 846 seandalosum,

62 853 203 913 damnati
225 853 357 913 suntab
379 852 425 912 his
449 852 648 914 sohedulariis
670 872 778 914 omnes
799 852 938 933 theologi
954 859 986 912 at

64 937 202 1015 iuristae,
226 938 311 1033 quin
329 944 361 996 et
382 937 507 1016 ipsimet
527 943 599 997 suut
626 937 873 996 sohismatioit
842 943 873 996 et
899 953 986 996 soan-

62 1019 175 1098 dolosi,
197 1020 313 1100 proprii
336 1023 396 1080 oris
429 1023 623 1097 testimonio,
651 1021 703 1099 qui
730 1027 791 1080 tam
826 1019 921 1078 multa
942 1019 986 1079 lm

62 1110 205 1182 quantur,
228 1102 373 1181 scribunt,
396 1105 512 1164 iactant
524 1103 563 1164 de
575 1111 730 1183 potestate
747 1120 848 1184 papae
870 1109 901 1165 at
913 1121 984 1163 ouu-

62 1185 214 1264 oiliorum,
237 1205 316 1265 queo
337 1193 440 1247 tamen
462 1187 599 1248 nondum
622 1187 809 1264 factasunt,
840 1184 984 1246 noofleri

60 1269 145 1348 lieet,
168 1269 270 1330 donea
291 1269 476 1331 ordinentur

145 1352 210 1413 Iam
239 1371 370 1432 sequens
400 1356 472 1429 erit,
505 1355 613 1414 horum
651 1355 782 1415 virorum
820 1314 985 1432 superdoo

61 1437 249 1495 tissimorum
274 1438 448 1513 autoritate,
469 1416 645 1499 Lutherum
656 1437 805 1497 haetenus
826 1455 982 1516 pugnasse

59 1519 144 1578 ielioi
167 1526 335 1598 aauoteque
358 1540 476 1600 pugna,
498 1540 562 1580 non
584 1521 643 1580 nisi
665 1519 814 1580 adversus
828 1520 984 1581 schisma·

59 1603 141 1662 tioos
164 1610 196 1679 et
217 1603 435 1680 scandalosos,
465 1623 520 1664 eos
543 1604 675 1680 soilioet,
712 1605 763 1681 qui
797 1620 837 1682 po
840 1607 981 1662 estatem

59 1704 164 1765 papae
201 1687 232 1745 in
267 1688 494 1767 purgatorium,
528 1689 559 1746 iu
593 1686 730 1764 eoelum,
765 1687 795 1744 iu
832 1685 982 1755 iufsmum

62 1787 157 1848 supra
179 1771 361 1850 eonsilium,
395 1789 485 1850 super
516 1771 621 1831 omnia
648 1769 752 1829 mundi
785 1770 984 1829 eonstituuut

60 1850 215 1911 Neoidi
212 1853 317 1913 aoiunt
305 1853 507 1914 tsoribentes
530 1854 640 1933 solum,
664 1853 721 1912 sed
740 1851 931 1913 affirmantes
953 1858 985 1911 at

59 1934 212 1994 doaentes
237 1937 339 2016 (quod
362 1955 421 2017 ego
443 1940 472 1996 iu
496 1938 651 2017 praesenti
673 1945 769 2018 negot
771 1938 800 1996 io
829 1952 891 1996 uon
914 1935 983 2013 feei,

59 2017 117 2078 sed
139 2026 206 2078 taut
207 2039 256 2079 um
279 2028 385 2080 votum
408 2041 508 2081 meum
538 2021 644 2101 posui,
683 2027 714 2080 et
740 2018 906 2080 eonsilium
927 2037 979 2079 ex·

58 2104 238 2181 speotavi),
273 2120 352 2181 quae
374 2113 474 2164 tamen
504 2104 642 2164 noudum
664 2111 735 2164 sunt
756 2111 884 2179 statuto,
923 2120 981 2161 neo

58 2203 195 2263 unquam
218 2185 296 2246 forte
315 2194 495 2248 statuentur.
525 2189 564 2248 Et
586 2187 658 2267 quid
681 2186 804 2247 moror?
826 2187 874 2245 his
896 2185 981 2245 theo·

59 2269 257 2348 logioissimis
279 2271 351 2329 viris
374 2271 556 2332 docentibus
577 2270 645 2350 liet,
668 2278 701 2330 ut
721 2273 793 2350 quia
815 2270 980 2330 defuturis

57 2360 91 2410 et
112 2353 309 2431 possibilibus
331 2354 415 2432 loqui
438 2374 500 2414 uon
524 2355 605 2432 lioet,
627 2373 687 2414 neo
707 2363 824 2434 optare.
854 2354 980 2412 Desina-

58 2455 128 2493 mus
162 2435 315 2496 Christum
350 2446 380 2497 et
416 2439 512 2498 Deum
541 2438 738 2518 praedicare,
783 2457 822 2496 ue
856 2435 979 2515 quaudo

57 2519 246 2578 schismatioi
278 2519 387 2580 liumus
434 2531 464 2582 et
505 2521 696 2599 scandalon,
736 2520 847 2580 deiude
881 2538 981 2598 neque

59 2602 155 2661 lineat
178 2610 286 2682 optare
309 2614 340 2664 et
360 2611 475 2684 petere,
499 2624 578 2684 quae
596 2605 679 2664 Deus
700 2605 731 2663 in
755 2604 855 2663 futuro
878 2610 982 2682 potest

57 2686 171 2745 fauore.
220 2687 375 2765 Siquidem
404 2708 463 2768 ego
494 2688 576 2748 aliud
609 2706 672 2747 non
702 2687 775 2763 faoi,
809 2688 866 2745 nisi
896 2684 980 2765 quod

58 2769 166 2848 optavi
194 2768 276 2846 fieri,
305 2789 384 2849 quae
415 2771 546 2832 ecelesia
576 2772 676 2831 futuro
716 2770 847 2830 oouoilio
877 2773 981 2849 potest

56 2852 172 2913 faeere.
207 2853 248 2912 Et
266 2853 325 2912 haa
347 2873 429 2914 nova
452 2856 541 2935 culpa
564 2875 630 2913 sum
653 2854 863 2930 seandalosus,
886 2852 980 2911 sohis·

60 2936 204 3012 metiens,
221 2939 409 3015 temerarius,
433 2947 716 3018 praesumptuosus,
739 2937 906 2998 turbativus
927 2955 979 3016 pa·

57 3021 118 3079 oia.
162 3019 266 3098 Vides,
288 3021 413 3099 invidia,
436 3041 526 3100 quam
549 3024 591 3081 sis
611 3022 745 3101 prudens
769 3027 800 3081 et
821 3019 922 3080 doum.

141 3102 221 3177 Quid
244 3106 270 3163 si
293 3103 436 3182 dicerem,
460 3106 532 3164 mihi
555 3105 714 3186 pulchrum
736 3105 849 3183 videri,
880 3111 912 3163 ut
933 3122 978 3162 sa·

57 3186 235 3248 oerdotibus
276 3192 387 3248 curatis
424 3208 536 3250 uxores
572 3189 772 3253 redderentur
815 3189 979 3248 autoritate

56 3270 207 3331 oonailii?
242 3271 290 3332 Au
317 3273 367 3331 hio
389 3273 602 3333 schismaticus
625 3286 655 3333 et
677 3273 878 3332 soaudalosus
901 3290 978 3350 sum,

56 3353 163 3414 dioenu
186 3354 246 3414 hoo
268 3374 316 3414 me
339 3363 463 3435 optare,
499 3354 585 3436 quod
614 3358 748 3418 ecelesia
769 3364 871 3436 potest
892 3374 979 3434 proe-

56 3445 140 3497 stare
163 3439 231 3498 sole
254 3439 312 3498 hao
333 3459 441 3519 eausa,
465 3443 536 3519 quie
557 3440 693 3500 nondum
717 3447 764 3500 est
781 3447 926 3500 statutum
948 3444 980 3499 ot

56 3521 145 3581 aliter
167 3540 248 3580 nuno
276 3524 395 3603 agitur?
433 3527 474 3583 At
505 3531 578 3584 tuno
600 3525 685 3583 Pium
707 3522 760 3603 ll.,
792 3526 877 3584 euius
900 3523 979 3583 hasa

56 3623 120 3664 vox
142 3606 205 3681 fuit,
228 3606 455 3666 schismaticum
475 3607 559 3670 diaes
583 3615 613 3669 et
626 3608 851 3674 seandalosum.
876 3608 978 3687 Atque

55 3687 114 3747 hao
136 3690 256 3748 ratione
278 3690 353 3749 nihil
376 3690 468 3751 liceat
489 3690 591 3752 dicere
621 3692 660 3752 de
689 3692 752 3771 his,
785 3713 864 3772 quae
886 3694 978 3752 statui

56 3779 187 3848 possunt
208 3773 308 3841 futuro
332 3792 517 3854 quoeunque
538 3777 681 3854 oouailio,
704 3784 736 3839 ot
757 3778 867 3841 tollent
887 3777 976 3838 nobis
