2346 4208
241 341 248 357 ¹
278 296 281 301 ·
371 268 529 380 alloquiis
548 274 675 350 exapta.
916 265 979 351 115

10 500 19 522 e
75 468 112 549 git,
131 488 189 550 qua
204 468 310 531 scribit
324 468 360 548 ⁸)
387 467 427 539 ad
441 466 591 534 Galatas:
616 466 674 542 Qui
691 476 835 546 operatus
857 475 907 530 est
924 470 978 530 Pe-

10 584 20 606 r
75 560 107 613 tro
131 555 160 613 in
190 552 399 633 apostolatum
427 551 683 628 eircumeisionis,
714 558 858 631 operatua
881 559 979 614 estet

10 651 19 689 ι
74 636 129 697 nihi
147 637 228 697 inter
248 641 376 718 gentes,
403 642 435 696 et
455 635 548 697 inira:
577 633 736 695 Dederunt
754 635 831 698 mihi
853 635 978 697 dextras

10 736 19 775 ι
72 725 92 779 et
106 719 266 785 Barnabae
287 719 455 798 societatis,
478 723 512 778 ut
533 736 590 778 nos
611 718 775 798 ingentes,
797 718 855 798 ipsi
875 726 978 781 autem

10 810 27 891 ⁵!
70 803 97 862 in'
112 803 396 880 oiraumeisionem,
430 808 546 867 tautum
576 806 609 860 ut
630 819 800 880 pauperum
823 820 977 864 memores

10 906 17 940 ι
67 886 154 949 dnus.
198 884 269 960 Qua
290 886 472 961 autoritate,
501 885 528 944 ei
550 883 662 945 vellem
685 884 757 962 niti,
785 903 849 946 non
871 893 979 965 posset

10 983 15 1020 ι
69 968 94 1031 Ι).
109 970 145 1032 Ι).
168 986 300 1050 eogere,
322 975 376 1028 aut
396 968 476 1027 ullus
499 967 670 1045 hominum,
693 968 901 1047 apostolatum
923 967 977 1029 Pe-

10 1093 14 1105 .
69 1052 252 1115 dilatiorem
275 1069 362 1130 esse,
386 1069 477 1131 quam
499 1051 530 1113 in
552 1049 700 1129 ludaeos,
722 1051 789 1111 iure
809 1050 925 1127 divino,
949 1057 980 1111 et

67 1153 108 1214 per
118 1135 178 1197 hoe
190 1153 302 1199 omnes
321 1135 513 1210 autoritates,
529 1131 638 1212 quibus
651 1133 775 1194 nititur:
791 1133 889 1195 Panae
903 1152 979 1195 oves

10 1216 12 1270 ἑ
67 1237 137 1281 neas
157 1225 219 1282 eta.
240 1224 292 1281 et:
314 1216 360 1278 Tu
382 1236 415 1279 aa
437 1217 545 1279 Petrus
568 1221 627 1277 ete.
648 1216 826 1279 referendae
848 1236 917 1279 ease
938 1216 978 1278 ad

66 1303 198 1368 terminos
225 1302 273 1363 eui
303 1301 515 1380 apostolatus,
552 1297 813 1379 quemadmodum
840 1300 978 1363 Christus

66 1378 341 1450 destinante
372 1403 447 1445 oves
475 1383 613 1464 gentium
646 1384 780 1444 seeernit
807 1383 978 1446 abusibus

21 1514 25 1519 .
67 1468 157 1548 lsrael,
186 1468 309 1529 dieens:
336 1465 444 1528 Habeo
467 1465 569 1528 adhue
589 1466 666 1528 alias
690 1485 785 1547 oves,
813 1486 893 1547 quae
915 1487 977 1529 non

12 1532 18 1611 i
67 1558 184 1615 sunt'ex
205 1552 268 1613 hoe
290 1549 376 1613 ovili.
1073 1607 1075 1612 .

131 1635 172 1697 ot
192 1635 226 1695 in
248 1633 320 1712 fine,
341 1630 425 1712 quod
447 1631 534 1693 eto.
560 1631 599 1692 D.
621 1631 824 1713 heri'tetigit,
847 1633 977 1713 Apaual.

11 1714 979 1781 tdmmmmmmmmm

11 1790 15 1807 '
67 1799 218 1881 dumentis,
240 1804 364 1880 praeter
384 1798 461 1859 illud
481 1797 714 1859 fundamentum
738 1798 870 1878 oapitale
893 1797 977 1858 chri-

65 1891 130 1963 atua,
156 1893 189 1947 et
218 1890 321 1944 tamen
349 1882 391 1944 ibi
419 1881 495 1943 nihil
531 1879 721 1942 differentiae
749 1882 875 1962 ponitur
896 1882 977 1943 inter

10 1968 13 2005 ;
65 1967 251 2031 fundamenta
264 1965 438 2044 duodeeim,
461 1963 544 2044 quod
566 1965 693 2025 omniuo
706 1963 879 2025 faciendum
903 1971 978 2042 erat,

64 2053 218 2113 sitantum
251 2044 383 2111 eratne
413 2049 544 2128 primatu
566 2049 647 2108 Petri
677 2046 882 2111 sentiendum.
926 2046 975 2109 Ad

63 2133 111 2195 hoo
131 2134 213 2195 idem
243 2134 348 2192 valent
369 2132 519 2212 plurimae
540 2129 658 2211 figurae
680 2132 711 2190 in
734 2131 913 2212 seripturis,
946 2138 978 2191 ut

61 2218 214 2281 duodecim
235 2216 343 2293 boves,
366 2219 394 2279 3.
416 2215 541 2295 Regu,
564 2217 655 2278 maris
678 2217 777 2294 aenei,
800 2217 874 2275 item
897 2214 973 2275 duo-

61 2302 148 2363 deoim
171 2300 306 2362 leunouli
329 2299 431 2359 throni
453 2298 643 2376 Salomonis,
667 2297 830 2359 duodecim
852 2298 972 2378 lapides

60 2385 218 2462 dordonis,
251 2390 282 2444 et
312 2382 442 2457 similia,
479 2383 509 2441 in
538 2381 647 2458 quibua
677 2382 819 2443 omnibus
849 2401 974 2461 prorsus

61 2468 231 2532 omnimoda
249 2465 420 2545 aequalitas
443 2467 578 2526 omnium
598 2465 810 2544 apostolorum
824 2465 976 2545 desaripta

59 2562 107 2632 est,
128 2571 189 2613 nee
210 2555 315 2631 potest
336 2548 399 2609 ulla
421 2547 625 2629 inaequalitas
648 2549 677 2607 in
702 2550 887 2609 eontrarium
909 2568 978 2628 pro-

59 2634 117 2697 bari
138 2638 206 2697 iure
228 2633 344 2694 divino.
377 2694 384 2703 ,

109 2719 197 2780 Haeo
219 2719 281 2778 sint
302 2715 386 2777 dieta
407 2733 462 2795 pro
485 2715 545 2773 ista
566 2714 777 2792 eouelusione,
803 2734 894 2793 quam
917 2731 976 2794 ego

59 2820 149 2882 usque
170 2800 266 2862 hodie
287 2800 480 2860 verissimam
503 2798 606 2876 oredo,
630 2799 692 2857 imo
717 2804 801 2858 eerte
821 2798 896 2874 seio,
920 2816 978 2856 nee

59 2904 151 2965 sparo,
176 2902 272 2965 posse
295 2902 364 2943 eam
386 2899 520 2960 unquam
543 2880 686 2942 eonvelli.
709 2881 813 2955 Quare
840 2899 918 2960 rogo
941 2880 978 2939 D.

60 2967 88 3029 o.
108 2969 281 3049 egregium,
304 2986 344 3026 ex
368 2985 429 3044 quo
452 2963 566 3024 nullam
590 2963 691 3024 adhue
711 2965 814 3044 posuit
835 2964 981 3023 autorita-

62 3060 112 3112 tem
135 3052 232 3112 divim
258 3052 333 3110 ruris
355 3068 411 3130 pro
435 3067 491 3108 aue
513 3049 675 3125 sententia,
698 3048 807 3108 saltem
831 3045 979 3107 dissoluat

64 3134 174 3214 aliquas
196 3134 280 3194 olare
309 3139 341 3193 et
362 3134 430 3193 sine
451 3131 656 3210 diverticulis,
696 3130 811 3209 alioqui
845 3148 907 3189 non
928 3129 979 3190 ha·

63 3215 131 3278 bebo
162 3236 234 3278 eum
268 3236 323 3296 pro
352 3222 438 3279 reete
466 3217 618 3276 sentiente
646 3213 684 3275 de
707 3213 870 3293 seripturis
893 3214 980 3273 theo-

67 3297 136 3379 logo,
160 3312 190 3361 et
208 3300 361 3380 relinque,
382 3302 444 3360 imo
467 3300 565 3359 refero
588 3298 627 3360 ad
648 3297 794 3359 iudicium
816 3315 878 3357 uon
901 3298 978 3357 invi·
1050 3374 1053 3379 4

70 3380 125 3442 diae
155 3403 257 3463 neque
279 3384 379 3464 vulgi,
416 3382 471 3444 sed
499 3381 739 3443 ordinandorum
761 3380 915 3458 iudicum,
950 3388 981 3440 at

74 3467 216 3528 miualibet
276 3467 436 3550 prudentis
486 3468 611 3527 leoteria
660 3463 844 3543 candidique
895 3462 979 3525 audi-
1060 3534 1063 3539 ,
1117 3504 1123 3513 ·

75 3551 142 3610 toris.

85 3721 476 3737 Ἥ
