2346 4208
304 263 362 335 anis
381 262 490 331 lipsiae
508 262 655 332 tiapptatis
674 278 700 316 a.
719 262 792 331 xJn.
947 258 1024 329 279.

166 451 288 529 Horror
307 458 355 519 cat
375 451 551 530 intendere,
585 470 676 532 quam
708 453 807 533 ignari
835 453 897 513 sint
918 453 1010 513 etiam

105 535 241 617 boologi‚
262 535 376 597 nedum
399 535 522 616 populi,
550 536 581 597 in
605 537 783 616 cognitione
804 534 894 611 fidei,
917 553 1008 615 quam

105 617 284 680 rotltentur:
308 618 387 679 adeo
410 619 545 691 ecclesia
565 619 684 698 repleta
705 627 753 679 est
774 619 921 681 iactantia
937 637 1010 697 ope·

105 722 148 761 um
183 712 400 779 externorum,
434 710 467 761 ut
489 701 626 763 Christus
659 701 697 762 de
732 710 838 763 nostro
872 709 1010 779 ternpore

105 784 202 845 lixisse
218 784 376 846 videatur:
399 784 491 855 Filius
513 785 646 845 hominis
670 804 738 845 cnm
761 786 887 857 venerit,
912 792 1010 862 putas,

105 869 223 930 nreuiet
242 866 336 927 tidem
347 870 378 928 in
402 866 503 928 terra?
526 868 672 943 Breviter,
695 867 851 928 cumfides
876 869 1011 927 sitrecte

106 958 119 1012 t
148 950 237 1013 bona
269 952 375 1030 opinio
406 950 445 1010 dc
467 950 551 1029 Deo,
585 954 689 1030 opinio
722 960 825 1013 autem
854 950 1012 1029 quaelibet

105 1053 142 1095 cr
176 1053 213 1095 sc
243 1033 342 1095 solam
370 1034 527 1095 homiuem
562 1034 653 1094 trahit
679 1036 843 1113 inopem,
879 1040 1012 1093 nonest

108 1115 307 1191 obstandum,
344 1117 417 1195 quin
448 1119 552 1179 omnia
581 1117 807 1196 operuissent,
845 1118 896 1195 qui
918 1114 1010 1175 tidem

107 1198 239 1259 abuerit.
282 1199 315 1260 Si
347 1200 427 1258 enim
461 1201 566 1280 opinio
596 1208 628 1260 et
655 1219 742 1261 amor
774 1200 908 1259 mulieris
948 1214 1009 1259 non

104 1283 159 1343 init
181 1301 255 1344 esse
276 1283 426 1361 otiosum,
456 1282 510 1343 sed
538 1284 605 1343 sine
628 1283 697 1363 lege
719 1290 752 1343 ct
772 1284 918 1362 magistro
940 1281 1013 1340 iacit

104 1365 308 1443 lum-quam
329 1365 518 1445 postuletur:
552 1365 709 1444 quomodo
731 1385 793 1425 non
816 1364 892 1425 fides
916 1365 1011 1424 multo

104 1469 117 1507 o
161 1450 187 1507 's
210 1447 293 1508 idem
315 1447 472 1527 praestet?
515 1448 644 1507 Mundus
673 1451 788 1528 regitur
816 1448 892 1509 solis
915 1448 1010 1526 opini-

104 1467 219 1608 nh'hhs,
251 1540 284 1590 et
306 1530 374 1591 sola
409 1530 470 1590 fide
500 1551 562 1591 non
590 1533 689 1610 possit
707 1533 772 1610 regi
800 1529 1011 1590 Christianus?

104 1616 230 1692 lenique
253 1614 321 1692 quis
334 1612 427 1673 docet
447 1614 604 1693 sophistas
627 1615 793 1694 theologos
807 1621 853 1672 tot
874 1621 905 1672 et
928 1622 1012 1672 tanta

104 1715 208 1772 acere,
231 1697 310 1775 pati,
333 1698 487 1775 cogitare,
511 1699 606 1757 vitare
627 1717 684 1776 pro
707 1696 903 1776 opinionibus
926 1694 1009 1755 suis?

104 1778 201 1840 lonnc
224 1780 293 1840 sola
303 1777 428 1840 affectio
443 1780 599 1859 opinionis
613 1779 710 1840 suae?
732 1780 793 1841 Sed
816 1779 893 1839 alias
915 1778 1011 1857 plura.

170 1860 293 1923 Tertius
316 1881 403 1925 error
415 1863 622 1943 impiissimus,
645 1862 728 1941 quod
751 1863 843 1921 tidem
859 1880 921 1921 non
946 1861 1012 1921 tolli

104 1944 229 2025 puolibet
240 1946 367 2006 crimine
389 1942 476 2021 dicita
500 1963 568 2004 cum
591 1944 667 2005 tides
690 1946 729 2005 sit
744 1946 876 2021 iustitia,
898 1944 1013 2005 crimen

104 2036 191 2089 tutem
227 2030 414 2087 contrarium
445 2029 603 2089 iniustitia.
648 2029 689 2087 At
713 2030 794 2093 scio.
825 2027 906 2106 quod
941 2026 1012 2086 mihi

104 2119 300 2171 tommentum
335 2110 373 2169 dc
402 2110 462 2170 lide
495 2111 595 2170 infusa
629 2120 660 2170 et
693 2113 845 2189 acquisito
880 2110 1012 2170 obiiciat.

104 2192 151 2255 led
173 2192 312 2272 nunquid
335 2193 395 2252 hoc
417 2202 463 2253 est
485 2194 559 2254 boni
580 2195 645 2269 viri,
669 2194 780 2253 nedum
807 2194 943 2272 theologi
968 2193 1010 2251 ol·

104 2274 211 2367 icitgn,
246 2277 327 2336 scire
356 2274 483 2336 alicuius
515 2279 759 2356 propositionem
794 2296 863 2335 esse
900 2296 1012 2351 verum,

104 2366 248 2420 ettamen
272 2360 366 2419 alium
383 2378 505 2418 sensum
530 2379 686 2436 quaerero,
711 2378 771 2437 quo
795 2359 923 2419 eandem
947 2377 1013 2437 gar-

104 2443 153 2503 rias
174 2462 244 2503 esse
267 2442 394 2516 salsam,
419 2449 449 2501 et
470 2444 513 2502 ita
536 2442 573 2501 ad
598 2462 725 2514 vocem,
748 2452 779 2501 et
801 2442 942 2501 vocabuli
963 2461 1014 2500 ae·

104 2525 346 2602 quivocationcm
370 2526 529 2585 veritatem
548 2525 764 2585 calumnieris?
789 2544 878 2601 qnam
903 2526 1015 2583 eximia

104 2626 167 2669 vero
199 2608 361 2687 theologia
390 2607 467 2667 haec
500 2616 561 2684 est,
585 2615 616 2667 nt
638 2608 732 2668 hanc:
770 2607 861 2666 Canis
884 2617 931 2665 est
953 2609 1014 2666 ani-

107 2690 157 2749 mal
176 2690 329 2768 latrabile,
352 2710 513 2769 oppugnes
530 2699 560 2750 et
583 2691 684 2749 dicas:
714 2691 837 2765 Contra,
861 2692 944 2748 ornis
969 2698 1016 2748 est

110 2772 177 2832 sidus
200 2772 359 2846 coeleste,
382 2793 449 2831 cum
473 2776 552 2833 scias
575 2775 742 2833 certissime
769 2793 875 2833 canem
900 2772 938 2830 ab
961 2771 1014 2831 illo

111 2852 182 2916 iliter
205 2864 384 2934 acceptum,
407 2876 496 2933 ‹puam
520 2856 574 2916 abs
597 2865 637 2918 te.

176 2940 239 3000 Ista
266 2938 435 3016 sophistica
464 2946 494 2998 et
517 2938 638 2999 odibilis
662 2939 844 3017 duplicitate,
877 2956 930 2996 seu
954 2957 1017 2996 rcc-

115 3017 157 3079 tius
178 3020 397 3100 multiplicitas,
420 3025 467 3081 oui
493 3042 554 3081 non
579 3023 689 3082 odiosa
712 3024 750 3080 sit
772 3024 801 3079 in
821 3022 943 3092 Proteo,
967 3040 1016 3079 ne-

117 3097 167 3163 tlum
195 3107 225 3165 iu
262 3103 433 3184 theologo?
486 3107 596 3164 Verum
632 3103 754 3181 quorrdo
784 3104 895 3163 Eccius
929 3103 1015 3161 titulo

118 3186 232 3257 praefixo
266 3195 375 3247 contra
404 3208 517 3248 novam
547 3188 717 3247 doctrinam
741 3187 896 3265 disputare
920 3205 952 3244 se
975 3185 1017 3243 di·

119 3265 157 3326 tlt:
185 3270 325 3349 intelligo
349 3290 417 3328 eum
441 3290 496 3350 pro
520 3272 713 3349 simplicitate
747 3270 922 3349 theologica
955 3287 1017 3329 non

121 3344 219 3413 dealia
240 3352 302 3412 fide
331 3352 430 3429 loqui,
465 3373 555 3430 quam
584 3373 642 3431 ego
671 3353 814 3430 loquutus
836 3372 918 3410 suin:
942 3352 1014 3410 alio·
1045 3364 1053 3375 ·

123 3434 156 3504 qui
174 3456 233 3495 non
257 3444 365 3494 contra
388 3455 486 3494 nicam
511 3456 623 3495 novam
646 3437 815 3495 doctrinam
833 3435 1016 3512 loquerctnn

124 3519 261 3579 ettitutus
296 3521 483 3578 mentiretur.
517 3518 600 3597 *ldeo
634 3519 720 3593 dico,
754 3517 835 3596 quod
866 3536 920 3576 sua
942 3518 1019 3576 haec

125 3604 253 3661 ontrario
274 3602 445 3680 propositio
471 3603 510 3660 sit
532 3603 684 3671 omnium,
715 3620 789 3678 quas
814 3600 939 3659 viderim
963 3621 1015 3658 un·

126 3691 203 3760 quum,
223 3685 465 3745 haereticissima
488 3693 518 3743 et
539 3685 734 3764 impiissima,
766 3692 797 3742 ut
826 3702 904 3761 quac
927 3683 1017 3742 tidem

127 3759 201 3826 lolam
219 3765 460 3828 iustificatricem
484 3775 591 3830 contra
614 3767 739 3827 Paulum
762 3766 955 3848 apostolum,
989 3775 1020 3827 et
