2332 4206
119 252 184 319 50⁸2
361 256 493 309 Defensio
513 257 581 310 ruit
602 258 819 374 itelmchthpuis

202 446 242 515 δ)
264 441 395 501 Temere
423 461 482 502 nos
511 442 705 503 Ambrosium
740 443 886 504 invadere
913 449 1041 504 accusat

122 523 248 587 Eut-ius.
270 543 346 583 sane
368 526 521 584 hocloco
543 525 671 605 dignus,
705 546 796 605 quem
819 526 912 607 paulo
936 526 1040 587 durius
1080 540 1085 549 “

121 616 293 669 tractarem.
321 607 471 686 Equidem
494 608 533 668 de
544 610 650 672 utrm.
672 610 743 670 loco
767 611 840 685 dixi
860 616 925 669 tum
947 627 1039 688 quem

120 691 172 751 itte
193 694 426 770 interpretratur
435 691 537 751 Lucae
559 700 614 753 est.
658 695 700 752 At
721 712 796 754 vero
811 695 943 773 primum
965 710 1039 752 oon·

120 786 179 833 stat
200 775 293 833 alium
316 793 385 833 esse
407 774 615 834 adversarium
639 777 720 854 apud
738 777 862 852 Lucam,
884 794 1000 852 nempe
1018 794 1039 835 a

119 875 182 936 quo
204 856 371 917 curandum
394 866 451 935 est,
474 868 508 917 ut
529 857 707 937 liberemur,
742 861 836 918 alium
858 858 940 938 apud
962 859 1039 918 lat·

120 940 257 1015 thaenm‚
289 941 341 1018 qui
363 959 431 999 oum
452 945 618 1002 convenire
640 961 698 1002 nos
720 950 858 1022 oportet,
891 943 922 1000 in
945 958 1038 1019 quem

118 1025 258 1102 asperius
279 1023 343 1082 dixi
365 1034 491 1102 propter
511 1044 582 1103 eos,
603 1024 714 1104 quibus
736 1025 903 1105 placabile,
935 1034 984 1095 et,
1006 1032 1039 1084 ut

118 1106 239 1181 dieunt,
262 1106 384 1166 veniale
405 1107 539 1183 videt-ur,
567 1127 682 1187 negare
703 1111 829 1169 inimico
851 1107 1036 1167 benevolum

118 1191 262 1249 animum.
306 1186 342 1248 In
364 1210 499 1268 sumina,
531 1194 562 1250 in
598 1211 669 1266 eos,
703 1194 818 1271 quiite
839 1189 930 1250 nobis
952 1208 1038 1269 praa·

118 1280 208 1349 cepta
231 1273 368 1333 consitiis
395 1282 621 1354 temperarunt,
654 1282 688 1334 ut
721 1276 815 1354 longe
841 1273 968 1333 interius
989 1274 1037 1349 sit,

118 1354 322 1414 Christianum
346 1375 431 1431 esse,
470 1377 560 1436 quam
589 1358 717 1437 probum
740 1358 911 1433 ethnicum,
943 1374 1037 1435 quau·

119 1456 211 1516 quam
233 1445 264 1497 et
295 1439 349 1498 itte
370 1441 450 1520 apud
474 1441 693 1500 unita-tosus
727 1441 858 1519 amptius
892 1439 1035 1518 quiddam

95 1515 193 1599 'prae
213 1539 248 1580 se
269 1522 349 1581 ferre
371 1524 444 1584 mihi
467 1525 606 1601 videtur,
627 1544 667 1584 eo
690 1525 773 1603 quod
796 1526 837 1582 sit
855 1524 887 1581 in
908 1521 1036 1583 Graecis

117 1599 293 1678 ἀντίδικος.
336 1606 456 1666 Deinde
480 1627 634 1667 carcerem
663 1627 720 1686 per
739 1607 884 1667 tenebras
906 1606 1036 1665 exterio·

118 1705 167 1745 res
189 1688 271 1766 apud
284 1689 389 1749 Marah.
412 1693 541 1770 exponit
556 1691 747 1763 Ambrosius,
768 1708 850 1768 quae
870 1689 1035 1749 inferorum

118 1769 225 1849 procul
249 1772 341 1831 dubio
364 1773 529 1853 descriptio
553 1782 609 1834 est.

201 1854 352 1933 Denique,
374 1856 458 1934 quod
480 1856 602 1916 videtur
623 1857 807 1936 patrocinari
828 1854 943 1930 Eooio,
967 1855 1035 1912 sim·

117 1936 239 2014 pliciter
273 1937 371 2034 figura
407 1938 584 2018 quadrantis
619 1939 783 2018 significari
829 1937 895 1997 vult
925 1937 1036 2017 eulpae

118 2034 414 2099 compensationem,
437 2034 469 2082 et
490 2024 680 2082 sicuttextue
695 2022 816 2081 dicens:
840 2021 950 2081 Donec
971 2017 1035 2079 md·

118 2101 174 2160 das
196 2112 365 2163 extremum
376 2106 588 2183 quadrantem,
610 2125 672 2166 non
695 2107 747 2180 ait,
768 2103 936 2182 aliquando
950 2100 1035 2162 reddi

117 2192 288 2245 extremum
306 2187 517 2265 quadrantem.
546 2190 589 2249 ita
605 2188 785 2248 Ambrosius
799 2187 916 2262 dicens,
938 2185 1037 2265 figur·

119 2268 297 2346 quadrantis
316 2271 482 2350 significari
515 2273 624 2351 culpae
653 2272 939 2350 compensationem
973 2286 1034 2328 non

118 2350 221 2426 addit,
253 2350 318 2412 fleri
341 2372 408 2413 eam
432 2357 462 2414 iu
486 2356 614 2414 mortuis
636 2355 941 2432 compensationem,
974 2355 1034 2411 imo

118 2433 310 2513 refragantur
331 2437 481 2514 quaedam
501 2446 616 2517 aperte,
639 2440 664 2496 si
687 2438 726 2496 ad
750 2437 1035 2515 compensationem

118 2535 285 2595 poenarum
310 2521 338 2579 in
364 2525 491 2580 mortuis
513 2522 633 2580 trahere
656 2521 743 2580 veiis.
795 2520 922 2578 Brevius
944 2535 1036 2597 expe·

118 2598 204 2659 dieto
225 2601 346 2679 locum,
374 2606 399 2663 si
421 2606 506 2664 iuxta
528 2605 664 2664 crebram
689 2603 818 2682 figuram
841 2621 911 2661 cum
932 2599 1035 2681 graeei

117 2688 180 2742 mm
202 2684 324 2745 Ebraioi
348 2690 498 2747 sermonis
530 2688 633 2753 verbi,
655 2687 765 2751 doneo.
795 2703 967 2764 exponam,
1005 2681 1035 2743 id

118 2765 200 2845 quod
224 2778 355 2847 oportet.
400 2772 564 2831 Ambrosio
594 2771 682 2845 nihil,
721 2782 754 2828 ut
785 2768 887 2843 vides,
921 2767 1053 2826 adimo.-

118 2848 301 2929 Quanquam
323 2853 362 2912 ab
386 2872 440 2929 eo,
468 2854 564 2913 sicubi
593 2873 611 2912 a
632 2871 780 2932 germano
804 2870 897 2911 seusu
930 2851 1037 2924 varim,

118 2931 296 3009 dissentire,
332 2936 440 3012 oredo,
470 2955 534 2997 non
564 2946 612 2996 est
633 2936 790 3016 flagitium.
834 2935 930 2994 Porro
953 2944 986 2992 et
1005 2934 1036 2990 iu

118 3034 157 3076 eo
179 3017 260 3096 apud
283 3018 394 3079 Lucam
430 3022 531 3099 eapite
559 3020 598 3078 de
628 3020 798 3097 quadrante
820 3017 917 3076 multa
938 3015 1036 3094 phito-

1 3097 2 3101 ’
118 3099 276 3178 capitatur,
297 3120 365 3161 oum
377 3104 408 3162 in
421 3103 549 3163 Graecis
571 3120 634 3161 non
657 3105 694 3160 sit
716 3103 773 3160 nisi
790 3099 912 3163 λεπτὸν
933 3097 1037 3178 ἔσχα-

118 3202 187 3278 1τον,
210 3182 293 3281 quod
315 3197 433 3282 partem
456 3186 632 3282 quadranti-a
660 3186 773 3281 dicunt.
817 3182 920 3279 Quid?
954 3178 1036 3260 quod

118 3263 381 3428 diffidit
393 3266 1036 3430 itt‘tiftzttttffltt?ditet?

118 3430 196 3528 Natu
219 3452 281 3492 non
303 3436 455 3515 ingratum
478 3446 525 3495 est
548 3435 605 3494 sub
628 3434 735 3495 umbra
749 3435 877 3493 Eooiaui
902 3433 1036 3493 nominis

118 3513 369 3680 delitqspepqioer
389 3599 429 3660 ad
450 3619 551 3681 pauca
571 3600 802 3682 respondimus,
831 3609 902 3660 sunt
924 3605 955 3658 et
977 3596 1036 3658 alia

117 3682 150 3741 in
169 3681 255 3743 Eocii
276 3682 392 3761 libello,
414 3702 494 3763 quae
515 3692 549 3744 ut
570 3683 669 3747 verbis
691 3703 851 3761 excusem,
873 3690 948 3763 puto
970 3700 1036 3743 non

119 3783 308 3846 magnopere
340 3766 482 3845 reserrre,
515 3787 627 3848 nempe
661 3787 740 3846 quae
760 3787 810 3827 ras
831 3770 900 3846 ipsa
921 3769 952 3828 in
974 3764 1034 3827 No·
