2332 4206
187 257 250 324 468
461 258 507 314 Vi.
528 259 632 314 Concio
652 260 798 327 Quomodo
817 262 853 314 sit

190 443 238 504 dis
262 443 413 506 desiderio
450 465 487 505 ea
516 463 639 524 quoque
667 447 815 524 consequi
836 452 975 525 possunt.
1019 443 1111 519 Quod

189 529 215 588 si
237 529 268 587 in
292 547 329 587 ea
350 527 411 589 fide
433 530 607 608 persistant,
630 534 789 588 servantur
811 535 841 588 et
862 529 931 608 ipsi.

273 609 539 684 Quemadmodum
580 621 681 672 autem
716 619 809 672 antea
842 611 880 671 de
916 610 1112 672 absolutionc

190 693 337 770 diximus,
367 697 411 754 ita
439 694 477 755 de
500 702 693 755 sacramento
716 695 819 755 altaris
843 713 965 775 quoquc
987 693 1041 754 tibi
1066 701 1113 753 eat

190 774 363 839 dicendum.
406 778 499 837 Dedit
534 778 607 837 mihi
638 777 782 853 sacerdos
806 797 917 858 corpus
940 785 970 837 et
992 779 1112 856 sangui-

189 879 260 920 nem
289 862 355 919 lesu
378 860 506 937 christi,
541 861 623 939 quod
653 864 771 941 siguum
802 868 833 921 et
863 861 1027 941 promissio
1056 870 1111 938 est,

189 962 239 1002 mc
260 943 291 1000 iu
315 945 503 1003 consortium
527 944 637 1004 Christi
667 954 698 1004 ct
719 946 854 1004 omnium
877 942 1057 1023 angelorum
1082 949 1112 1002 et

189 1024 370 1086 Sanctorum
393 1035 549 1106 receptum
574 1047 652 1104 esse,
676 1034 708 1087 ut
728 1027 771 1086 ilii
794 1047 843 1085 me
857 1028 1026 1104 redament,
1052 1028 1111 1086 mei

189 1115 283 1188 agant
311 1128 431 1187 curam,
468 1117 557 1170 orent
583 1130 639 1190 pro
670 1131 734 1187 me,
769 1130 853 1169 meas
876 1109 1059 1170 afflictiones
1080 1112 1110 1168 in

189 1210 223 1251 se
244 1193 412 1271 recipiant,
436 1193 619 1253 confirment
640 1214 707 1274 mc,
735 1202 865 1273 peccata
887 1213 957 1253 mea
979 1200 1112 1272 portent,

189 1281 220 1334 et
240 1275 390 1335 infernum
414 1297 475 1336 una
497 1283 651 1357 superent.

270 1358 341 1417 Non
364 1367 465 1419 autem
489 1366 536 1420 est
557 1359 697 1436 dubium,
734 1361 804 1438 quin
834 1360 911 1420 haec
941 1360 1045 1420 omnia
1068 1360 1112 1418 sic

189 1441 249 1500 sint
278 1450 434 1503 eventura.
478 1443 603 1523 Signum
634 1445 714 1502 enim
745 1463 763 1502 a
794 1444 861 1502 Deo
899 1443 1003 1503 datum
1036 1462 1111 1502 nun-

188 1543 278 1603 quam
309 1545 357 1585 me
387 1526 487 1602 fallet,
521 1545 622 1604 neque
654 1528 814 1605 quisquam
844 1527 917 1603 erit,
951 1526 1003 1605 qui
1036 1525 1110 1585 mihi

187 1607 262 1666 illud
285 1610 402 1687 eripiat.
447 1610 487 1669 Et
509 1609 611 1669 malim
642 1630 702 1689 ego
729 1616 834 1669 atoto
869 1609 983 1669 mundo
1014 1607 1111 1669 desci-

187 1709 284 1769 scere,
307 1699 338 1750 et
359 1712 377 1751 a
398 1712 447 1751 me
468 1695 536 1772 ipso
562 1713 694 1772 quoque,
717 1712 808 1770 quam
831 1692 969 1752 dubitare
993 1691 1032 1751 de
1052 1691 1111 1751 hac

188 1776 403 1854 promissione.
447 1776 517 1836 Scio
546 1776 642 1835 Deum
676 1795 776 1834 meum
811 1795 951 1835 veracem
983 1794 1019 1834 ac
1047 1794 1111 1833 cer-

188 1868 250 1916 tum
276 1877 360 1934 esse,
394 1859 459 1918 scio
489 1858 570 1937 quod
601 1860 755 1918 neminem
786 1878 841 1917 suo
870 1860 959 1938 signo
990 1865 1021 1918 ct
1042 1877 1110 1936 prc-

190 1941 337 2000 missione
359 1960 414 1999 sua
437 1941 533 2019 fallat,
557 1943 622 2001 sive
645 1941 755 2021 dignus
779 1943 848 2020 sim,
871 1944 936 2001 sive
957 1941 1110 2020 indignus,

188 2022 248 2082 hoc
270 2026 352 2100 scio,
383 2043 452 2082 esse
483 2044 531 2083 me
560 2031 687 2084 sanctae
710 2025 821 2085 Christi
844 2026 994 2085 ccclesiae
1018 2043 1110 2083 mem-

188 2105 284 2183 brum,
315 2108 399 2165 cuius
421 2108 465 2165 rei
496 2108 616 2186 signum
646 2106 871 2168 sacramentum
905 2109 966 2168 hcc
998 2107 1110 2168 habcc.

178 2188 293 2269 Longe
318 2190 484 2249 consultius
517 2198 564 2250 est
588 2211 637 2250 mc
660 2191 817 2271 indignum
841 2211 924 2267 esse,
958 2189 1111 2270 quamde

186 2271 243 2330 Dei
272 2270 332 2330 fide
354 2271 510 2350 dubitare,
543 2294 643 2354 apage
666 2276 707 2334 sis
731 2276 834 2353 Satan,
858 2295 925 2333 cum
956 2274 1108 2334 diversum

186 2355 335 2435 suggeris.

269 2437 333 2497 Iam
355 2437 415 2498 hoc
439 2438 518 2517 vide,
542 2439 655 2499 multos
678 2442 792 2520 passim
815 2442 963 2520 reperies,
987 2440 1037 2518 qui
1061 2459 1109 2499 cu·

186 2521 273 2599 piuut
295 2523 370 2581 certi
394 2541 462 2582 esse
485 2522 600 2582 desua
623 2524 738 2601 salute,
772 2525 823 2602 qui
846 2531 960 2583 certum
984 2522 1109 2602 aliquod

187 2602 226 2663 dc
252 2605 341 2665 coelo
364 2605 483 2686 signum
508 2612 667 2685 exoptant,
692 2626 752 2686 quc
776 2609 850 2667 certi
873 2606 948 2666 fiant
970 2606 1009 2665 de
1023 2626 1109 2684 prae-

186 2684 401 2747 destinatione.
445 2689 476 2749 Si
503 2691 598 2768 igitur
630 2689 753 2749 daretur
781 2693 824 2749 eis
857 2692 977 2770 signum
1001 2688 1109 2748 divini-

186 2775 249 2847 tus,
279 2771 351 2849 quid
387 2790 503 2850 quaeso
545 2773 707 2851 prodesset
727 2773 758 2832 id
781 2774 840 2850 eis,
870 2777 894 2832 si
919 2791 980 2833 non
1005 2771 1109 2832 crede-

184 2854 275 2913 rent?
318 2855 414 2934 Signa
452 2857 518 2914 sine
548 2854 609 2915 fide
642 2856 715 2915 nihil
747 2864 884 2936 prosunt,
929 2856 969 2915 Et
1003 2855 1108 2915 ludaei

185 2938 281 3017 signis
312 2938 424 2997 Christi
456 2945 487 2998 et
515 2939 728 3018 apostolorum
760 2958 884 3018 prorsus
918 2939 995 2998 nihil
1025 2941 1108 2998 iuva-

185 3019 313 3097 bontur,
347 3023 418 3099 quia
447 3029 534 3081 erant
561 3022 717 3081 increduli.
762 3023 812 3083 Sic
843 3024 893 3101 qui
923 3021 1016 3082 hodie
1040 3023 1107 3081 sine

185 3101 246 3162 fide
267 3106 467 3163 sacramentis
490 3112 633 3183 utuntur,
656 3107 794 3184 quisine
817 3105 877 3166 fide
900 3105 1030 3165 verbum
1050 3105 1107 3164 Dei

184 3186 324 3264 audiunt,
353 3206 478 3266 prorsus
505 3189 620 3247 nullum
648 3189 720 3248 inde
742 3190 872 3248 fructum
895 3190 1030 3268 capiunt.
1076 3187 1106 3247 si

184 3270 276 3349 igitur
297 3272 385 3350 signo
408 3271 511 3350 aliquo
536 3271 709 3332 confirmari
731 3274 832 3352 cupis,
856 3292 949 3351 quare
972 3291 1034 3332 non
1058 3290 1107 3330 sa-

184 3355 348 3412 cramentis
385 3354 499 3413 uteris?
534 3373 613 3432 quae
654 3357 789 3416 omnium
829 3363 900 3416 sunt
937 3355 1107 3415 certissima

184 3437 287 3515 signa,
311 3455 389 3515 quae
413 3437 543 3497 suntab
566 3439 635 3517 ipso
659 3439 780 3499 Christo
803 3440 956 3515 instituta,
980 3438 1018 3497 ab
1043 3457 1106 3498 om-

184 3520 272 3577 nibus
295 3519 415 3580 Sanctis
437 3519 568 3600 probata
591 3529 622 3583 ct
643 3524 784 3602 cognita,
824 3524 905 3601 quod
940 3528 1024 3583 certa
1047 3523 1108 3581 sint

183 3621 284 3681 neque
307 3604 415 3663 fallant
436 3603 606 3680 credentes,
629 3605 684 3665 sed
706 3605 788 3684 quod
812 3607 916 3666 omnia
938 3605 1008 3681 illa,
1033 3623 1106 3684 quc-

183 3704 248 3744 rum
271 3688 360 3768 signa
382 3693 461 3766 suut,
483 3694 567 3747 certo
590 3688 757 3750 conferant.

265 3770 298 3831 ln
332 3771 414 3831 hunc
441 3771 566 3832 modum
595 3771 773 3833 discendum
797 3777 859 3853 cst,
897 3769 1022 3850 etquid
1046 3771 1107 3831 sint
