2346 4208
341 308 344 313 ·
413 222 799 349 affictarlirusrplvfl·
956 270 1035 345 ’ω

167 472 170 485 “
258 432 262 436 ¹
330 462 483 565 llart
521 462 878 563 liutherus.¹

191 630 273 695 Duo·
289 630 366 693 milri
387 628 571 693 incumbunt
590 627 728 712 agenda,
756 631 887 711 primum
908 648 1036 712 respon·

122 712 242 777 laudum
265 712 532 779 confutationibus
552 708 671 795 egregii
681 713 728 778 l).
748 714 796 792 D,
818 712 955 777 seeundo
977 732 1035 794 pro

93 856 102 865 .
122 797 326 861 errantionis
346 801 440 878 paeto
462 794 684 879 opponendum
705 797 799 862 idem.
819 796 860 858 Et
881 796 952 877 quia
972 795 1033 859 iam

123 879 212 945 triduo
231 880 390 962 respondi,
411 885 596 963 tempusque
610 885 826 962 consumptum
850 885 908 961 est,
928 884 963 943 ut
976 881 1037 942 riso

122 982 203 1025 num
223 964 353 1047 possim
366 962 505 1045 explere,
526 960 602 1027 diuo·
618 960 761 1027 breviter.
808 1002 811 1009 ·
898 998 901 1003 ·
939 984 942 993 ·

139 1078 143 1085 ,
168 1046 285 1125 “ilssffll
307 1047 424 1111 'omnia
452 1044 580 1109 i'adueta
599 1047 836 1129 peregregiam
855 1046 894 1109 D.
916 1044 956 1109 D.
978 1064 1029 1109 oo·

121 1130 288 1211 p'edarime
308 1128 432 1211 quidem
454 1136 527 1191 suut
543 1129 647 1207 dicta,
673 1128 729 1193 sed
748 1140 877 1211 prorsus
898 1127 1036 1191 nihil-ad
1154 1170 1165 1183 .

74 1286 77 1291 ¹
120 1220 272 1297 nepum„
286 1230 357 1276 oum
377 1213 519 1303 iam-per
538 1218 601 1275 tres
621 1211 689 1275 dies
711 1212 902 1295 promiserit,
928 1200 1035 1275 divino

121 1296 330 1361 'ureamrum
351 1301 518 1359 seeontre
537 1314 608 1376 me,
637 1312 697 1357 neo
726 1294 834 1369 ¹adhue
861 1294 1038 1361 audiisset
1137 1348 1142 1355 .

121 1396 172 1443 ru
190 1376 344 1443 autorites
360 1378 457 1441 diripi
477 1378 571 1458 iuris,
604 1385 729 1460 praeter
746 1378 833 1441 illam
854 1376 971 1443 llattlr..
985 1380 1035 1458 16,
1054 1385 1060 1396 ’

225 1482 339 1527 omnes
359 1460 553 1542 audirimus,
576 1470 669 1543 quam
689 1462 776 1525 varie
792 1467 946 1524 tractetur
965 1479 986 1545 p
1003 1460 1036 1523 8.

121 1480 260 1625 mlius,
282 1552 317 1609 et
337 1543 421 1627 quod
442 1546 543 1610 maior
563 1563 636 1628 pars
658 1545 949 1627 eorumqueaaoior
968 1562 1037 1605 ssu·

121 1630 207 1693 tntis
239 1648 301 1713 pro
325 1634 470 1701 meses
510 1628 612 1691 Unum
642 1629 711 1710 ipse
731 1629 842 1693 locum
862 1627 1038 1709 Augustini,

122 1710 472 1779 tl=alterum=-Ambrorii
504 1730 562 1793 pro
583 1711 785 1792 asedduxit,
807 1715 910 1773 estere
932 1710 1049 1773 omnia¹

120 1794 232 1861 luunt
251 1794 408 1859 vocabule
426 1794 555 1877 Pelagii,
576 1793 730 1878 Auaeleti,
752 1812 876 1869 eorum,
896 1793 949 1874 qui
968 1793 1038 1855 iura

120 1876 246 1943 inmane
277 1878 537 1961 conscripserunt
578 1876 752 1960 Cyprianus
768 1895 845 1939 vero
867 1876 933 1939 tere
951 1880 1037 1939 totus

120 1980 242 2025 samm·
269 1958 496 2042 „adsequor
530 1961 691 2023 committo
727 1959 843 2023 iudicio
897 1956 1037 2021 rudentis

120 2042 247 2109 lectoria.
289 2042 437 2107 Similiter
462 2050 495 2107 et
513 2042 700 2108 clarissimus
729 2050 832 2105 textus
887 2042 1038 2123 'eronymi

120 2124 152 2189 sd
170 2127 357 2210 Evagrium,
384 2134 417 2189 et
437 2145 530 2208 super
552 2126 664 2188 litum.
700 2126 820 2188 Deinde
841 2124 983 2207 Gregorii
1003 2125 1036 2185 in

120 2212 241 2293 mgistro
262 2230 320 2290 per
340 2230 432 2272 senas
452 2210 548 2271 ferme
570 2209 728 2290 epistolas.
750 2210 826 2271 Post
843 2209 923 2271 haec
942 2208 1036 2270 histo-

120 2295 174 2355 riae
196 2301 229 2356 et
253 2312 325 2354 usus
349 2292 506 2355 orientalis
528 2292 689 2354 ecclesiae.
718 2291 827 2372 Neque
848 2293 930 2354 enim
951 2290 1036 2370 quid·

121 2394 202 2456 quam
223 2377 299 2438 iacit
319 2375 359 2438 ad
380 2396 457 2455 rem,
481 2374 565 2455 quod
585 2375 623 2437 D.
644 2376 682 2439 D.
706 2376 918 2437 schismaticos
940 2374 1037 2436 Grae·

121 2477 166 2520 eos
186 2459 358 2541 allegavit,
380 2459 558 2521 Nestorium
581 2465 612 2519 et
635 2466 775 2538 ceteros,
798 2477 862 2519 non
884 2464 972 2520 erant
991 2457 1037 2518 illi

122 2543 266 2605 ecclesiae
287 2542 455 2604 orientalis.
498 2541 629 2602 Possum
652 2548 683 2602 et
705 2561 765 2623 ego
788 2541 914 2603 latinam
938 2538 1036 2601 eccle
1134 2558 1139 2569 ·

121 2626 186 2686 riam
209 2627 257 2686 sic
279 2624 469 2703 describere,
496 2643 552 2705 per
572 2624 733 2705 Pelagine,
755 2624 963 2697 Manichacus,
985 2623 1036 2684 Jo-

120 2709 263 2784 riuianos‚
283 2708 520 2789 Vigilantieoos,
539 2706 741 2787 Helpidianos
765 2714 797 2769 et
818 2707 928 2769 similia
951 2724 1036 2767 mon·
1133 2740 1153 2769 κ

122 2796 183 2852 stra.
218 2790 281 2854 Sed
304 2791 405 2869 obsit,
426 2796 460 2851 ut
480 2796 607 2871 propter
628 2810 745 2871 paucos
767 2790 867 2851 malos
890 2795 922 2851 et
941 2789 1035 2850 schis-

121 2875 241 3035 lle-llam
265 2880 362 2936 totam
385 2873 518 2953 aliquam
540 2873 703 2934 ecclesiam
733 2873 960 2936 schismaticam
984 2890 1037 2952 ap·

175 2977 235 3018 em.

194 3039 307 3102 Getera
325 3059 388 3100 non
410 3044 520 3119 potero
543 3039 698 3119 prosequi.
742 3038 783 3099 Et
808 3056 934 3098 reservo
962 3034 1054 3097 mihi¹

122 3124 279 3203 praecipue
311 3122 457 3184 articulos
488 3121 638 3182 lobannis
660 3120 760 3193 Hues,
788 3121 863 3181 mihi
885 3119 1036 3198 obiectos,

123 3210 149 3265 et
165 3205 243 3266 inter
263 3224 320 3266 eos
341 3206 544 3266 novissimum
567 3203 606 3266 de
622 3203 763 3265 humanis
786 3203 904 3265 cotibus
926 3201 966 3263 ad
987 3221 1036 3263 ea-

123 3284 225 3349 lamum
249 3296 280 3350 et
304 3306 476 3369 papyrum,
504 3293 536 3348 et
564 3293 668 3348 cetera
694 3287 814 3366 omnia,
843 3305 923 3366 quae
944 3284 1036 3348 hebe-

123 3365 182 3431 bam
204 3390 388 3452 opponere,
411 3377 444 3430 ut
467 3388 546 3449 quae
567 3370 618 3430 hie
637 3369 740 3430 tacere
762 3389 826 3430 nou
844 3369 961 3450 poesim
983 3388 1035 3429 ex·
1142 3445 1145 3452 Ι

124 3451 216 3514 elusus
240 3454 349 3535 spatiis
366 3459 521 3533 praestem
544 3442 599 3533 per
621 3450 825 3533 Scriptorum,
848 3451 982 3532 veloque
1003 3453 1035 3512 iu

124 3531 175 3596 hoc
197 3537 308 3598 cedere
324 3542 356 3597 et
364 3535 540 3599 obedivisse
552 3535 746 3597 illustrissimi
761 3536 909 3616 Principis
921 3534 1035 3596 studio·

125 3635 179 3678 rum
189 3619 314 3681 Patroni
332 3619 561 3681 clementissimi
575 3621 676 3697 iussis,
692 3619 730 3680 de
745 3638 806 3698 quo
820 3619 1035 3680 vosDomiuos

125 3697 258 3766 Notarios
279 3703 413 3785 requiro,
435 3709 467 3764 et
481 3701 636 3764 auditores
657 3705 689 3763 iu
711 3703 918 3764 testimoninm
943 3719 1035 3765 voco.
