2346 4208
418 274 576 328 allotariis
594 279 719 344 exeepta.
973 272 1036 340 203

131 466 203 520 terna
233 462 439 521 eommutatur
467 460 498 519 in
527 460 741 540 temporalem.
785 460 854 521 Hoo
876 462 975 541 liquat
996 482 1035 523 ex

130 561 218 603 merae
240 541 416 623 Scripturas
436 543 613 624 traditione,
637 550 668 604 ot
688 543 719 604 S.
741 543 862 604 Petrum
884 565 950 607 usu.
996 545 1036 607 Et

129 625 390 703 aerariorum,
413 645 561 706 expresse
581 627 643 687 hoo
663 628 764 688 voluit
784 627 965 688 Ambrosius
988 648 1035 689 su-

130 729 170 787 per
186 709 311 788 tusam,
331 710 537 790 Hieronymus
567 710 618 771 lib.
646 714 674 772 l.
697 717 806 770 eontra
827 711 1035 790 Jovinianum,

130 792 302 872 Augustinus
330 794 459 873 quaesti.
483 798 509 856 1.
534 793 574 854 de
603 800 674 854 osto
697 791 821 854 Dulcitii
850 796 1035 873 quaestioni-

128 875 185 950 los,
219 881 252 936 at
273 878 464 956 pertinenter
484 876 666 943 Ambrosius
687 877 759 937 Luo.
782 880 811 942 5.
840 883 968 939 testatur
989 898 1035 939 sa-

126 959 287 1021 t'sfaotions
307 980 443 1039 poenam
466 962 585 1040 peooati
609 959 747 1023 dissolvi.

192 1041 352 1123 Soriptura
380 1044 480 1104 estin
502 1050 663 1123 promptu:
697 1045 844 1122 quoniam
872 1050 1034 1121 peecatum

123 1124 214 1200 ldae,
237 1125 332 1206 eulpa
351 1127 412 1187 iam
435 1127 584 1203 remissa,
619 1128 744 1207 punitur
765 1127 797 1185 in
819 1131 886 1186 tota
906 1129 1034 1206 posteri-

122 1214 181 1269 me.
202 1206 309 1283 Quare
328 1215 509 1271 transeunte
532 1209 623 1289 eulpa
642 1216 781 1270 remanet
801 1228 914 1289 poena.
935 1208 1033 1284 Quam

121 1292 262 1353 atonem
304 1293 405 1373 tangit
442 1293 631 1373 Augustinus
664 1298 795 1354 tractatu
833 1294 900 1355 124.
942 1312 1035 1371 supra

121 1374 214 1436 llaltlr.
246 1382 280 1435 at
311 1375 418 1456 glossa
444 1378 473 1440 2.
503 1377 623 1456 Regum
660 1379 708 1441 12.
730 1376 876 1437 Similiter
915 1375 954 1436 de
974 1375 1033 1436 Da-

121 1456 169 1519 rid.
190 1460 220 1521 2.
244 1459 324 1538 Reg.
346 1460 397 1535 24,
419 1458 582 1521 ubiDavid
603 1461 799 1540 poenituerat
820 1466 852 1518 et
873 1477 1034 1538 pereussa·

123 1547 158 1601 rut
176 1560 234 1602 eor
257 1543 333 1616 eiua,
355 1544 492 1620 pemani,
515 1542 601 1621 dixit,
622 1543 715 1605 valde
735 1545 767 1603 in
790 1542 957 1620 hoefaoto,
980 1542 1035 1602 sad
1097 1568 1100 1574 ·

123 1630 181 1702 peto
204 1631 241 1685 ut
262 1625 428 1685 transferas
450 1626 642 1705 iniquitatem
666 1627 746 1686 servi
769 1627 819 1686 tui.
849 1624 943 1686 Modo
965 1645 1035 1704 pec·

123 1713 213 1767 retum
234 1726 301 1768 non
323 1709 502 1769 transfertur
525 1706 627 1787 quoad
650 1709 783 1788 eulpam,
806 1709 886 1786 quia,
910 1712 943 1768 ut
963 1709 1034 1768 Pro

123 1789 204 1867 pheta
225 1789 264 1863 *l
288 1791 352 1868 ait,
391 1793 494 1852 anima
520 1793 590 1872 ipsa
618 1812 697 1870 quae
725 1792 902 1872 pensaverit
936 1798 1034 1852 morte

124 1874 268 1935 norietur.
301 1874 412 1934 Restat
439 1893 514 1957 srgo
537 1881 571 1935 ut
591 1881 750 1952 peceatum
774 1874 877 1953 quoad
901 1893 1033 1954 poenam

126 1957 320 2019 hortaretur.
364 1956 415 2019 sia
434 1977 490 2037 per
511 1958 696 2038 prophetam
716 1958 819 2019 Noton
846 1956 956 2017 dieitur
975 1959 1034 2019 Da·

126 2038 164 2098 rid
175 2039 252 2119 **):
274 2039 443 2101 Transtulit
455 2042 538 2101 Deus
548 2047 710 2120 peooatum
722 2048 817 2102 tuum.
839 2041 898 2102 Ubi
913 2041 1033 2121 glossa:

127 2120 195 2182 llous
216 2123 364 2183 deliatum
388 2123 479 2201 delet,
498 2123 553 2184 sed
575 2125 705 2184 inultum
727 2145 790 2186 non
813 2124 936 2185 deserit.
973 2124 1036 2185 Aut

128 2206 192 2265 euim
219 2207 316 2266 homo
345 2207 376 2265 in
405 2210 624 2286 repoenitens
646 2209 747 2287 punit,
779 2216 832 2268 aut
854 2208 938 2267 Deus
965 2227 1033 2267 eum

128 2285 237 2349 homine
260 2288 420 2349 vindicans
442 2292 583 2368 pereutit.

194 2372 236 2431 Et
257 2380 290 2432 ut
311 2370 350 2432 ad
373 2371 406 2434 S.
428 2372 534 2433 Patres
561 2375 742 2445 veniamus„
773 2394 792 2433 a
824 2373 932 2452 quibus
962 2394 1034 2433 usus

131 2460 152 2511 et
169 2456 268 2533 praxis
303 2456 454 2515 eeclesiae
481 2457 691 2536 principaliter
719 2457 757 2517 ab
785 2457 934 2535 apostolis
957 2456 1034 2518 deri·

131 2543 200 2597 ratus
222 2546 278 2598 est.
307 2539 386 2598 Nam
410 2540 509 2618 primo
532 2541 648 2600 nullum
671 2546 830 2619 peooetum
856 2548 960 2600 manet
980 2542 1033 2600 im-

131 2622 261 2698 punitum,
285 2628 316 2680 st
337 2640 440 2700 poena
462 2629 509 2682 est
530 2623 701 2683 ordinative
730 2622 848 2702 eulpae.
883 2622 966 2697 Quas
988 2644 1034 2683 ra·

131 2701 213 2763 tiones
236 2707 336 2784 tangit
357 2704 547 2785 Augustinus
570 2715 601 2766 et
628 2705 721 2765 refert
748 2706 912 2766 Gratianus
938 2706 1033 2786 (siout

130 2785 201 2858 primi
223 2787 262 2846 de
273 2789 474 2866 poenitentia.
497 2789 761 2863 distinotionel.).
784 2789 863 2850 Nam
875 2791 959 2848 Deus
973 2810 1032 2850 ma-

132 2864 178 2927 lurn
199 2869 264 2929 fieri
287 2890 350 2930 nou
373 2877 544 2950 pateretur,
566 2873 624 2931 nisi
645 2872 719 2932 illud
741 2892 797 2951 per
818 2874 962 2932 iustitiam
987 2893 1033 2933 or-

131 2947 247 3013 dinando
271 2954 379 3011 melius
401 2965 483 3014 stare
504 2957 535 3014 in
559 2955 673 3015 mundo
696 2956 819 3015 faceret.
841 2956 943 3033 lnquit
958 2976 1032 3035 ergo

132 3030 302 3113 Augustinus
325 3035 377 3096 lib.
400 3036 438 3096 de
460 3039 670 3116 poenitentiae
692 3038 857 3098 medisina:
880 3039 950 3098 Non
974 3041 1032 3099 suf-

133 3111 181 3175 fieit
201 3138 302 3179 mores
324 3120 356 3177 in
378 3119 486 3179 melius
510 3128 719 3199 commutare,
743 3128 774 3182 et
795 3142 813 3180 a
835 3123 922 3181 laetis
945 3123 1032 3182 malis

133 3200 276 3278 resedere,
300 3202 358 3260 nisi
381 3203 472 3261 etism
498 3203 535 3263 de
558 3204 611 3274 iis.
634 3223 713 3282 quae
735 3205 922 3282 factasunt,
946 3207 1031 3265 selis·

134 3276 173 3340 iat
191 3284 255 3344 Deo
277 3304 334 3363 per
355 3287 565 3363 poeniteutiae
588 3286 748 3365 dolorem,
776 3307 833 3366 per
854 3288 1031 3348 humilitatis

135 3368 270 3445 gemitum,
292 3386 350 3446 per
371 3371 494 3429 contriti
517 3370 619 3430 sordis
641 3369 838 3447 sacrificium,
862 3372 1031 3452 eleemosy-

135 3445 169 3503 nis
187 3450 420 3530 cooperantibus
443 3459 500 3513 eto.
517 3453 587 3513 Non
609 3455 690 3513 enim
702 3454 815 3512 dietum
839 3462 894 3531 est,
917 3462 950 3515 ut
968 3462 1031 3515 tan·

137 3532 182 3588 iun
202 3533 379 3593 abstineatis
401 3554 420 3594 a
441 3537 599 3615 peooatis,
622 3536 677 3597 sed
701 3543 732 3597 et
752 3536 791 3596 de
813 3540 964 3616 peccatis,
987 3541 1031 3598 in·

137 3613 192 3691 quit,
214 3616 380 3697 deprecare
401 3616 576 3696 Dominum,
599 3627 633 3680 ut
653 3619 707 3680 tibi
731 3620 920 3682 dimittantur
942 3629 999 3685 eto.

141 3728 316 3745 *w

164 3799 187 3863 ‘l
206 3802 302 3860 mech.
322 3805 364 3862 18.
403 3805 452 3868 ”l
472 3806 497 3862 2.
517 3805 613 3862 Sarno.
636 3809 677 3863 11.
