2346 4208
128 245 192 317 158
298 248 456 320 Disputatio
475 251 584 319 Lipsiae
601 250 698 305 habito
716 267 740 306 a
761 250 820 305 iiix

245 484 464 547 lisoius
512 487 923 587 perSohedpm

347 639 752 731 respondentium
776 639 820 722 1).

206 804 382 866 solutiones
409 804 568 865 reverendi
591 805 688 864 Patris
718 812 870 887 apparent
899 806 972 867 mihi
1000 806 1039 867 in·

24 914 27 924 ·
122 880 319 964 sufficientes,
340 887 533 967 potissimum
555 887 637 968 quod
650 889 854 968 Augustinum
876 888 961 951 dieat
982 908 1052 951 nou-

123 970 207 1049 loqui
229 969 268 1030 de
289 971 486 1051 purgatorio„
515 989 583 1030 oum
607 973 740 1032 maxime
763 972 793 1031 id
816 978 906 1052 agat,
927 973 1041 1035 soilioat

124 1053 163 1114 de
180 1054 371 1135 purgatorio.
414 1052 522 1134 Neque
544 1054 719 1134 negandum
744 1062 812 1133 est,
844 1056 964 1116 animas
994 1056 1041 1117 do

120 1137 294 1197 functorum
316 1136 431 1216 pietate
452 1155 576 1197 suorum
605 1138 769 1198 viventium
790 1138 941 1219 relevari,
975 1156 1041 1201 oum

123 1239 179 1301 pro
202 1220 263 1280 illis
285 1217 468 1280 sacrificium
490 1219 668 1281 mediatoris
681 1219 817 1297 offertur,
841 1220 891 1281 vel
911 1221 1041 1283 eleemo-

122 1322 219 1385 synae
241 1304 273 1363 iu
295 1302 427 1363 ecelesia
447 1301 534 1382 fiunt,
557 1302 610 1362 sed
633 1304 711 1364 haee
732 1305 777 1364 eis
798 1311 940 1447 prosunt.
983 1302 1040 1381 Qui

122 1405 192 1449 oum
213 1388 362 1461 viverent,
385 1391 419 1445 ut
439 1385 518 1447 haee
538 1385 597 1446 sibi
618 1393 795 1468 posteapro
819 1406 889 1449 esse
911 1390 1041 1469 possint,

7 1538 10 1549 Ι
121 1475 305 1532 meruerunt.
347 1468 405 1528 Est
425 1469 508 1529 enim
526 1468 649 1529 vivendi
671 1468 791 1549 modus,
814 1474 959 1532 nee-tam
990 1468 1042 1533 bo·

121 1570 199 1632 nus,
228 1558 262 1613 ut
289 1570 352 1612 non
374 1553 509 1631 requirat
529 1553 589 1612 ista
610 1560 683 1633 post
707 1561 852 1635 mortem,
890 1572 951 1614 neo
980 1561 1041 1615 tam

122 1637 241 1715 malus,
275 1644 307 1695 ut
326 1635 354 1696 ei
376 1654 439 1695 non
462 1636 581 1715 prosint
608 1643 841 1715 postmortem.
886 1635 1041 1712 Quocirca

121 1721 172 1782 hio
194 1739 285 1781 omne
301 1720 441 1778 meritum
456 1726 661 1798 eomparatur,
685 1739 745 1799 quo
761 1721 859 1800 possit
869 1727 943 1801 post
965 1721 1043 1781 hano

123 1805 216 1865 vitam
238 1802 368 1863 relevari
381 1802 532 1881 quispiam
548 1801 597 1861 vel
609 1803 768 1883 gravaril
789 1821 880 1883 nuno,
901 1800 1043 1885 Luther'e',

120 1895 152 1947 et
175 1887 226 1947 dio
247 1886 452 1966 Augustinum
475 1884 525 1944 hio
547 1904 610 1945 nou
635 1883 674 1945 de
693 1888 872 1966 purgatorio
895 1886 1041 1949 loentum

203 1970 368 2029 Praeterea
399 1985 462 2026 non
495 1966 606 2046 probat
635 1968 674 2027 ad
705 1968 894 2030 deletionem
921 1968 1041 2051 peceati

123 2053 252 2113 venialis
274 2051 387 2130 requiri
410 2056 608 2129 augmentum
631 2053 759 2131 gratiae.
799 2051 936 2130 Fateor,
972 2068 1043 2135 aug·

121 2144 257 2197 mentum
268 2135 385 2216 gratiae
401 2133 510 2194 tollere
524 2133 689 2213 aliquando
704 2134 848 2213 venialia,
870 2135 925 2197 sed
950 2136 1042 2197 etiam

122 2219 244 2280 veniale
267 2217 383 2278 tollitur
404 2218 636 2295 satispassione.
676 2218 765 2279 Unde
777 2218 949 2298 Apostolus
971 2219 1042 2280 alle·

122 2309 212 2384 gatus
231 2302 363 2362 Roman.
384 2304 413 2363 7.
445 2319 508 2360 non
542 2299 677 2379 loquitur
709 2301 747 2362 de
770 2302 882 2362 veniali
901 2302 1043 2385 peceato,

122 2405 216 2466 porro
239 2386 265 2445 si
288 2383 472 2463 loqueretur,
495 2385 747 2464 satispassionem
770 2404 833 2445 non
854 2385 1042 2447 excluderet.

124 2469 166 2529 At
186 2468 225 2529 de
247 2468 312 2528 eins
336 2485 499 2545 consensu,
522 2466 607 2527 velut
626 2468 852 2549 impertinente,
874 2468 952 2529 nihil
972 2468 1042 2531 dioo

123 2551 360 2632 inpraesentia.
383 2550 523 2627 Veniale,
545 2550 654 2629 fateor,
678 2550 816 2631 offendit,
839 2552 893 2613 sed
916 2550 1041 2613 veniali·

124 2644 179 2711 ter,
201 2635 273 2714 quia
295 2634 453 2694 hominem
475 2635 506 2692 in
529 2632 601 2696 odio
623 2635 681 2695 Dei
702 2654 764 2696 non
788 2636 965 2711 constituit,
985 2652 1049 2701 nee.

123 2719 279 2778 inimioum
302 2718 359 2778 Dei
381 2717 469 2793 feeit,
498 2717 581 2795 quod
613 2718 749 2799 alioquin
772 2738 841 2778 oum
864 2718 964 2800 gralia
985 2724 1055 2785 sta,

124 2807 189 2879 ret,
211 2801 281 2861 ideo
304 2801 335 2860 in
357 2801 535 2880 purgatorio
559 2801 674 2862 habent
695 2801 817 2881 quidem
839 2809 971 2883 peooata
993 2820 1043 2863 ve·

125 2884 219 2945 niolio
240 2885 316 2944 nitra
336 2883 526 2949 inimicitiam
548 2883 616 2945 Dei.
791 2892 794 2897 '

207 2967 248 3028 At
269 2966 352 3046 quod
374 2973 517 3026 causatur
542 2986 591 3027 me
620 2973 764 3047 torquere
785 2969 967 3029 autoritates
988 2986 1044 3049 per

125 3051 255 3134 capillos
278 3050 317 3110 ad
338 3051 548 3130 propositum,
570 3050 753 3130 dispeream,
774 3052 801 3111 si
821 3059 887 3112 tota
908 3051 1043 3132 disputa·

124 3136 209 3196 tione
231 3134 282 3194 vel
303 3153 394 3193 unam
409 3131 572 3194 adduxerit
593 3136 786 3195 autoritatem
804 3140 866 3195 tam
891 3136 1043 3217 pertinen·

124 3227 195 3298 tem,
219 3219 298 3278 siout
319 3235 378 3298 ego
399 3216 450 3276 hio
471 3216 595 3278 adduxi.
634 3217 695 3278 Sed
721 3218 783 3280 hoo
811 3217 947 3280 iudicent
969 3218 1044 3279 indi·

124 3321 193 3382 nes,
215 3321 278 3362 non
299 3300 458 3361 Lutherus.

207 3385 395 3465 Indignatur,
418 3402 471 3443 our
493 3403 555 3444 non
578 3391 609 3444 et
629 3384 819 3465 Augustinus
841 3394 872 3448 et
894 3386 1043 3469 Hierony·

124 3489 190 3531 mus
213 3469 329 3529 oausati
352 3469 413 3527 sint
433 3467 495 3527 hoo
515 3466 673 3527 latibulum
695 3469 936 3548 haeretieorum,
960 3468 1043 3551 quod

122 3553 202 3631 dixi,
224 3551 306 3612 bone
328 3550 427 3629 Deus,
449 3552 474 3610 si
497 3570 560 3611 non
583 3550 695 3630 ubique
717 3553 830 3614 olomet
850 3554 1043 3635 Augustinus

160 3780 192 3849 l)
214 3780 349 3834 Loescher
366 3780 412 3835 hio
430 3796 467 3835 ex
486 3778 548 3837 eod.
568 3777 632 3833 MSo
651 3778 780 3835 adnotat:
799 3779 870 3835 hore
887 3783 989 3849 prima.
