2346 4208
205 249 269 319 454
498 249 762 330 masmana.
781 249 809 307 ι.

269 443 319 508 23.
342 439 374 502 Β.
403 439 516 503 Paulus
546 458 610 500 non
646 437 735 503 dicit:
768 436 862 505 Fides
889 457 947 520 per
974 440 1115 501 caritatem

210 522 370 598 iustificat,
408 521 463 587 aed
499 524 544 585 sic
566 521 655 584 dicit:
688 521 781 587 Fides
810 541 868 603 per
896 523 1054 585 caritatem
1081 529 1120 585 sat

208 607 320 671 efficax
342 625 396 669 seu
420 625 562 686 operosa.

271 692 321 753 24.
343 688 435 750 Aliud
458 689 553 771 longe
576 695 624 751 est
646 708 812 769 operosum
835 708 892 750 seu
921 688 1034 753 efficax
1054 709 1121 767 aeas,

209 780 240 835 et
261 771 343 833 aliud
364 771 530 834 iustificare
551 792 606 834 seu
627 774 742 834 iustum
762 772 876 836 facere.
947 843 956 852 ,

270 857 318 920 25.
342 855 475 915 Primum
508 875 644 936 persona
680 853 864 920 instificetur
899 875 957 937 pro
992 875 1026 917 se
1056 856 1123 935 ipsa,

209 944 321 1085 Eostea
342 936 377 998 iit
398 956 532 1019 operosa
555 958 629 1021 erga
650 939 747 1017 aiios,
780 939 859 1001 sicut
887 938 984 1001 arbor
1004 939 1123 1019 primun

232 1041 293 1083 ona
314 1019 349 1081 fit
371 1021 401 1080 in
424 1023 566 1101 seipsa,
598 1029 709 1103 postea
733 1039 868 1103 operosa
890 1020 1041 1085 fructibus
1063 1041 1125 1102 erga

209 1104 298 1167 alios.

274 1189 325 1251 26.
346 1185 494 1248 idolatria
523 1186 572 1247 vei
594 1186 732 1248 haeresis
753 1194 801 1248 est
822 1205 961 1268 operosa
983 1207 1040 1268 per
1064 1186 1125 1267 dog·

212 1277 291 1330 mata
315 1276 346 1330 et
367 1267 466 1329 cultus
488 1269 619 1349 impios,
648 1277 752 1331 tamen
781 1268 931 1351 dogmata
960 1289 1016 1332 seu
1040 1270 1130 1331 cultis

210 1352 296 1433 impii
319 1370 382 1411 non
413 1351 529 1412 faciunt
550 1372 716 1433 personam
739 1352 904 1414 idolatram
928 1372 987 1415 seu
1009 1353 1126 1418 haereti-

213 1455 291 1513 cam,
313 1433 370 1495 sed
384 1432 461 1494 finnt
474 1455 492 1495 a
504 1454 639 1515 persona
652 1437 735 1516 priua
750 1435 907 1497 haeretica
930 1436 983 1496 vel
996 1426 1126 1498 idolatra

271 1520 321 1582 27.
345 1516 522 1598 Sophistac,
567 1521 687 1598 apiatas
702 1538 765 1581 non
787 1519 987 1600 intelligunt.
1004 1518 1077 1600 quid
1097 1520 1126 1579 ait

211 1607 390 1682 peccatum,
412 1599 505 1679 fides,
525 1539 679 1680 Uiriatus,
705 1602 775 1680 lex,
809 1603 937 1678 caritas,
979 1609 1012 1663 et
1036 1604 1127 1664 omnia

211 1703 291 1763 quae
311 1683 488 1763 loquuntur.

274 1764 324 1831 28.
347 1766 416 1829 Hoc
436 1767 589 1847 produnt,
621 1768 692 1827 dnm
721 1768 854 1829 fatentur
874 1770 906 1828 in
932 1767 1127 1831 daemonibus

212 1867 281 1911 ease
302 1848 406 1929 fidem,
428 1856 460 1911 et
480 1852 511 1910 in
532 1850 636 1931 impiis
647 1849 750 1932 fidem,
773 1870 859 1932 spem
883 1859 915 1912 et
938 1851 1127 1915 dilectionem

215 1932 271 1993 Dei
295 1933 477 1997 naturaliter
499 1932 605 1994 haberi
626 1952 729 2014 posse

274 2016 325 2079 29.
348 2014 429 2092 Quin
461 2016 523 2078 hoc
544 2015 761 2098 blasphemant
818 2036 941 2098 noque,
981 2018 1128 2081 hominen

211 2117 306 2179 posse
321 2118 360 2160 ex
375 2100 459 2179 puris
472 2098 662 2160 naturalibus
669 2099 797 2182 diligere
833 2120 904 2162 enm
919 2103 1129 2183 superomnia

212 2189 244 2241 et
271 2182 399 2262 implere
422 2181 567 2243 mandata
588 2183 660 2262 Dei,
696 2182 797 2263 quoad
826 2183 1039 2247 substantiam
1061 2185 1129 2260 fact,

209 2264 328 2343 absque
351 2266 450 2344 gratia
472 2265 539 2325 Dei.

271 2348 322 2411 30.
344 2346 413 2407 Hoc
436 2347 506 2427 quid
530 2347 612 2408 aliud
634 2355 693 2426 est.
713 2368 804 2429 quam
821 2349 944 2410 Christo
971 2359 1005 2412 et
1030 2351 1128 2433 Spiritu

214 2436 321 2491 sancto
345 2448 409 2491 non
433 2450 503 2491 csse
527 2451 604 2512 opus
628 2431 667 2492 ad
690 2431 878 2513 implendum
904 2435 1058 2496 mandata
1074 2435 1129 2496 Dei.

274 2515 324 2577 31.
348 2512 417 2574 Hoc
451 2521 515 2591 est,
549 2534 605 2574 nos
640 2517 724 2595 ipsos
757 2535 796 2576 ex
818 2512 910 2578 nobis
942 2518 1023 2598 ipsis
1049 2535 1129 2599 posse

211 2597 321 2658 mereri
344 2599 560 2658 remissionem
583 2605 778 2676 pcccatorum
803 2605 834 2659 et
854 2591 951 2660 vitam
968 2610 1129 2675 aeternam,

210 2681 289 2740 sicut
313 2678 441 2741 credunt
461 2679 596 2758 Turcae,
613 2680 718 2743 Iudaei
741 2687 772 2742 et
792 2681 923 2755 Tartari,

271 2764 321 2825 32.
344 2763 477 2842 Dicunt,
500 2764 618 2824 homini
639 2764 773 2843 facienti,
795 2763 876 2844 quod
900 2767 932 2825 in
957 2785 994 2826 se
1017 2774 1075 2846 est,
1096 2766 1129 2825 in·

210 2843 377 2906 faliibiliter
399 2845 463 2906 dari
486 2848 633 2927 gratiam,
669 2854 790 2928 gratum
828 2847 998 2930 facientem
1031 2849 1129 2910 merito

208 2928 347 3006 congrui,
370 2928 452 3006 quod
476 2936 524 2990 est
544 2929 697 2991 horribilis
715 2930 909 3010 blasphemia
922 2932 955 2991 in
972 2931 1129 3008 Christum,

207 3027 267 3068 nec
291 3008 328 3070 dc
350 3010 409 3071 hac
433 3031 529 3091 usque
552 3012 838 3093 hodie-poenitent.

273 3092 322 3154 33.
345 3092 386 3152 Et
406 3094 487 3155 hanc
509 3096 639 3176 gratiam
661 3103 780 3176 gratum
808 3096 977 3157 facientem
1006 3098 1106 3178 (sica

208 3171 327 3250 pellant
350 3178 507 3237 caritatem
530 3179 681 3256 infusam)
706 3182 797 3241 etiam
819 3181 849 3239 in
873 3180 1008 3242 minimo
1047 3116 1134 3262 graii

208 3258 315 3315 mereri
341 3259 432 3318 vitam
465 3269 623 3321 aeternam
649 3264 757 3324 merito
790 3261 936 3342 condigni
977 3283 1035 3324 seu
1060 3261 1133 3324 suffl-

204 3337 305 3400 aienti.

269 3422 317 3484 34.
340 3421 388 3481 Ex
418 3427 576 3488 attritione
605 3426 726 3510 fingunt
753 3426 977 3488 contritionem
1006 3429 1058 3507 (id
1088 3435 1137 3507 eat,

206 3520 245 3562 ex
269 3502 395 3567 diabolo
418 3507 480 3569 alio
504 3509 617 3588 alium)
642 3510 708 3573 fieri
731 3511 842 3572 virtute
864 3508 1016 3576 clavium.

267 3585 317 3650 35.
339 3587 381 3648 Et
401 3589 482 3650 hanc
505 3611 599 3671 posse
620 3600 738 3657 tantam
761 3611 840 3671 esse,
862 3599 897 3653 ut
917 3596 1140 3660 remissionem

202 3668 371 3748 plenariam
396 3679 594 3754 peccatorum
618 3685 790 3755 mereatur,
821 3695 882 3756 qua
904 3676 1017 3742 subito
1043 3680 1141 3744 evolet

202 3754 274 3839 quis
297 3755 330 3817 in
353 3755 490 3840 cociam.
507 3758 813 3841 atsnnenmgatorio
832 3765 887 3821 aut
910 3761 1141 3831 satisfactione
