2346 4208
318 282 354 347 asi
372 283 431 338 lob.
450 283 708 354 Oaaolampadium.
867 288 868 291 ’
919 284 1003 353 485¹·-
1100 285 1108 292 ’

57 465 115 527 diit
136 466 178 529 ob
206 466 284 529 haec
305 467 472 546 Lutherus,
508 469 591 550 quod
619 469 781 532 videbatur
802 470 984 552 obstrepere

57 549 211 627 conciliis,
236 570 304 611 oum
327 551 380 612 ille
401 553 477 612 nihil
499 554 616 614 maiore
637 554 788 634 religione
802 561 983 636 praestaret,

59 651 153 712 quarn
187 641 219 694 ut
251 654 308 695 sua
331 636 469 697 conciliis
502 643 586 697 esset
606 638 763 698 autoritas.
807 637 854 700 Ibi
875 639 982 700 haere-

58 735 121 793 ses,
144 716 332 779 Bohernicae
353 718 520 798 factiones,
543 725 575 780 et
595 719 626 779 id
653 740 751 801 genus
774 722 901 782 crimina
921 722 983 782 alia

59 798 294 866 obiiciebantur.

142 882 270 964 Largius
292 891 340 945 ast
361 885 487 963 Eccius,
510 887 672 966 aequalem
698 888 833 948 omniurn
857 895 982 968 aposto·

56 967 159 1028 lorum
186 969 382 1029 autoritatem
403 969 513 1045 fuisse,
548 988 607 1029 nec
634 977 872 1031 consectaneum
903 990 982 1048 esse,

38 1055 93 1110 ·ut
127 1050 188 1109 sint
219 1050 367 1130 aequales
405 1053 560 1132 episcopi,
598 1054 748 1113 interesse
788 1055 869 1114 enim
903 1055 983 1117 inter

58 1129 255 1215 ἀποστολήν
277 1141 308 1195 et
330 1133 637 1214 administrationem,
660 1155 729 1196 cum
746 1156 809 1197 non
834 1138 874 1198 sit
895 1132 983 1202 ἄπο-

59 1213 162 1298 στολή
184 1215 267 1278 aliud
278 1218 336 1277 nisi
349 1217 464 1298 legatio
486 1215 532 1292 εἷς
553 1213 706 1301 ὑπακοὴν
716 1223 865 1294 πίστεως
887 1220 981 1281 Paulo

58 1298 99 1360 ad
121 1299 210 1362 Rom.
234 1306 352 1361 autore.
396 1301 504 1380 Neque
538 1303 617 1362 inter
652 1297 848 1384 ἀποστολήν
872 1309 903 1363 et
927 1303 984 1364 ad-

58 1383 316 1444 ministrationem
349 1383 420 1462 quid
453 1385 589 1461 intersit,
629 1384 731 1445 video.
784 1385 983 1447 Intolerabile

58 1467 159 1526 visum
171 1465 278 1539 Ecoio,
300 1466 411 1527 alicubi
434 1467 581 1528 recedere
603 1489 622 1528 a
643 1467 810 1530 Pontificiis
833 1469 983 1546 Decretis,

57 1548 113 1609 aut
138 1569 158 1609 a
179 1549 442 1630 qualibuscunque
463 1549 565 1612 verbis
588 1552 717 1611 alicuius
740 1571 757 1610 e
781 1550 811 1612 S.
833 1551 983 1628 Patribus,

57 1651 164 1692 verum
187 1634 371 1693 sententiam
406 1653 491 1694 suam
522 1632 561 1693 de
584 1632 706 1695 Pontifi.
727 1634 799 1694 loco
821 1633 860 1694 ad
879 1633 983 1698 ,Galat

56 1714 209 1776 lantherus
231 1716 355 1790 muniit,
388 1735 451 1777 non
475 1716 595 1794 alieno,
618 1723 764 1796 quantum
793 1716 900 1777 video:
935 1717 984 1778 Ab

56 1800 96 1858 iis
120 1799 172 1877 qui
201 1798 384 1859 videbantur
413 1819 482 1860 esse
511 1799 642 1878 aliquid,
677 1800 783 1878 quales
815 1799 983 1878 aliquando

56 1882 185 1958 fuerint,
217 1882 293 1941 nihil
322 1901 391 1942 mea
420 1884 557 1943 interest.
601 1883 684 1943 Deus
714 1884 795 1942 eninr
818 1902 983 1962 personam

55 1965 193 2026 hominis
225 1985 288 2026 non
321 1967 442 2045 accipit,
486 1966 558 2025 Mihi
582 1972 684 2027 autern
715 1967 767 2044 qui
800 1965 984 2028 videbantur

57 2067 130 2109 esse
153 2047 279 2126 aliquid,
302 2049 377 2109 nihil
401 2048 605 2111 contulerunt.
649 2049 774 2109 Interim
786 2048 897 2110 Eccius
920 2050 984 2129 opi-

57 2137 190 2191 natura
213 2131 334 2192 Christo
358 2132 520 2212 apostolos
544 2132 641 2192 lectos
666 2152 750 2208 esse,
773 2131 828 2192 sed
851 2152 870 2191 a
891 2132 983 2192 Petro

59 2213 221 2274 ordinatos
248 2216 423 2294 episcopos.
467 2215 515 2274 Ex
538 2215 584 2274 his
607 2217 750 2276 aestimes
773 2215 899 2292 reliqua.

144 2295 193 2356 Ad
215 2299 476 2374 constitutionem,
500 2317 579 2376 quae
595 2305 771 2358 recensetur
784 2300 815 2358 in
828 2299 982 2360 Decretis:

58 2381 108 2440 Ne
124 2380 280 2440 Romanus
292 2381 435 2442 Pontifex
457 2382 639 2442 universalis
658 2383 822 2461 episcopus
846 2383 982 2442 nomine-

59 2472 125 2540 tur,
165 2463 340 2544 respondit:
394 2464 462 2524 Non
503 2463 625 2542 quidem
672 2465 876 2524 universalem
921 2466 983 2544 epi·

59 2565 191 2626 scopum
215 2547 433 2607 nominandum
451 2566 530 2620 esse,
559 2547 613 2606 sed
627 2547 808 2607 universalis
832 2547 983 2607 ecclesiae

60 2630 252 2710 episcopum.

146 2711 220 2772 Post
241 2713 319 2773 haec
353 2712 391 2773 de
421 2713 600 2792 purgatorio
624 2713 673 2791 agi
697 2718 856 2791 coeptum,
897 2713 983 2771 cuius

60 2797 268 2874 quaestionis,
297 2796 442 2872 arbitror,
472 2813 603 2875 scopum
626 2814 665 2854 ne
688 2796 828 2874 attigisse
850 2794 983 2872 quidem.

58 2879 142 2939 Nam
165 2897 232 2939 curn
255 2878 465 2939 disserendum
489 2884 585 2954 esset,
608 2897 699 2956 quarn
721 2879 752 2937 in
774 2879 984 2957 purgatorium

60 2967 249 3042 potestatem
270 2961 385 3024 habeat
405 2962 507 3041 Papa,
541 2962 645 3040 coepit
667 2961 778 3020 Ennius
801 2960 892 3020 aliam
915 2979 984 3020 can-

61 3045 205 3123 tilenam,
241 3065 310 3106 esse
336 3047 562 3125 purgatorium,
598 3044 722 3123 probari
750 3050 784 3103 ut
806 3043 920 3123 possit,
953 3042 984 3102 id

60 3128 147 3207 quod
170 3130 322 3208 receptius
346 3134 407 3201 est,
441 3147 532 3206 quarn
555 3134 588 3186 ut
612 3146 742 3187 necesse
775 3128 814 3186 sit
840 3127 932 3186 toties
954 3126 985 3184 in

61 3210 194 3273 Scholas
218 3230 341 3273 vocare.
384 3210 485 3272 Locus
509 3217 556 3270 est
587 3212 617 3270 in
640 3207 884 3276 Machabaeis*t
919 3207 986 3268 vul-

60 3300 171 3374 gatus,
215 3313 276 3372 quo
319 3295 502 3354 sententiam
541 3313 628 3353 snam
672 3293 829 3352 muniebat
862 3292 985 3352 Eccius.

59 3377 196 3438 Luthero
220 3379 317 3437 visum
339 3380 438 3436 estin
461 3377 678 3452 contentione,
700 3377 786 3435 iuxta
806 3375 986 3454 Hieronymi

61 3463 247 3521 sententiam
286 3479 349 3519 non
382 3461 486 3520 valere
513 3459 742 3519 Machabaeosx
783 3458 897 3518 Contra
923 3458 985 3533 ille,

61 3550 181 3604 tantum
205 3543 309 3605 deberi
325 3543 581 3603 Machabaoorum
605 3542 694 3619 libro,
718 3546 864 3620 quantum
886 3540 987 3600 Evan-

84 3713 329 3720 „m-..Q--.
340 3713 445 3718 --..-..--.
449 3713 463 3718 .,.
468 3713 484 3718 -.

137 3812 166 3877 ·)
186 3810 204 3865 2
222 3810 311 3862 naen.
332 3808 375 3863 12.
