2346 4208
382 247 490 311 metus
504 247 541 307 n.
561 249 640 309 rus
660 249 785 311 ianm.
808 217 841 314 ι’
1007 247 1050 321 m

121 456 210 499 nime
237 437 264 497 is
285 438 315 499 iu
338 436 548 505 defensionem
571 438 646 515 mei,
668 456 718 499 ms
738 457 864 518 prorsus
885 457 948 503 nen
969 439 1051 503 uslu—

121 526 206 598 teto,
228 526 418 601 pugnaturus
443 527 552 583 sontis
572 541 626 601 es,
648 540 728 600 quus
748 523 861 587 neseis.
985 566 988 573 .
1029 536 1039 577 r

139 630 143 643 ¹
206 602 269 669 sed
298 603 400 667 adhue
428 624 506 685 rogo
536 612 608 684 post
634 604 781 681 vulnera,
811 605 921 669 ssltem
947 603 1051 673 iudiun

122 705 223 762 nuno,
252 687 397 766 pussilli
418 688 496 749 fuiss
517 687 664 768 dogmate
685 706 755 749 men
777 690 903 751 nomine
923 688 1050 765 isetam,

123 779 159 830 ut
185 771 297 847 smum,
326 788 419 850 super
447 769 557 849 quibus
586 790 635 833 me
663 769 890 848 defendes,.et
908 789 964 850 pso
983 789 1049 849 'qut

122 859 229 934 gratus
252 870 321 915 esse
344 852 497 915 debeam?
541 853 620 929 Quid
642 854 750 915 tedes?
780 856 854 936 quin
877 853 965 919 edis?
986 873 1049 919 uon

123 935 214 999 edis?
257 935 326 1017 Age
359 937 574 999 everberemus
607 937 658 997 vel
685 938 798 999 invito..
837 937 977 1013 Quaero,
1010 955 1049 999 eu

123 1025 178 1081 tus
200 1019 295 1080 verbs
316 1013 426 1081 oredu's
448 1039 516 1080 esse
538 1039 627 1095 vers,
659 1019 710 1081 ubi
737 1020 863 1099 scribis,
893 1020 1049 1083 Bohemus

123 1120 181 1184 pro
208 1120 258 1162 me
284 1102 394 1165 ieeisss
422 1103 546 1183 publius
572 1103 639 1164 Deo
669 1105 836 1183 supplicis,
857 1103 1049 1182 quotidianu-

123 1183 300 1268 que=(lioet
319 1184 467 1267 prossus]
492 1205 599 1261 suern,
627 1185 698 1247 dum
721 1205 819 1266 nuper
840 1186 962 1266 Lipsiae
984 1205 1047 1251 eer-

124 1268 244 1332 tarsm?
268 1267 391 1344 (Tessu
415 1270 505 1345 enirn,
529 1288 590 1348 qus
610 1270 709 1350 grstia
730 1270 791 1331 hou
810 1271 843 1331 in
866 1270 975 1349 vulgus
998 1288 1049 1333 ro

122 1353 218 1413 iuer-is
250 1351 356 1431 edere,
393 1371 469 1413 nsso
504 1371 573 1413 meo
607 1371 668 1415 uun
702 1353 748 1412 sio
780 1352 883 1415 illudis
916 1351 1050 1430 Ruflins,

123 1433 230 1512 Rniie,
259 1436 323 1496 imo
352 1436 468 1516 niger).
514 1436 609 1516 Vere,
637 1437 778 1514 inquam,
804 1435 884 1497 husu
912 1442 984 1501 sum
1010 1455 1049 1499 su

124 1517 209 1579 non?
243 1517 313 1579 Non
335 1517 387 1581 hie
407 1517 581 1597 tacendum,
606 1519 678 1597 quia
699 1517 846 1583 sensrdos
868 1519 995 1586 Domini
1018 1525 1051 1579 et

124 1602 212 1663 testis
232 1620 267 1661 es
288 1601 436 1662 veritatis.
471 1602 552 1662 Vero
574 1620 659 1681 ergo.
692 1600 836 1680 Sequitur
858 1603 919 1661 ism
942 1600 1050 1681 prosu]

124 1683 230 1763 dubio,
253 1684 408 1745 Bohsmos
422 1684 606 1747 Emserisnn
626 1685 780 1745 sententis
797 1703 916 1753 meeum
936 1684 1050 1747 sentire

123 1769 155 1829 in
178 1767 441 1847 propositionibus
463 1767 584 1847 Lipsiae
610 1767 789 1846 disputatis,
821 1775 853 1827 nt
879 1767 911 1827 in
940 1765 1049 1845 quibus

124 1869 176 1911 me
205 1850 323 1910 salvum
356 1850 486 1930 publicis
512 1851 607 1913 esuris
635 1851 799 1930 impetrare
820 1850 893 1913 ilios
914 1849 1050 1917 voluisse

124 1933 249 2014 publius
270 1931 396 1993 scribes.

209 2015 294 2077 Haeo
316 2023 387 2077 sunt
406 2016 499 2096 igitur
522 2015 670 2096 dogmata
697 2015 795 2094 falsu,
819 2032 899 2094 quse
925 2015 1050 2081 nomine

124 2118 197 2161 meo
225 2100 343 2160 instent
371 2099 516 2174 Bohemi,
558 2100 647 2158 etin
675 2099 784 2178 quibus
810 2118 860 2159 me
888 2104 1050 2176 patronum

125 2181 304 2262 gloriantur.
362 2179 556 2263 Habesne¹)
600 2182 797 2262 Aegocerotu
838 2188 975 2242 nostrum
1012 2201 1050 2245 un

126 2265 212 2325 non?
234 2264 293 2326 Ubi
309 2284 392 2325 nuno
406 2270 453 2324 est
471 2284 506 2324 os
519 2265 624 2326 tuum?
646 2284 747 2344 poene
767 2264 953 2342 effudissem,
971 2263 1054 2342 quod

125 2367 177 2408 me
200 2347 385 2408 ostholiuum
408 2349 547 2409 asseruit.
584 2346 736 2425 Videsne,
765 2367 856 2427 quem
877 2346 1053 2426 imprudens

125 2432 167 2491 sit
200 2431 339 2493 invidia?
383 2431 541 2491 Proverbii
569 2431 649 2489 illius
680 2433 846 2510 scripturus
875 2431 1053 2495 meminisse

125 2513 278 2576 debebas:
316 2513 448 2592 Oportet
476 2512 656 2575 mendaeem
685 2533 755 2574 esse
783 2533 969 2590 memorem,
996 2532 1054 2575 usu

127 2605 176 2657 est
211 2615 271 2675 quo
304 2596 354 2657 hio
377 2596 502 2674 evadas,
525 2598 598 2674 quin
621 2598 815 2675 perspicuum
839 2598 895 2668 sit,
923 2604 989 2663 tete
1020 2597 1052 2655 in

126 2679 222 2741 eorde
253 2697 316 2739 non
344 2699 431 2739 secus
461 2697 499 2739 se
526 2679 714 2741 haereticum
742 2678 856 2739 habere
878 2679 1052 2746 Martinurn,

126 2771 159 2824 et
190 2770 293 2823 tumen
322 2781 375 2822 ore
406 2760 561 2822 confiteris
597 2762 798 2837 catholicum,
829 2762 913 2823 ouius
951 2780 1053 2821 rursus

126 2847 276 2926 dogmata
298 2845 408 2905 eodem
438 2865 492 2906 ore
526 2845 654 2905 damnus
682 2844 859 2905 haeretios?
902 2843 948 2905 Tu
978 2863 1053 2924 ergo

127 2931 174 2989 vir
192 2929 244 2988 ille
267 2948 317 3007 es,
341 2930 391 3007 qui
413 2927 496 3007 apud
517 2927 664 2989 Iuoobum
687 2949 726 2987 ex
747 2927 858 2990 eodem
880 2927 965 2986 fonte
991 2946 1080 2987 mn·-

125 3020 182 3073 net
202 3031 338 3072 amarum
361 3019 394 3071 et
416 3011 513 3071 dulus.
557 3011 665 3091 Neque
693 3013 774 3073 enim
805 3011 975 3073 verisimile
996 3017 1052 3088 est,

127 3105 190 3155 tsm
221 3094 335 3155 deliros
363 3113 432 3153 esse
455 3094 625 3174 Bohemos,
655 3102 688 3155 ut
717 3115 772 3175 pro
802 3113 852 3154 ms
880 3113 968 3154 orere
999 3112 1051 3155 vo-

128 3179 241 3240 luerint
268 3178 299 3237 in
327 3177 418 3238 eiiam
449 3196 584 3255 oausam,
612 3180 670 3237 nisi
698 3197 789 3258 quam
812 3188 885 3238 tuno
913 3175 1054 3256 agebam,

128 3281 188 3323 nee
209 3269 242 3320 tu
264 3260 303 3321 de
325 3261 386 3319 ulie
408 3261 561 3338 loqueris,
583 3279 684 3340 neque
707 3269 795 3321 erant
819 3268 880 3320 tum
903 3259 1054 3323 obscurae

127 3344 358 3425 propositiones
382 3362 485 3420 mene,
513 3350 547 3402 ut
566 3346 666 3423 putori
695 3346 794 3423 possit
814 3363 918 3404 earum
943 3362 1051 3405 sensus
1162 3371 1164 3377 ·

128 3429 175 3491 eie
197 3447 259 3487 uon
281 3427 375 3487 fuisse
397 3426 587 3502 intelleet0s‚
619 3427 742 3506 quando
766 3447 820 3487 eos
844 3427 944 3506 potuit
966 3425 1052 3486 intel·

128 3512 227 3591 ligere
249 3515 351 3570 vester
371 3509 505 3573 Rubeus.

138 3652 141 3657 .
212 3592 357 3668 Proinde,
379 3593 420 3650 mi
441 3591 579 3668 Ruii'me,
607 3592 641 3653 id
666 3593 748 3671 quod
773 3591 933 3672 eogitabss
957 3600 988 3652 et
1010 3592 1053 3655 in·

207 3785 238 3843 1)
259 3783 289 3835 ln
310 3783 352 3837 ed.
373 3783 457 3852 orig.:
480 3782 602 3835 Habeon.
