<?xml version="1.0" encoding="UTF-8"?>
<!DOCTYPE html PUBLIC "-//W3C//DTD XHTML 1.0 Transitional//EN"
    "http://www.w3.org/TR/xhtml1/DTD/xhtml1-transitional.dtd">
<html xmlns="http://www.w3.org/1999/xhtml" xml:lang="en" lang="en">
 <head>
  <title>
</title>
<meta http-equiv="Content-Type" content="text/html;charset=utf-8" />
  <meta name='ocr-system' content='tesseract 3.04.00' />
  <meta name='ocr-capabilities' content='ocr_page ocr_carea ocr_par ocr_line ocrx_word'/>
</head>
<body>
  <div class='ocr_page' id='page_1' title='image "./dmartinilutheri04luthgoog_0322.png"; bbox 0 0 2346 4208; ppageno 0'>
   <div class='ocr_carea' id='block_1_1' title="bbox 369 274 1032 349">
    <p class='ocr_par' dir='ltr' id='par_1_1' title="bbox 369 274 1032 349">
     <span class='ocr_line' id='line_1_1' title="bbox 369 274 1032 349; baseline -0.003 -16"><span class='ocrx_word' id='word_1_1' title='bbox 369 276 440 333; x_wconf 78' lang='lat' dir='ltr'><strong>m</strong></span> <span class='ocrx_word' id='word_1_2' title='bbox 457 276 493 333; x_wconf 81' lang='lat' dir='ltr'><strong>rle</strong></span> <span class='ocrx_word' id='word_1_3' title='bbox 509 280 649 349; x_wconf 63' lang='lat' dir='ltr'><strong>potentem</strong></span> <span class='ocrx_word' id='word_1_4' title='bbox 667 279 767 347; x_wconf 71' lang='lat' dir='ltr'><strong>Pepea</strong></span> <span class='ocrx_word' id='word_1_5' title='bbox 970 274 1032 341; x_wconf 75' lang='lat'><strong>311</strong></span> 
     </span>
    </p>
   </div>
   <div class='ocr_carea' id='block_1_2' title="bbox 114 460 1041 3699">
    <p class='ocr_par' dir='ltr' id='par_1_2' title="bbox 114 460 1035 2288">
     <span class='ocr_line' id='line_1_2' title="bbox 191 460 1032 544; baseline 0.004 -21"><span class='ocrx_word' id='word_1_6' title='bbox 191 460 307 524; x_wconf 79' lang='lat' dir='ltr'><strong>Adhuc</strong></span> <span class='ocrx_word' id='word_1_7' title='bbox 338 482 432 525; x_wconf 88' lang='lat' dir='ltr'><strong>unum</strong></span> <span class='ocrx_word' id='word_1_8' title='bbox 467 463 583 543; x_wconf 87' lang='lat' dir='ltr'><strong>dicam,</strong></span> <span class='ocrx_word' id='word_1_9' title='bbox 618 470 650 525; x_wconf 87' lang='lat' dir='ltr'><strong>et</strong></span> <span class='ocrx_word' id='word_1_10' title='bbox 688 470 757 526; x_wconf 87' lang='lat' dir='ltr'><strong>utar</strong></span> <span class='ocrx_word' id='word_1_11' title='bbox 778 463 912 544; x_wconf 74' lang='lat' dir='ltr'><strong>apostoli</strong></span> <span class='ocrx_word' id='word_1_12' title='bbox 945 462 1032 526; x_wconf 89' lang='lat' dir='ltr'><strong>Pauli</strong></span> 
     </span>
     <span class='ocr_line' id='line_1_3' title="bbox 114 547 1034 628; baseline 0.002 -21"><span class='ocrx_word' id='word_1_13' title='bbox 114 552 312 627; x_wconf 69' lang='lat' dir='ltr'><strong>argumento,</strong></span> <span class='ocrx_word' id='word_1_14' title='bbox 345 548 437 610; x_wconf 85' lang='lat' dir='ltr'><strong>Rom.</strong></span> <span class='ocrx_word' id='word_1_15' title='bbox 459 548 494 628; x_wconf 76' lang='lat'><strong>4,</strong></span> <span class='ocrx_word' id='word_1_16' title='bbox 518 547 570 609; x_wconf 93' lang='lat' dir='ltr'><strong>ubi</strong></span> <span class='ocrx_word' id='word_1_17' title='bbox 596 547 709 628; x_wconf 92' lang='lat' dir='ltr'><strong>probat</strong></span> <span class='ocrx_word' id='word_1_18' title='bbox 735 568 773 608; x_wconf 84' lang='lat' dir='ltr'><strong>ex</strong></span> <span class='ocrx_word' id='word_1_19' title='bbox 805 548 1034 609; x_wconf 83' lang='lat' dir='ltr'><strong>circumstantia</strong></span> 
     </span>
     <span class='ocr_line' id='line_1_4' title="bbox 114 630 1032 709; baseline 0.004 -21"><span class='ocrx_word' id='word_1_20' title='bbox 114 631 258 709; x_wconf 85' lang='lat' dir='ltr'><strong>temporie</strong></span> <span class='ocrx_word' id='word_1_21' title='bbox 274 636 307 691; x_wconf 91' lang='lat' dir='ltr'><strong>et</strong></span> <span class='ocrx_word' id='word_1_22' title='bbox 317 631 400 709; x_wconf 83' lang='lat' dir='ltr'><strong>facti,</strong></span> <span class='ocrx_word' id='word_1_23' title='bbox 424 630 579 693; x_wconf 82' lang='lat' dir='ltr'><strong>Abraham</strong></span> <span class='ocrx_word' id='word_1_24' title='bbox 591 650 655 692; x_wconf 92' lang='lat' dir='ltr'><strong>uon</strong></span> <span class='ocrx_word' id='word_1_25' title='bbox 668 650 708 691; x_wconf 90' lang='lat' dir='ltr'><strong>ex</strong></span> <span class='ocrx_word' id='word_1_26' title='bbox 722 631 964 709; x_wconf 74' lang='lat' dir='ltr'><strong>circumcisione,</strong></span> <span class='ocrx_word' id='word_1_27' title='bbox 978 632 1032 692; x_wconf 84' lang='lat' dir='ltr'><strong>aed</strong></span> 
     </span>
     <span class='ocr_line' id='line_1_5' title="bbox 117 710 1033 793; baseline 0.003 -22"><span class='ocrx_word' id='word_1_28' title='bbox 117 730 152 771; x_wconf 83' lang='lat' dir='ltr'><strong>cx</strong></span> <span class='ocrx_word' id='word_1_29' title='bbox 177 710 243 773; x_wconf 84' lang='lat' dir='ltr'><strong>ilde</strong></span> <span class='ocrx_word' id='word_1_30' title='bbox 264 714 480 791; x_wconf 79' lang='lat' dir='ltr'><strong>iustificatum,</strong></span> <span class='ocrx_word' id='word_1_31' title='bbox 501 714 587 774; x_wconf 83' lang='lat' dir='ltr'><strong>nulle</strong></span> <span class='ocrx_word' id='word_1_32' title='bbox 607 715 669 774; x_wconf 84' lang='lat' dir='ltr'><strong>alic</strong></span> <span class='ocrx_word' id='word_1_33' title='bbox 689 716 809 775; x_wconf 89' lang='lat' dir='ltr'><strong>ratione</strong></span> <span class='ocrx_word' id='word_1_34' title='bbox 831 733 919 793; x_wconf 85' lang='lat' dir='ltr'><strong>neus,</strong></span> <span class='ocrx_word' id='word_1_35' title='bbox 942 732 1033 793; x_wconf 87' lang='lat' dir='ltr'><strong>quem</strong></span> 
     </span>
     <span class='ocr_line' id='line_1_6' title="bbox 115 794 1033 877; baseline -0.001 -20"><span class='ocrx_word' id='word_1_36' title='bbox 115 794 192 875; x_wconf 75' lang='lat' dir='ltr'><strong>qnod</strong></span> <span class='ocrx_word' id='word_1_37' title='bbox 199 794 362 858; x_wconf 73' lang='lat' dir='ltr'><strong>Abraham</strong></span> <span class='ocrx_word' id='word_1_38' title='bbox 377 805 449 858; x_wconf 80' lang='lat' dir='ltr'><strong>ante</strong></span> <span class='ocrx_word' id='word_1_39' title='bbox 457 816 721 859; x_wconf 75' lang='lat' dir='ltr'><strong>circumcisionem</strong></span> <span class='ocrx_word' id='word_1_40' title='bbox 740 798 849 858; x_wconf 86' lang='lat' dir='ltr'><strong>fuerit</strong></span> <span class='ocrx_word' id='word_1_41' title='bbox 840 804 937 856; x_wconf 84' lang='lat' dir='ltr'><strong>metue</strong></span> <span class='ocrx_word' id='word_1_42' title='bbox 951 797 1033 877; x_wconf 87' lang='lat' dir='ltr'><strong>apud</strong></span> 
     </span>
     <span class='ocr_line' id='line_1_7' title="bbox 115 876 1034 976; baseline 0.002 -37"><span class='ocrx_word' id='word_1_43' title='bbox 115 876 208 939; x_wconf 83' lang='lat' dir='ltr'><strong>llenm</strong></span> <span class='ocrx_word' id='word_1_44' title='bbox 239 898 298 959; x_wconf 88' lang='lat' dir='ltr'><strong>per</strong></span> <span class='ocrx_word' id='word_1_45' title='bbox 318 878 422 941; x_wconf 87' lang='lat' dir='ltr'><strong>fldem.</strong></span> <span class='ocrx_word' id='word_1_46' title='bbox 467 880 499 942; x_wconf 79' lang='lat' dir='ltr'><strong>Si</strong></span> <span class='ocrx_word' id='word_1_47' title='bbox 527 880 589 941; x_wconf 91' lang='lat' dir='ltr'><strong>hoc</strong></span> <span class='ocrx_word' id='word_1_48' title='bbox 621 881 685 941; x_wconf 82' lang='lat' dir='ltr'><strong>eius</strong></span> <span class='ocrx_word' id='word_1_49' title='bbox 707 885 919 976; x_wconf 77' lang='lat' dir='ltr'><strong>argumentum</strong></span> <span class='ocrx_word' id='word_1_50' title='bbox 941 880 1034 957; x_wconf 84' lang='lat' dir='ltr'><strong>valet,</strong></span> 
     </span>
     <span class='ocr_line' id='line_1_8' title="bbox 115 962 1034 1041; baseline 0 -18"><span class='ocrx_word' id='word_1_51' title='bbox 115 962 188 1023; x_wconf 80' lang='lat' dir='ltr'><strong>unut</strong></span> <span class='ocrx_word' id='word_1_52' title='bbox 209 979 344 1024; x_wconf 77' lang='lat' dir='ltr'><strong>necesse</strong></span> <span class='ocrx_word' id='word_1_53' title='bbox 365 970 413 1024; x_wconf 82' lang='lat' dir='ltr'><strong>est</strong></span> <span class='ocrx_word' id='word_1_54' title='bbox 444 964 566 1041; x_wconf 85' lang='lat' dir='ltr'><strong>valere,</strong></span> <span class='ocrx_word' id='word_1_55' title='bbox 602 982 731 1025; x_wconf 73' lang='lat' dir='ltr'><strong>necesse</strong></span> <span class='ocrx_word' id='word_1_56' title='bbox 762 964 873 1024; x_wconf 77' lang='lat' dir='ltr'><strong>enitet</strong></span> <span class='ocrx_word' id='word_1_57' title='bbox 860 963 955 1023; x_wconf 87' lang='lat' dir='ltr'><strong>thoc</strong></span> <span class='ocrx_word' id='word_1_58' title='bbox 983 982 1034 1023; x_wconf 85' lang='lat' dir='ltr'><strong>va·</strong></span> 
     </span>
     <span class='ocr_line' id='line_1_9' title="bbox 114 1042 1034 1127; baseline 0.004 -24"><span class='ocrx_word' id='word_1_59' title='bbox 114 1042 183 1123; x_wconf 85' lang='lat' dir='ltr'><strong>lare,</strong></span> <span class='ocrx_word' id='word_1_60' title='bbox 206 1044 292 1125; x_wconf 85' lang='lat' dir='ltr'><strong>quod</strong></span> <span class='ocrx_word' id='word_1_61' title='bbox 315 1065 399 1108; x_wconf 89' lang='lat' dir='ltr'><strong>nunc</strong></span> <span class='ocrx_word' id='word_1_62' title='bbox 420 1046 591 1127; x_wconf 89' lang='lat' dir='ltr'><strong>prcducc&#39;</strong></span> <span class='ocrx_word' id='word_1_63' title='bbox 584 1066 613 1106; x_wconf 92' lang='lat' dir='ltr'><strong>m</strong></span> <span class='ocrx_word' id='word_1_64' title='bbox 636 1047 718 1107; x_wconf 91' lang='lat' dir='ltr'><strong>hunc</strong></span> <span class='ocrx_word' id='word_1_65' title='bbox 741 1045 880 1107; x_wconf 87' lang='lat' dir='ltr'><strong>modum:</strong></span> <span class='ocrx_word' id='word_1_66' title='bbox 916 1046 1034 1123; x_wconf 82' lang='lat' dir='ltr'><strong>Petrus,</strong></span> 
     </span>
     <span class='ocr_line' id='line_1_10' title="bbox 115 1127 1033 1211; baseline 0 -22"><span class='ocrx_word' id='word_1_67' title='bbox 115 1127 237 1209; x_wconf 71' lang='lat' dir='ltr'><strong>quondo</strong></span> <span class='ocrx_word' id='word_1_68' title='bbox 260 1128 367 1191; x_wconf 80' lang='lat' dir='ltr'><strong>clavae</strong></span> <span class='ocrx_word' id='word_1_69' title='bbox 390 1131 512 1211; x_wconf 88' lang='lat' dir='ltr'><strong>accepit</strong></span> <span class='ocrx_word' id='word_1_70' title='bbox 532 1149 552 1190; x_wconf 91' lang='lat' dir='ltr'><strong>a</strong></span> <span class='ocrx_word' id='word_1_71' title='bbox 565 1129 687 1190; x_wconf 78' lang='lat' dir='ltr'><strong>Christo</strong></span> <span class='ocrx_word' id='word_1_72' title='bbox 714 1132 756 1199; x_wconf 80' lang='lat' dir='ltr'><strong>(ni</strong></span> <span class='ocrx_word' id='word_1_73' title='bbox 778 1130 906 1190; x_wconf 90' lang='lat' dir='ltr'><strong>omuino</strong></span> <span class='ocrx_word' id='word_1_74' title='bbox 929 1148 1033 1208; x_wconf 86' lang='lat' dir='ltr'><strong>persc-</strong></span> 
     </span>
     <span class='ocr_line' id='line_1_11' title="bbox 114 1211 1035 1292; baseline -0.002 -19"><span class='ocrx_word' id='word_1_75' title='bbox 114 1228 179 1273; x_wconf 85' lang='lat' dir='ltr'><strong>nam</strong></span> <span class='ocrx_word' id='word_1_76' title='bbox 204 1212 274 1272; x_wconf 83' lang='lat' dir='ltr'><strong>ciue</strong></span> <span class='ocrx_word' id='word_1_77' title='bbox 295 1213 397 1273; x_wconf 83' lang='lat' dir='ltr'><strong>solam</strong></span> <span class='ocrx_word' id='word_1_78' title='bbox 421 1212 583 1274; x_wconf 83' lang='lat' dir='ltr'><strong>contendis</strong></span> <span class='ocrx_word' id='word_1_79' title='bbox 607 1214 780 1292; x_wconf 82' lang='lat' dir='ltr'><strong>occipere),</strong></span> <span class='ocrx_word' id='word_1_80' title='bbox 802 1211 939 1273; x_wconf 91' lang='lat' dir='ltr'><strong>nondum</strong></span> <span class='ocrx_word' id='word_1_81' title='bbox 969 1219 1035 1273; x_wconf 84' lang='lat' dir='ltr'><strong>emt</strong></span> 
     </span>
     <span class='ocr_line' id='line_1_12' title="bbox 116 1294 1034 1393; baseline -0.001 -38"><span class='ocrx_word' id='word_1_82' title='bbox 116 1294 279 1393; x_wconf 76' lang='lat' dir='ltr'><strong>epiecopus</strong></span> <span class='ocrx_word' id='word_1_83' title='bbox 301 1295 384 1357; x_wconf 79' lang='lat' dir='ltr'><strong>urbis</strong></span> <span class='ocrx_word' id='word_1_84' title='bbox 406 1296 527 1357; x_wconf 87' lang='lat' dir='ltr'><strong>Romae</strong></span> <span class='ocrx_word' id='word_1_85' title='bbox 551 1296 632 1367; x_wconf 87' lang='lat' dir='ltr'><strong>(imo</strong></span> <span class='ocrx_word' id='word_1_86' title='bbox 654 1296 779 1375; x_wconf 83' lang='lat' dir='ltr'><strong>proprie</strong></span> <span class='ocrx_word' id='word_1_87' title='bbox 800 1313 956 1373; x_wconf 92' lang='lat' dir='ltr'><strong>nunquam</strong></span> <span class='ocrx_word' id='word_1_88' title='bbox 978 1295 1034 1355; x_wconf 87' lang='lat' dir='ltr'><strong>luit</strong></span> 
     </span>
     <span class='ocr_line' id='line_1_13' title="bbox 117 1374 1033 1520; baseline -0.002 -81"><span class='ocrx_word' id='word_1_89' title='bbox 117 1376 279 1459; x_wconf 77' lang='lat' dir='ltr'><strong>episcopua</strong></span> <span class='ocrx_word' id='word_1_90' title='bbox 293 1378 386 1439; x_wconf 72' lang='lat' dir='ltr'><strong>ullius</strong></span> <span class='ocrx_word' id='word_1_91' title='bbox 399 1374 545 1457; x_wconf 79' lang='lat' dir='ltr'><strong>civitatis,</strong></span> <span class='ocrx_word' id='word_1_92' title='bbox 560 1376 616 1438; x_wconf 80' lang='lat' dir='ltr'><strong>sed</strong></span> <span class='ocrx_word' id='word_1_93' title='bbox 625 1379 803 1475; x_wconf 36' lang='lat' dir='ltr'><strong>&#39;apostolum</strong></span> <span class='ocrx_word' id='word_1_94' title='bbox 818 1378 1033 1520; x_wconf 78' lang='lat' dir='ltr'><strong>episcoporum</strong></span> 
     </span>
     <span class='ocr_line' id='line_1_14' title="bbox 116 1460 1034 1543; baseline 0.001 -22"><span class='ocrx_word' id='word_1_95' title='bbox 116 1461 278 1539; x_wconf 68' lang='lat' dir='ltr'><strong>institutor,</strong></span> <span class='ocrx_word' id='word_1_96' title='bbox 302 1462 401 1523; x_wconf 89' lang='lat' dir='ltr'><strong>maior</strong></span> <span class='ocrx_word' id='word_1_97' title='bbox 421 1462 563 1524; x_wconf 80' lang='lat' dir='ltr'><strong>omnibus</strong></span> <span class='ocrx_word' id='word_1_98' title='bbox 583 1462 768 1543; x_wconf 81' lang='lat' dir='ltr'><strong>episcopis),</strong></span> <span class='ocrx_word' id='word_1_99' title='bbox 792 1460 846 1519; x_wconf 87' lang='lat' dir='ltr'><strong>eed</strong></span> <span class='ocrx_word' id='word_1_100' title='bbox 870 1467 936 1521; x_wconf 85' lang='lat' dir='ltr'><strong>erat</strong></span> <span class='ocrx_word' id='word_1_101' title='bbox 957 1481 1034 1522; x_wconf 79' lang='lat' dir='ltr'><strong>unns</strong></span> 
     </span>
     <span class='ocr_line' id='line_1_15' title="bbox 116 1542 1034 1625; baseline 0.001 -21"><span class='ocrx_word' id='word_1_102' title='bbox 116 1542 190 1605; x_wconf 85' lang='lat' dir='ltr'><strong>inter</strong></span> <span class='ocrx_word' id='word_1_103' title='bbox 212 1544 387 1624; x_wconf 79' lang='lat' dir='ltr'><strong>apostolos.</strong></span> <span class='ocrx_word' id='word_1_104' title='bbox 430 1544 513 1625; x_wconf 80' lang='lat' dir='ltr'><strong>Ergo</strong></span> <span class='ocrx_word' id='word_1_105' title='bbox 539 1544 642 1604; x_wconf 85' lang='lat' dir='ltr'><strong>clavee</strong></span> <span class='ocrx_word' id='word_1_106' title='bbox 676 1562 738 1604; x_wconf 93' lang='lat' dir='ltr'><strong>uon</strong></span> <span class='ocrx_word' id='word_1_107' title='bbox 762 1548 834 1603; x_wconf 85' lang='lat' dir='ltr'><strong>eunt</strong></span> <span class='ocrx_word' id='word_1_108' title='bbox 869 1542 897 1602; x_wconf 91' lang='lat' dir='ltr'><strong>ei</strong></span> <span class='ocrx_word' id='word_1_109' title='bbox 933 1543 1034 1624; x_wconf 81' lang='lat' dir='ltr'><strong>datae,</strong></span> 
     </span>
     <span class='ocr_line' id='line_1_16' title="bbox 118 1625 1034 1707; baseline 0 -20"><span class='ocrx_word' id='word_1_110' title='bbox 118 1625 281 1688; x_wconf 75' lang='lat' dir='ltr'><strong>iocundum</strong></span> <span class='ocrx_word' id='word_1_111' title='bbox 304 1627 388 1707; x_wconf 87' lang='lat' dir='ltr'><strong>quod</strong></span> <span class='ocrx_word' id='word_1_112' title='bbox 409 1646 467 1707; x_wconf 87' lang='lat' dir='ltr'><strong>poe</strong></span> <span class='ocrx_word' id='word_1_113' title='bbox 470 1636 522 1687; x_wconf 87' lang='lat' dir='ltr'><strong>tea</strong></span> <span class='ocrx_word' id='word_1_114' title='bbox 546 1626 597 1686; x_wconf 92' lang='lat' dir='ltr'><strong>vel</strong></span> <span class='ocrx_word' id='word_1_115' title='bbox 624 1627 722 1686; x_wconf 83' lang='lat' dir='ltr'><strong>iectus</strong></span> <span class='ocrx_word' id='word_1_116' title='bbox 750 1626 801 1686; x_wconf 90' lang='lat' dir='ltr'><strong>vel</strong></span> <span class='ocrx_word' id='word_1_117' title='bbox 823 1632 955 1686; x_wconf 81' lang='lat' dir='ltr'><strong>mutatus</strong></span> <span class='ocrx_word' id='word_1_118' title='bbox 978 1634 1034 1701; x_wconf 78' lang='lat' dir='ltr'><strong>eet,</strong></span> 
     </span>
     <span class='ocr_line' id='line_1_17' title="bbox 118 1708 1035 1787; baseline 0 -18"><span class='ocrx_word' id='word_1_119' title='bbox 118 1708 161 1769; x_wconf 83' lang='lat' dir='ltr'><strong>vel</strong></span> <span class='ocrx_word' id='word_1_120' title='bbox 180 1712 255 1771; x_wconf 93' lang='lat' dir='ltr'><strong>loco</strong></span> <span class='ocrx_word' id='word_1_121' title='bbox 277 1710 330 1771; x_wconf 84' lang='lat' dir='ltr'><strong>vel</strong></span> <span class='ocrx_word' id='word_1_122' title='bbox 351 1709 472 1787; x_wconf 74' lang='lat' dir='ltr'><strong>officio,</strong></span> <span class='ocrx_word' id='word_1_123' title='bbox 502 1710 581 1770; x_wconf 81' lang='lat' dir='ltr'><strong>sicut</strong></span> <span class='ocrx_word' id='word_1_124' title='bbox 601 1708 746 1771; x_wconf 88' lang='lat' dir='ltr'><strong>Abrahae</strong></span> <span class='ocrx_word' id='word_1_125' title='bbox 766 1727 829 1769; x_wconf 90' lang='lat' dir='ltr'><strong>non</strong></span> <span class='ocrx_word' id='word_1_126' title='bbox 853 1715 900 1770; x_wconf 89' lang='lat' dir='ltr'><strong>est</strong></span> <span class='ocrx_word' id='word_1_127' title='bbox 920 1711 1035 1769; x_wconf 87' lang='lat' dir='ltr'><strong>iustitia</strong></span> 
     </span>
     <span class='ocr_line' id='line_1_18' title="bbox 118 1791 1033 1873; baseline 0 -21"><span class='ocrx_word' id='word_1_128' title='bbox 118 1799 270 1873; x_wconf 79' lang='lat' dir='ltr'><strong>reputata,</strong></span> <span class='ocrx_word' id='word_1_129' title='bbox 298 1793 518 1872; x_wconf 78' lang='lat' dir='ltr'><strong>qualiscunque</strong></span> <span class='ocrx_word' id='word_1_130' title='bbox 550 1800 624 1873; x_wconf 83' lang='lat' dir='ltr'><strong>poet</strong></span> <span class='ocrx_word' id='word_1_131' title='bbox 644 1791 737 1852; x_wconf 84' lang='lat' dir='ltr'><strong>fidem</strong></span> <span class='ocrx_word' id='word_1_132' title='bbox 759 1792 858 1851; x_wconf 82' lang='lat' dir='ltr'><strong>factus</strong></span> <span class='ocrx_word' id='word_1_133' title='bbox 881 1798 946 1851; x_wconf 82' lang='lat' dir='ltr'><strong>est:</strong></span> <span class='ocrx_word' id='word_1_134' title='bbox 980 1792 1033 1852; x_wconf 86' lang='lat' dir='ltr'><strong>sed</strong></span> 
     </span>
     <span class='ocr_line' id='line_1_19' title="bbox 119 1875 1034 1956; baseline -0.001 -20"><span class='ocrx_word' id='word_1_135' title='bbox 119 1883 202 1953; x_wconf 89' lang='lat' dir='ltr'><strong>prout</strong></span> <span class='ocrx_word' id='word_1_136' title='bbox 221 1876 282 1936; x_wconf 89' lang='lat' dir='ltr'><strong>suit</strong></span> <span class='ocrx_word' id='word_1_137' title='bbox 302 1876 463 1956; x_wconf 76' lang='lat' dir='ltr'><strong>apostolus</strong></span> <span class='ocrx_word' id='word_1_138' title='bbox 485 1882 617 1953; x_wconf 86' lang='lat' dir='ltr'><strong>tantum,</strong></span> <span class='ocrx_word' id='word_1_139' title='bbox 654 1882 685 1935; x_wconf 90' lang='lat' dir='ltr'><strong>et</strong></span> <span class='ocrx_word' id='word_1_140' title='bbox 712 1876 893 1955; x_wconf 77' lang='lat' dir='ltr'><strong>praesertim</strong></span> <span class='ocrx_word' id='word_1_141' title='bbox 917 1875 1034 1936; x_wconf 79' lang='lat' dir='ltr'><strong>liabens</strong></span> 
     </span>
     <span class='ocr_line' id='line_1_20' title="bbox 119 1956 1034 2038; baseline 0 -20"><span class='ocrx_word' id='word_1_142' title='bbox 119 1956 207 2019; x_wconf 81' lang='lat' dir='ltr'><strong>Patrio</strong></span> <span class='ocrx_word' id='word_1_143' title='bbox 229 1959 469 2036; x_wconf 77' lang='lat' dir='ltr'><strong>revelationem,</strong></span> <span class='ocrx_word' id='word_1_144' title='bbox 502 1977 597 2038; x_wconf 88' lang='lat' dir='ltr'><strong>quare</strong></span> <span class='ocrx_word' id='word_1_145' title='bbox 619 1977 729 2038; x_wconf 86' lang='lat' dir='ltr'><strong>proeua</strong></span> <span class='ocrx_word' id='word_1_146' title='bbox 753 1957 828 2017; x_wconf 89' lang='lat' dir='ltr'><strong>nihil</strong></span> <span class='ocrx_word' id='word_1_147' title='bbox 849 1957 928 2018; x_wconf 89' lang='lat' dir='ltr'><strong>haec</strong></span> <span class='ocrx_word' id='word_1_148' title='bbox 949 1965 1034 2018; x_wconf 84' lang='lat' dir='ltr'><strong>nuto-</strong></span> 
     </span>
     <span class='ocr_line' id='line_1_21' title="bbox 119 2040 1033 2122; baseline 0.001 -22"><span class='ocrx_word' id='word_1_149' title='bbox 119 2040 183 2102; x_wconf 82' lang='lat' dir='ltr'><strong>ritce</strong></span> <span class='ocrx_word' id='word_1_150' title='bbox 206 2042 246 2102; x_wconf 92' lang='lat' dir='ltr'><strong>ad</strong></span> <span class='ocrx_word' id='word_1_151' title='bbox 269 2042 443 2103; x_wconf 88' lang='lat' dir='ltr'><strong>Romanum</strong></span> <span class='ocrx_word' id='word_1_152' title='bbox 464 2040 643 2122; x_wconf 81' lang='lat' dir='ltr'><strong>pontificem</strong></span> <span class='ocrx_word' id='word_1_153' title='bbox 665 2042 807 2121; x_wconf 73' lang='lat' dir='ltr'><strong>pertinet,</strong></span> <span class='ocrx_word' id='word_1_154' title='bbox 831 2042 952 2103; x_wconf 83' lang='lat' dir='ltr'><strong>etiomai</strong></span> <span class='ocrx_word' id='word_1_155' title='bbox 976 2042 1033 2102; x_wconf 87' lang='lat' dir='ltr'><strong>soli</strong></span> 
     </span>
     <span class='ocr_line' id='line_1_22' title="bbox 120 2122 1034 2204; baseline 0.002 -21"><span class='ocrx_word' id='word_1_156' title='bbox 120 2122 200 2186; x_wconf 85' lang='lat' dir='ltr'><strong>Petro</strong></span> <span class='ocrx_word' id='word_1_157' title='bbox 223 2124 307 2185; x_wconf 89' lang='lat' dir='ltr'><strong>dicta</strong></span> <span class='ocrx_word' id='word_1_158' title='bbox 337 2125 462 2203; x_wconf 81' lang='lat' dir='ltr'><strong>fuisset,</strong></span> <span class='ocrx_word' id='word_1_159' title='bbox 500 2131 614 2204; x_wconf 91' lang='lat' dir='ltr'><strong>quanto</strong></span> <span class='ocrx_word' id='word_1_160' title='bbox 651 2143 733 2190; x_wconf 85' lang='lat' dir='ltr'><strong>nunc</strong></span> <span class='ocrx_word' id='word_1_161' title='bbox 767 2125 1034 2203; x_wconf 74' lang='lat' dir='ltr'><strong>miuue&#39;pertinet,</strong></span> 
     </span>
     <span class='ocr_line' id='line_1_23' title="bbox 120 2207 1032 2288; baseline 0.001 -22"><span class='ocrx_word' id='word_1_162' title='bbox 120 2207 234 2286; x_wconf 83' lang='lat' dir='ltr'><strong>quando</strong></span> <span class='ocrx_word' id='word_1_163' title='bbox 266 2226 325 2268; x_wconf 91' lang='lat' dir='ltr'><strong>uec</strong></span> <span class='ocrx_word' id='word_1_164' title='bbox 355 2207 414 2268; x_wconf 85' lang='lat' dir='ltr'><strong>soli</strong></span> <span class='ocrx_word' id='word_1_165' title='bbox 437 2208 519 2267; x_wconf 89' lang='lat' dir='ltr'><strong>Petri</strong></span> <span class='ocrx_word' id='word_1_166' title='bbox 546 2227 701 2288; x_wconf 83' lang='lat' dir='ltr'><strong>personae</strong></span> <span class='ocrx_word' id='word_1_167' title='bbox 728 2207 810 2267; x_wconf 84' lang='lat' dir='ltr'><strong>dicta</strong></span> <span class='ocrx_word' id='word_1_168' title='bbox 832 2209 1032 2268; x_wconf 87' lang='lat' dir='ltr'><strong>convincitur.</strong></span> 
     </span>
    </p>

    <p class='ocr_par' dir='ltr' id='par_1_3' title="bbox 116 2288 1041 3699">
     <span class='ocr_line' id='line_1_24' title="bbox 193 2288 1033 2371; baseline 0 -20"><span class='ocrx_word' id='word_1_169' title='bbox 193 2288 288 2351; x_wconf 86' lang='lat' dir='ltr'>Addo</span> <span class='ocrx_word' id='word_1_170' title='bbox 322 2290 489 2371; x_wconf 80' lang='lat' dir='ltr'><strong>et-illud1)</strong></span> <span class='ocrx_word' id='word_1_171' title='bbox 514 2291 621 2350; x_wconf 83' lang='lat' dir='ltr'><strong>similis</strong></span> <span class='ocrx_word' id='word_1_172' title='bbox 653 2291 771 2350; x_wconf 80' lang='lat' dir='ltr'><strong>formae</strong></span> <span class='ocrx_word' id='word_1_173' title='bbox 810 2298 1033 2371; x_wconf 79' lang='lat' dir='ltr'><strong>argumentum,</strong></span> 
     </span>
     <span class='ocr_line' id='line_1_25' title="bbox 119 2373 1035 2451; baseline -0.001 -17"><span class='ocrx_word' id='word_1_174' title='bbox 119 2390 172 2451; x_wconf 77' lang='lat' dir='ltr'><strong>quo</strong></span> <span class='ocrx_word' id='word_1_175' title='bbox 184 2374 298 2434; x_wconf 81' lang='lat' dir='ltr'><strong>Paulus</strong></span> <span class='ocrx_word' id='word_1_176' title='bbox 306 2374 396 2433; x_wconf 91' lang='lat' dir='ltr'><strong>Rom.</strong></span> <span class='ocrx_word' id='word_1_177' title='bbox 408 2375 437 2436; x_wconf 79' lang='lat' dir='ltr'><strong>l.</strong></span> <span class='ocrx_word' id='word_1_178' title='bbox 450 2382 508 2434; x_wconf 87' lang='lat' dir='ltr'><strong>ete.</strong></span> <span class='ocrx_word' id='word_1_179' title='bbox 520 2380 550 2434; x_wconf 89' lang='lat' dir='ltr'><strong>et</strong></span> <span class='ocrx_word' id='word_1_180' title='bbox 559 2374 627 2435; x_wconf 84' lang='lat' dir='ltr'><strong>Gal.</strong></span> <span class='ocrx_word' id='word_1_181' title='bbox 651 2376 678 2437; x_wconf 87' lang='grc'><strong>3.</strong></span> <span class='ocrx_word' id='word_1_182' title='bbox 690 2375 791 2448; x_wconf 65' lang='lat' dir='ltr'><strong>utitur,</strong></span> <span class='ocrx_word' id='word_1_183' title='bbox 802 2373 921 2433; x_wconf 84' lang='lat' dir='ltr'><strong>diceus:</strong></span> <span class='ocrx_word' id='word_1_184' title='bbox 945 2374 1035 2448; x_wconf 81' lang='lat' dir='ltr'><strong>Quod</strong></span> 
     </span>
     <span class='ocr_line' id='line_1_26' title="bbox 121 2456 1037 2537; baseline 0.002 -22"><span class='ocrx_word' id='word_1_185' title='bbox 121 2456 192 2517; x_wconf 73' lang='lat' dir='ltr'><strong>ucut</strong></span> <span class='ocrx_word' id='word_1_186' title='bbox 212 2456 360 2517; x_wconf 79' lang='lat' dir='ltr'><strong>Abrahae</strong></span> <span class='ocrx_word' id='word_1_187' title='bbox 382 2477 420 2516; x_wconf 88' lang='lat' dir='ltr'><strong>ex</strong></span> <span class='ocrx_word' id='word_1_188' title='bbox 444 2456 504 2517; x_wconf 86' lang='lat' dir='ltr'><strong>lide</strong></span> <span class='ocrx_word' id='word_1_189' title='bbox 531 2462 673 2537; x_wconf 86' lang='lat' dir='ltr'><strong>reputata</strong></span> <span class='ocrx_word' id='word_1_190' title='bbox 706 2464 754 2516; x_wconf 86' lang='lat' dir='ltr'><strong>eet</strong></span> <span class='ocrx_word' id='word_1_191' title='bbox 775 2457 903 2533; x_wconf 75' lang='lat' dir='ltr'><strong>iustitia,</strong></span> <span class='ocrx_word' id='word_1_192' title='bbox 936 2459 980 2516; x_wconf 90' lang='lat' dir='ltr'><strong>ita</strong></span> <span class='ocrx_word' id='word_1_193' title='bbox 1007 2466 1037 2517; x_wconf 90' lang='lat' dir='ltr'><strong>et</strong></span> 
     </span>
     <span class='ocr_line' id='line_1_27' title="bbox 118 2537 1036 2619; baseline -0.002 -21"><span class='ocrx_word' id='word_1_194' title='bbox 118 2540 264 2618; x_wconf 79' lang='lat' dir='ltr'><strong>omnibus,</strong></span> <span class='ocrx_word' id='word_1_195' title='bbox 277 2540 329 2619; x_wconf 93' lang='lat' dir='ltr'><strong>qui</strong></span> <span class='ocrx_word' id='word_1_196' title='bbox 340 2539 476 2618; x_wconf 83' lang='lat' dir='ltr'><strong>credunt,</strong></span> <span class='ocrx_word' id='word_1_197' title='bbox 491 2538 810 2619; x_wconf 86' lang='lat' dir='ltr'><strong>reputabituriuetitia.</strong></span> <span class='ocrx_word' id='word_1_198' title='bbox 834 2537 935 2614; x_wconf 83' lang='lat' dir='ltr'><strong>Quoue</strong></span> <span class='ocrx_word' id='word_1_199' title='bbox 948 2548 979 2600; x_wconf 92' lang='lat' dir='ltr'><strong>et</strong></span> <span class='ocrx_word' id='word_1_200' title='bbox 990 2541 1036 2600; x_wconf 76' lang='lat' dir='ltr'><strong>hie</strong></span> 
     </span>
     <span class='ocr_line' id='line_1_28' title="bbox 118 2621 1036 2684; baseline 0 -3"><span class='ocrx_word' id='word_1_201' title='bbox 118 2621 192 2683; x_wconf 78' lang='lat' dir='ltr'><strong>nont</strong></span> <span class='ocrx_word' id='word_1_202' title='bbox 213 2622 305 2684; x_wconf 88' lang='lat' dir='ltr'><strong>Petro</strong></span> <span class='ocrx_word' id='word_1_203' title='bbox 329 2622 453 2682; x_wconf 83' lang='lat' dir='ltr'><strong>habenti</strong></span> <span class='ocrx_word' id='word_1_204' title='bbox 476 2623 698 2683; x_wconf 82' lang='lat' dir='ltr'><strong>revelationem</strong></span> <span class='ocrx_word' id='word_1_205' title='bbox 720 2622 818 2681; x_wconf 85' lang='lat' dir='ltr'><strong>Patris</strong></span> <span class='ocrx_word' id='word_1_206' title='bbox 842 2628 873 2681; x_wconf 90' lang='lat' dir='ltr'><strong>et</strong></span> <span class='ocrx_word' id='word_1_207' title='bbox 884 2622 1036 2683; x_wconf 83' lang='lat' dir='ltr'><strong>Christum</strong></span> 
     </span>
     <span class='ocr_line' id='line_1_29' title="bbox 118 2704 1037 2781; baseline -0.002 -14"><span class='ocrx_word' id='word_1_208' title='bbox 118 2704 275 2767; x_wconf 81' lang='lat' dir='ltr'><strong>confitenti</strong></span> <span class='ocrx_word' id='word_1_209' title='bbox 305 2705 408 2765; x_wconf 84' lang='lat' dir='ltr'><strong>claves</strong></span> <span class='ocrx_word' id='word_1_210' title='bbox 437 2705 561 2781; x_wconf 82' lang='lat' dir='ltr'><strong>dautur,</strong></span> <span class='ocrx_word' id='word_1_211' title='bbox 594 2706 638 2764; x_wconf 92' lang='lat' dir='ltr'><strong>ita</strong></span> <span class='ocrx_word' id='word_1_212' title='bbox 663 2724 791 2764; x_wconf 82' lang='lat' dir='ltr'><strong>necesse</strong></span> <span class='ocrx_word' id='word_1_213' title='bbox 821 2711 868 2763; x_wconf 87' lang='lat' dir='ltr'><strong>eet</strong></span> <span class='ocrx_word' id='word_1_214' title='bbox 889 2707 972 2764; x_wconf 90' lang='lat' dir='ltr'><strong>omui</strong></span> <span class='ocrx_word' id='word_1_215' title='bbox 1001 2707 1037 2765; x_wconf 87' lang='lat' dir='ltr'><strong>si-</strong></span> 
     </span>
     <span class='ocr_line' id='line_1_30' title="bbox 118 2786 1036 2850; baseline 0 -2"><span class='ocrx_word' id='word_1_216' title='bbox 118 2787 226 2850; x_wconf 91' lang='lat' dir='ltr'><strong>militer</strong></span> <span class='ocrx_word' id='word_1_217' title='bbox 247 2787 409 2849; x_wconf 85' lang='lat' dir='ltr'><strong>confitenti</strong></span> <span class='ocrx_word' id='word_1_218' title='bbox 430 2796 462 2849; x_wconf 94' lang='lat' dir='ltr'><strong>et</strong></span> <span class='ocrx_word' id='word_1_219' title='bbox 480 2789 670 2849; x_wconf 83' lang='lat' dir='ltr'><strong>revelantem</strong></span> <span class='ocrx_word' id='word_1_220' title='bbox 698 2786 824 2848; x_wconf 86' lang='lat' dir='ltr'><strong>habenti</strong></span> <span class='ocrx_word' id='word_1_221' title='bbox 857 2786 961 2847; x_wconf 79' lang='lat' dir='ltr'><strong>claves</strong></span> <span class='ocrx_word' id='word_1_222' title='bbox 984 2788 1036 2848; x_wconf 89' lang='lat' dir='ltr'><strong>do-</strong></span> 
     </span>
     <span class='ocr_line' id='line_1_31' title="bbox 117 2870 1036 2950; baseline 0 -19"><span class='ocrx_word' id='word_1_223' title='bbox 117 2878 201 2932; x_wconf 84' lang='lat' dir='ltr'><strong>untae</strong></span> <span class='ocrx_word' id='word_1_224' title='bbox 224 2892 305 2949; x_wconf 80' lang='lat' dir='ltr'><strong>eece,</strong></span> <span class='ocrx_word' id='word_1_225' title='bbox 329 2871 413 2950; x_wconf 91' lang='lat' dir='ltr'><strong>quod</strong></span> <span class='ocrx_word' id='word_1_226' title='bbox 435 2873 511 2932; x_wconf 92' lang='lat' dir='ltr'><strong>uulli</strong></span> <span class='ocrx_word' id='word_1_227' title='bbox 532 2872 590 2930; x_wconf 86' lang='lat' dir='ltr'><strong>nisi</strong></span> <span class='ocrx_word' id='word_1_228' title='bbox 615 2870 785 2947; x_wconf 82' lang='lat' dir='ltr'><strong>ecclesiae,</strong></span> <span class='ocrx_word' id='word_1_229' title='bbox 808 2870 838 2930; x_wconf 94' lang='lat' dir='ltr'><strong>id</strong></span> <span class='ocrx_word' id='word_1_230' title='bbox 862 2876 923 2947; x_wconf 79' lang='lat' dir='ltr'><strong>est,</strong></span> <span class='ocrx_word' id='word_1_231' title='bbox 954 2889 1036 2931; x_wconf 89' lang='lat' dir='ltr'><strong>com-</strong></span> 
     </span>
     <span class='ocr_line' id='line_1_32' title="bbox 116 2954 1035 3032; baseline 0 -19"><span class='ocrx_word' id='word_1_232' title='bbox 116 2956 249 3016; x_wconf 85' lang='lat' dir='ltr'><strong>munioni</strong></span> <span class='ocrx_word' id='word_1_233' title='bbox 273 2954 457 3016; x_wconf 80' lang='lat' dir='ltr'><strong>Sanctorum</strong></span> <span class='ocrx_word' id='word_1_234' title='bbox 480 2955 647 3015; x_wconf 89' lang='lat' dir='ltr'><strong>convenire</strong></span> <span class='ocrx_word' id='word_1_235' title='bbox 680 2960 798 3032; x_wconf 73' lang='lat' dir='ltr'><strong>potest,</strong></span> <span class='ocrx_word' id='word_1_236' title='bbox 833 2971 901 3012; x_wconf 92' lang='lat' dir='ltr'><strong>cum</strong></span> <span class='ocrx_word' id='word_1_237' title='bbox 934 2954 1035 3013; x_wconf 85' lang='lat' dir='ltr'><strong>nullus</strong></span> 
     </span>
     <span class='ocr_line' id='line_1_33' title="bbox 116 3037 1037 3119; baseline 0 -22"><span class='ocrx_word' id='word_1_238' title='bbox 116 3037 277 3119; x_wconf 80' lang='lat' dir='ltr'><strong>cingulcris</strong></span> <span class='ocrx_word' id='word_1_239' title='bbox 300 3037 401 3098; x_wconf 84' lang='lat' dir='ltr'><strong>lidelie</strong></span> <span class='ocrx_word' id='word_1_240' title='bbox 424 3044 603 3098; x_wconf 81' lang='lat' dir='ltr'><strong>constanter</strong></span> <span class='ocrx_word' id='word_1_241' title='bbox 627 3043 658 3095; x_wconf 90' lang='lat' dir='ltr'><strong>et</strong></span> <span class='ocrx_word' id='word_1_242' title='bbox 680 3044 764 3097; x_wconf 76' lang='lat' dir='ltr'><strong>certo</strong></span> <span class='ocrx_word' id='word_1_243' title='bbox 781 3055 818 3096; x_wconf 90' lang='lat' dir='ltr'><strong>ac</strong></span> <span class='ocrx_word' id='word_1_244' title='bbox 840 3055 1037 3116; x_wconf 86' lang='lat' dir='ltr'><strong>perseveran-</strong></span> 
     </span>
     <span class='ocr_line' id='line_1_34' title="bbox 117 3120 1037 3201; baseline -0.001 -20"><span class='ocrx_word' id='word_1_245' title='bbox 117 3126 158 3181; x_wconf 85' lang='lat' dir='ltr'><strong>ter</strong></span> <span class='ocrx_word' id='word_1_246' title='bbox 178 3121 297 3183; x_wconf 89' lang='lat' dir='ltr'><strong>habere</strong></span> <span class='ocrx_word' id='word_1_247' title='bbox 318 3123 418 3201; x_wconf 82' lang='lat' dir='ltr'><strong>possit</strong></span> <span class='ocrx_word' id='word_1_248' title='bbox 439 3121 519 3180; x_wconf 77' lang='lat' dir='ltr'><strong>hauc</strong></span> <span class='ocrx_word' id='word_1_249' title='bbox 542 3120 787 3197; x_wconf 75' lang='lat' dir='ltr'><strong>confessionem,</strong></span> <span class='ocrx_word' id='word_1_250' title='bbox 811 3139 879 3178; x_wconf 90' lang='lat' dir='ltr'><strong>cum</strong></span> <span class='ocrx_word' id='word_1_251' title='bbox 902 3139 960 3180; x_wconf 90' lang='lat' dir='ltr'><strong>nec</strong></span> <span class='ocrx_word' id='word_1_252' title='bbox 984 3122 1037 3180; x_wconf 89' lang='lat' dir='ltr'><strong>Pe-</strong></span> 
     </span>
     <span class='ocr_line' id='line_1_35' title="bbox 116 3202 1037 3284; baseline -0.002 -19"><span class='ocrx_word' id='word_1_253' title='bbox 116 3208 173 3265; x_wconf 80' lang='lat' dir='ltr'><strong>trus</strong></span> <span class='ocrx_word' id='word_1_254' title='bbox 196 3206 318 3284; x_wconf 80' lang='lat' dir='ltr'><strong>ipsein</strong></span> <span class='ocrx_word' id='word_1_255' title='bbox 349 3205 457 3265; x_wconf 87' lang='lat' dir='ltr'><strong>eadem</strong></span> <span class='ocrx_word' id='word_1_256' title='bbox 480 3204 693 3283; x_wconf 80' lang='lat' dir='ltr'><strong>perseverarit,</strong></span> <span class='ocrx_word' id='word_1_257' title='bbox 717 3202 834 3280; x_wconf 79' lang='lat' dir='ltr'><strong>quia2)</strong></span> <span class='ocrx_word' id='word_1_258' title='bbox 860 3222 921 3262; x_wconf 92' lang='lat' dir='ltr'><strong>non</strong></span> <span class='ocrx_word' id='word_1_259' title='bbox 945 3204 1037 3264; x_wconf 86' lang='lat' dir='ltr'><strong>modo</strong></span> 
     </span>
     <span class='ocr_line' id='line_1_36' title="bbox 119 3286 1037 3367; baseline 0 -20"><span class='ocrx_word' id='word_1_260' title='bbox 119 3286 298 3367; x_wconf 74' lang='lat' dir='ltr'><strong>aliquando,</strong></span> <span class='ocrx_word' id='word_1_261' title='bbox 329 3287 383 3347; x_wconf 85' lang='lat' dir='ltr'><strong>sed</strong></span> <span class='ocrx_word' id='word_1_262' title='bbox 418 3307 491 3348; x_wconf 89' lang='lat' dir='ltr'><strong>mox</strong></span> <span class='ocrx_word' id='word_1_263' title='bbox 521 3293 592 3367; x_wconf 84' lang='lat' dir='ltr'><strong>poet</strong></span> <span class='ocrx_word' id='word_1_264' title='bbox 614 3295 758 3366; x_wconf 83' lang='lat' dir='ltr'><strong>acceptes</strong></span> <span class='ocrx_word' id='word_1_265' title='bbox 788 3286 892 3345; x_wconf 85' lang='lat' dir='ltr'><strong>claves</strong></span> <span class='ocrx_word' id='word_1_266' title='bbox 917 3289 1037 3365; x_wconf 74' lang='lat' dir='ltr'><strong>erravit,</strong></span> 
     </span>
     <span class='ocr_line' id='line_1_37' title="bbox 118 3368 1038 3449; baseline -0.002 -18"><span class='ocrx_word' id='word_1_267' title='bbox 118 3376 268 3431; x_wconf 56' lang='lat' dir='ltr'><strong>atamen</strong></span> <span class='ocrx_word' id='word_1_268' title='bbox 293 3390 356 3431; x_wconf 90' lang='lat' dir='ltr'><strong>nou</strong></span> <span class='ocrx_word' id='word_1_269' title='bbox 380 3379 450 3430; x_wconf 84' lang='lat' dir='ltr'><strong>eunt</strong></span> <span class='ocrx_word' id='word_1_270' title='bbox 472 3371 498 3429; x_wconf 90' lang='lat' dir='ltr'><strong>ei</strong></span> <span class='ocrx_word' id='word_1_271' title='bbox 524 3369 629 3429; x_wconf 84' lang='lat' dir='ltr'><strong>claves</strong></span> <span class='ocrx_word' id='word_1_272' title='bbox 653 3389 771 3428; x_wconf 78' lang='lat' dir='ltr'><strong>rursum</strong></span> <span class='ocrx_word' id='word_1_273' title='bbox 795 3368 931 3446; x_wconf 73' lang='lat' dir='ltr'><strong>oblatae,</strong></span> <span class='ocrx_word' id='word_1_274' title='bbox 967 3372 1038 3449; x_wconf 88' lang='lat' dir='ltr'><strong>quia</strong></span> 
     </span>
     <span class='ocr_line' id='line_1_38' title="bbox 121 3453 1041 3532; baseline 0.002 -21"><span class='ocrx_word' id='word_1_275' title='bbox 121 3455 230 3514; x_wconf 86' lang='lat' dir='ltr'><strong>nonin</strong></span> <span class='ocrx_word' id='word_1_276' title='bbox 261 3473 334 3525; x_wconf 82' lang='lat' dir='ltr'><strong>sua,</strong></span> <span class='ocrx_word' id='word_1_277' title='bbox 371 3453 425 3514; x_wconf 86' lang='lat' dir='ltr'><strong>sed</strong></span> <span class='ocrx_word' id='word_1_278' title='bbox 458 3453 612 3513; x_wconf 77' lang='lat' dir='ltr'><strong>ecclesiae</strong></span> <span class='ocrx_word' id='word_1_279' title='bbox 650 3470 785 3532; x_wconf 88' lang='lat' dir='ltr'><strong>persona</strong></span> <span class='ocrx_word' id='word_1_280' title='bbox 823 3470 875 3511; x_wconf 83' lang='lat' dir='ltr'><strong>eas</strong></span> <span class='ocrx_word' id='word_1_281' title='bbox 910 3456 1041 3532; x_wconf 81' lang='lat' dir='ltr'><strong>occepit.</strong></span> 
     </span>
     <span class='ocr_line' id='line_1_39' title="bbox 121 3532 1039 3621; baseline 0.001 -25"><span class='ocrx_word' id='word_1_282' title='bbox 121 3532 202 3621; x_wconf 72' lang='lat' dir='ltr'><strong>Quod</strong></span> <span class='ocrx_word' id='word_1_283' title='bbox 228 3537 254 3599; x_wconf 87' lang='lat' dir='ltr'><strong>ei</strong></span> <span class='ocrx_word' id='word_1_284' title='bbox 276 3537 355 3595; x_wconf 86' lang='lat' dir='ltr'><strong>haec</strong></span> <span class='ocrx_word' id='word_1_285' title='bbox 378 3543 559 3617; x_wconf 85' lang='lat' dir='ltr'><strong>argumenta</strong></span> <span class='ocrx_word' id='word_1_286' title='bbox 580 3554 643 3595; x_wconf 93' lang='lat' dir='ltr'><strong>non</strong></span> <span class='ocrx_word' id='word_1_287' title='bbox 668 3534 872 3613; x_wconf 88' lang='lat' dir='ltr'><strong>concludunt</strong></span> <span class='ocrx_word' id='word_1_288' title='bbox 907 3555 965 3596; x_wconf 89' lang='lat' dir='ltr'><strong>nec</strong></span> <span class='ocrx_word' id='word_1_289' title='bbox 986 3537 1039 3597; x_wconf 83' lang='lat' dir='ltr'><strong>illa</strong></span> 
     </span>
     <span class='ocr_line' id='line_1_40' title="bbox 122 3608 734 3699; baseline -0.005 -19"><span class='ocrx_word' id='word_1_290' title='bbox 122 3608 250 3697; x_wconf 75' lang='lat' dir='ltr'><strong>tpoatoli</strong></span> <span class='ocrx_word' id='word_1_291' title='bbox 273 3619 370 3696; x_wconf 83' lang='lat' dir='ltr'><strong>Pauli,</strong></span> <span class='ocrx_word' id='word_1_292' title='bbox 393 3638 473 3699; x_wconf 81' lang='lat' dir='ltr'><strong>quoe</strong></span> <span class='ocrx_word' id='word_1_293' title='bbox 495 3620 632 3698; x_wconf 81' lang='lat' dir='ltr'><strong>allegata</strong></span> <span class='ocrx_word' id='word_1_294' title='bbox 654 3625 734 3680; x_wconf 86' lang='lat' dir='ltr'><strong>sunt</strong></span> 
     </span>
    </p>
   </div>
   <div class='ocr_carea' id='block_1_3' title="bbox 130 3736 544 3753">
    <p class='ocr_par' dir='ltr' id='par_1_4' title="bbox 130 3736 544 3753">
     <span class='ocr_line' id='line_1_41' title="bbox 130 3736 544 3753; baseline 0.01 -7"><span class='ocrx_word' id='word_1_295' title='bbox 130 3736 305 3749; x_wconf 68' lang='lat'><em>——-..—.-.-</em></span> <span class='ocrx_word' id='word_1_296' title='bbox 307 3741 525 3753; x_wconf 73' lang='lat'>—.----.-.-....—,</span> <span class='ocrx_word' id='word_1_297' title='bbox 533 3748 544 3752; x_wconf 85' lang='lat'>-</span> 
     </span>
    </p>
   </div>
   <div class='ocr_carea' id='block_1_4' title="bbox 150 3790 801 3863">
    <p class='ocr_par' dir='ltr' id='par_1_5' title="bbox 150 3790 801 3863">
     <span class='ocr_line' id='line_1_42' title="bbox 150 3790 801 3863; baseline -0.002 -17"><span class='ocrx_word' id='word_1_298' title='bbox 150 3790 295 3858; x_wconf 67' lang='lat' dir='ltr'><strong>mineo.</strong></span> <span class='ocrx_word' id='word_1_299' title='bbox 320 3792 427 3862; x_wconf 79' lang='lat' dir='ltr'><strong>priora:</strong></span> <span class='ocrx_word' id='word_1_300' title='bbox 451 3792 533 3848; x_wconf 82' lang='lat' dir='ltr'><strong>aliud.</strong></span> <span class='ocrx_word' id='word_1_301' title='bbox 570 3793 801 3863; x_wconf 78' lang='lat' dir='ltr'><strong>2)1nid.:quiu</strong></span> 
     </span>
    </p>
   </div>
   <div class='ocr_carea' id='block_1_5' title="bbox 0 0 1187 4208">
    <p class='ocr_par' dir='ltr' id='par_1_6' title="bbox 0 0 1187 4208">
     <span class='ocr_line' id='line_1_43' title="bbox 0 0 1187 4208; baseline 0 0"><span class='ocrx_word' id='word_1_302' title='bbox 0 0 1187 4208; x_wconf 95' lang='lat' dir='ltr'><strong> </strong></span> 
     </span>
    </p>
   </div>
  </div>
 </body>
</html>
