2346 4208
289 228 325 288 ds
343 249 457 305 propos.
477 235 591 305 philos:
612 231 731 290 Verbum
751 249 816 288 caro
836 240 887 289 616.
982 230 1046 301 459

159 409 161 413 ’
207 419 339 484 110616
374 427 483 483 contra
512 421 624 489 Paulus
663 422 790 502 166661,
829 421 1044 505 captivandum

122 521 195 564 asse
227 522 352 566 omnem
385 503 574 566 intellectum
600 501 700 588 (band
734 505 825 567 dubie
859 513 890 567 61
909 507 1044 588 pbiloso-

121 586 248 673 phiam)
273 588 305 648 in
328 587 509 668 obsequium
533 587 652 658 Christi.

136 728 138 735 -
206 690 235 751 9.
258 686 438 766 Facessant,
460 686 537 747 dixit
563 694 648 749 66616
670 689 691 751 S
713 687 906 768 Ambrosius,
925 689 1043 769 Dialec-

123 769 186 847 tiol,
210 770 261 831 ubi
284 769 470 832 credendum
494 777 542 831 661
562 772 766 852 piscatoribus
788 773 948 853 apostolis.

187 856 235 918 10.
257 852 1046 937 Expraedicabiliumdoetrinascqucroturpulchre,

123 934 207 998 Dens
231 942 279 999 cst
298 935 411 1014 homo,
441 955 515 1018 ergo
539 945 585 999 est
608 938 722 998 animal
744 938 905 1017 rationale,
927 940 1046 1000 sensiti-

122 1038 206 1097 vum,
231 1019 421 1095 animatum,
446 1037 578 1100 corpus,
601 1019 772 1082 substantia
794 1022 911 1083 scilicet
933 1029 1045 1087 666616.

188 1101 235 1166 11.
259 1101 320 1163 sed
344 1103 415 1182 quia
438 1101 616 1164 Christianis
640 1105 753 1182 sobrie,
776 1112 807 1167 61
832 1109 882 1181 (61
902 1104 1045 1186 Augusti-

123 1204 181 1246 nus
204 1183 314 1263 docet)
341 1184 511 1246 secundum
532 1188 756 1268 praescriptum
779 1187 826 1249 661
847 1187 1045 1268 loquendum,

122 1269 200 1330 16166
222 1269 465 1348 consequentias
481 1276 552 1330 6661
577 1269 756 1350 simpliciter
778 1270 949 1352 negandas.

186 1350 321 1414 121166
348 1350 494 1412 utendum
524 1371 583 1414 nec
610 1352 772 1415 fruendum
802 1362 849 1415 est
884 1353 1044 1417 subtilibus

124 1436 190 1495 16116
210 1435 354 1514 16666116,
378 1434 416 1495 16
431 1436 645 1515 suppositione
660 1437 793 1497 mediata
816 1445 845 1496 61
858 1436 1045 1517 immediata,

122 1518 153 1577 in
176 1517 268 1579 nebus
290 1515 371 1580 1161.

190 1620 238 1682 13.
261 1617 339 1679 Sunt
372 1619 453 1678 enim
476 1618 691 1699 logomachiae
719 1627 749 1680 et
770 1621 991 1701 kenophoniae
1013 1620 1044 1681 16

124 1700 259 1763 66616616
281 1700 475 1782 periculosas
498 1709 529 1762 61
550 1703 704 1763 666616116
727 1703 848 1784 plenae.

160 1853 162 1855 ,
189 1786 236 1846 14.
261 1781 324 1846 Sed
348 1782 451 1846 ubiubi
489 1785 631 1866 impingit
653 1786 702 1846 vel
736 1786 835 1849 forma
857 1784 1048 1867 sollogistica

123 1867 270 1927 66166116
294 1865 519 1947 philosophica,
543 1866 704 1928 dicendum
728 1877 775 1931 661
797 1871 825 1933 61
846 1868 921 1929 11161
942 1869 1045 1931 Pauli:

123 1949 233 2010 Mulier
252 1951 283 2009 in
306 1950 439 2011 66616616
461 1957 582 2030 166661,
606 1959 637 2012 61
658 1951 747 2012 illud:
780 1952 870 2015 Hunc
891 1950 1004 2015 audite.
1150 1995 1153 2002 -

188 2037 233 2097 15.
257 2031 403 2113 impingit
434 2032 555 2113 quidem
586 2033 744 2115 theologia
771 2037 802 2095 in
830 2034 1046 2117 philosophiae

121 2116 254 2197 regulas,
277 2115 331 2177 ssd
342 2117 409 2197 ipsa
423 2117 557 2177 vicissim
570 2118 667 2197 magis
680 2119 710 2177 in
725 2118 1046 2201 theologiaeregulas.

187 2217 234 2279 16.
257 2215 319 2277 1616
341 2215 539 2296 syllogismus
563 2219 785 2297 expositorius:
807 2219 900 2280 Pater
919 2219 949 2279 in
972 2217 1046 2281 divi·

121 2298 169 2357 616
192 2304 334 2379 generat,
358 2299 447 2358 Pater
469 2307 517 2360 661
540 2303 674 2361 66666116
699 2302 822 2380 116166,
844 2320 919 2382 ergo
943 2320 1045 2363 essen·

122 2381 165 2440 116
187 2380 292 2441 116166
313 2389 452 2461 generat,
480 2388 527 2441 est
548 2381 658 2444 bonus.

186 2467 235 2528 17.
258 2462 298 2524 Et
315 2471 417 2524 tamen
440 2466 629 2544 praemissae
650 2473 720 2527 sunt
742 2486 853 2546 66666,
887 2467 1045 2529 conclusio

122 2546 216 2623 falsa,
248 2547 343 2607 etita
367 2566 406 2607 ex
430 2565 503 2606 vero
527 2548 662 2627 sequitur
684 2548 794 2610 falsum
817 2556 924 2610 eontra
946 2549 1044 2633 philo·

123 2629 275 2709 sophiam.

186 2731 234 2793 18.
259 2731 317 2790 1616
340 2727 539 2810 syllogismus
563 2719 750 2792 eommunis:
780 2731 888 2793 Omnis
910 2733 1046 2792 essentia

124 2811 228 2873 divina
251 2818 298 2872 661
320 2811 426 2889 Ρ6166,
464 2812 558 2873 Filius
581 2821 628 2874 661
657 2813 934 2895 66666116116166,
970 2833 1044 2895 orgo

124 2895 218 2955 Filius
242 2902 288 2955 est
311 2895 411 2973 Pater,
433 2901 480 2956 est
502 2894 610 2958 bonus.

109 3023 113 3030 -
186 2979 233 3042 19.
257 2976 318 3038 Sed
351 2978 540 3058 praemissae
576 2986 646 3039 sunt
679 2999 788 3058 verae,
822 2985 853 3040 et
886 2979 1043 3042 conclusio

94 3105 98 3110 -
122 3059 215 3138 falsa,x
234 3067 265 3120 61
287 3080 393 3121 verum
416 3080 490 3122 vero
513 3060 563 3122 hic
585 3065 710 3142 prorsus
734 3081 796 3123 non
820 3069 981 3126 consonat.

185 3145 234 3208 20.
257 3142 327 3203 Non
352 3143 474 3223 quidem
498 3145 572 3204 vitio
594 3145 711 3205 formae
733 3144 961 3226 syllogisticae,
990 3144 1045 3205 sed

123 3227 234 3287 virtute
268 3233 300 3286 61
327 3227 489 3287 maiestate
512 3229 672 3306 materiae,
710 3247 788 3308 quae
824 3229 854 3287 in
888 3229 1044 3308 angustias

122 3309 250 3369 rationis
274 3328 328 3370 seu
352 3309 600 3390 syllogismorum
623 3310 736 3371 includi
759 3330 820 3372 non
844 3316 955 3393 potest.

184 3393 234 3455 21.
255 3391 296 3454 Ut
320 3410 399 3472 quae
421 3393 460 3453 sit
480 3411 544 3455 non
567 3394 689 3473 quidem
712 3399 834 3472 666166,
871 3393 925 3455 661
948 3399 1044 3475 extra,

123 3476 213 3553 16166,
236 3493 337 3554 supra,
356 3475 443 3554 inira,
466 3475 551 3554 61166,
574 3476 653 3536 ultra
663 3495 786 3537 omnem
801 3477 961 3539 veritatem
983 3476 1045 3538 dia·

124 3558 275 3619 lecticam.

186 3642 234 3703 22.
257 3640 319 3701 1616
342 3639 554 3721 syllogismus:
580 3641 661 3718 Quid
684 3641 735 3702 nid
758 3642 870 3705 lactum
893 3649 941 3704 661
962 3662 1044 3724 6666,

123 3722 236 3785 factum
274 3727 321 3784 661
353 3729 507 3805 creatura,
539 3724 632 3787 Filius
664 3661 723 3786 bei
752 3725 850 3787 lactus
883 3731 931 3791 est
961 3745 1044 3807 6666,
