2346 4208
123 249 167 316 ta
327 252 621 325 Disputatio-{sputa
639 253 736 309 ιιιιιι
753 270 778 309 ι.
798 253 860 308 xus

121 434 208 514 quod
239 452 373 516 unquam
402 438 611 511 meminerim
645 437 728 517 quod
758 443 807 501 est
832 445 942 500 ronta
967 436 1046 500 fidoi

125 518 317 580 Christianae
337 518 493 596 mandata,
516 522 658 601 quemvis
680 521 784 582 freto
775 540 844 602 ipso
857 540 951 601 saepe
964 540 1047 582 erra-

124 597 264 680 verint,
256 621 318 662 rmo
342 603 415 663 talia
437 602 550 663 iudicia
571 623 701 675 erronea
721 605 879 665 faceret
845 624 866 665 n
866 611 1045 668 t.teutauunt
1080 608 1095 647 '¹

124 684 299 746 Ubidiviuo
321 703 444 763 quoque
458 689 591 767 eorrepti
612 707 668 747 suu
672 687 831 766 tiudioio,
842 695 875 748 ut
895 687 1046 755 dedeone

123 754 239 828 Ariane
270 768 454 831 adversante
475 769 609 849 Hilario,
653 780 686 830 ut
717 771 757 832 de
778 772 964 843 Anastasio
977 789 1044 834 ean.

123 852 306 912 Anastasius
327 872 379 913 xx.
403 850 504 916 dist‘

212 934 261 994 Ad
291 955 424 1013 nonum,
458 934 498 996 de
526 935 669 1012 Oenone,
695 935 770 1016 neg·
762 955 846 997 nnus
861 938 919 1000 93.
940 934 1045 997 dirtiu.

122 1002 202 1078 torte
235 1017 423 1078 reverendus
459 1018 552 1078 Pater
577 1037 627 1078 me
661 1037 724 1079 non
752 1019 946 1091 intetiexit
948 1017 1045 1078 Nuu-

124 1119 214 1179 quam
232 1102 316 1161 vonit
337 1100 441 1161 mihi
433 1120 463 1161 ιιι
479 1107 623 1179 mentem,
645 1109 792 1183 papatum
815 1122 883 1162 esse
906 1097 1061 1162 ordinem

124 1183 169 1245 ult
157 1189 203 1244 tra
224 1185 452 1264 episcopatum,
481 1183 537 1244 sed
565 1183 758 1265 dignitatem·
789 1185 882 1261 Quod
904 1203 986 1256 voro
1001 1185 1044 1245 di-

123 1269 181 1345 ait,
217 1267 289 1327 mihi
323 1266 437 1328 bellum
460 1274 530 1327 esse
552 1285 620 1326 aum
643 1267 834 1348 Hieronymo
859 1274 891 1330 et
912 1267 1044 1330 Canoni-

97 1423 100 1429 ι
122 1348 189 1429 bus,
213 1350 283 1421 dixi,
299 1349 372 1429 quid
392 1351 536 1427 sentiam,
560 1349 706 1430 praefero.
726 1351 786 1412 hoe
807 1351 878 1423 tooo
902 1351 1044 1432 Dionysii

102 1435 317 1511 xautoritatem
340 1434 424 1493 velut
440 1433 582 1493 senioris.
622 1436 668 1505 ‚At
684 1452 752 1494 oum
776 1434 977 1496 rhetoricatur
998 1452 1043 1494 re-

92 1590 94 1595 ,
123 1516 277 1577 verendus
297 1517 389 1577 Pater
410 1516 449 1576 de
470 1516 637 1595 Dionysio,
668 1535 721 1577 our
742 1537 813 1578 nou
845 1517 1043 1578 monor-eham

123 1599 283 1661 Eeelesiae
318 1599 492 1678 descripsit,
527 1599 591 1659 imo
626 1600 705 1660 ultra
732 1602 944 1682 spiseppatuur
981 1618 1043 1669 non

122 1681 357 1780 progrediatur?
401 1682 504 1742 Faeile
533 1688 581 1741 est
607 1682 690 1761 qnod
718 1682 856 1744 dicam.
877 1683 1044 1765 Dionysius
1093 1712 1095 1719 ·

123 1768 204 1827 enim
227 1771 419 1826 saeramenta
439 1757 592 1826 ecelesiae
614 1767 804 1848 perstringit,
822 1775 976 1864 papatum
988 1786 1044 1827 aa
1072 1836 1077 1844 ‚

123 1857 184 1910 tem
209 1868 277 1914 eum
309 1848 447 1910 ordinem
471 1866 540 1908 esse
563 1851 756 1930 negaverim,
780 1851 1007 1940 episeopatns
999 1869 1043 1911 ιιι-

123 1940 170 1994 ter
202 1932 325 1994 ordines
348 1932 484 1992 omnium
518 1950 673 1993 eonseusu
678 1952 870 2069 supremum
893 1933 1045 2010 obtinebit

125 2009 239 2077 losum.

206 2098 345 2176 Deoimo,
368 2097 451 2177 quod
468 2099 621 2159 neminem
643 2100 734 2159 tam
726 2119 867 2160 insanum
881 2052 1045 2178 extenuat,

124 2184 176 2262 qui
210 2180 375 2243 crediderit
406 2182 539 2260 aliquem
575 2202 645 2243 esse
679 2184 864 2263 episcopum
887 2184 1043 2262 proprium

124 2265 252 2346 singulis
286 2265 442 2324 eeclesiis:
471 2263 550 2344 quid
580 2276 627 2326 est
660 2266 742 2346 quod
773 2285 832 2347 ego
862 2284 1045 2346 eouqueror,

123 2350 182 2409 nisi
204 2347 287 2427 quod
307 2347 470 2408 stultorum
492 2349 596 2426 etqui
619 2349 823 2430 singularitati
845 2348 976 2409 student:
992 2349 1045 2409 im

35 2506 38 2511 Ι
124 2431 226 2492 finitus
258 2437 306 2492 est
333 2449 487 2491 uumerus.
535 2431 632 2512 Legat
619 2431 846 2492 trevereudus
873 2433 982 2493 Peter
988 2431 1045 2493 ut-

123 2535 230 2575 verum
253 2514 293 2576 de
314 2504 611 2594 planetueoalesiae‚
633 2514 800 2576 iohannem
814 2515 854 2577 de
864 2515 960 2576 Turre
982 2530 1045 2576 oss

123 2599 235 2658 mata
226 2618 259 2658 ιιι
281 2616 402 2658 summa
421 2598 813 2695 eeclesiae,Vuilhelmum.
823 2597 1021 2660 detineam
1012 2617 1044 2659 ru

123 2681 260 2779 dialogo,
281 2692 314 2743 et
333 2683 469 2742 inveniet
484 2682 626 2742 homiues
650 2682 835 2762 quandoque
856 2681 937 2743 iliius
949 2674 1049 2744 faisse

122 2766 357 2830 insaniae..
977 2794 981 2807 =

207 2847 298 2922 Quod
312 2867 385 2909 vero
409 2848 597 2928 suspendere
620 2847 685 2907 vult
697 2848 884 2910 solutionem
907 2810 1043 2909 nostem

124 2930 163 2991 de
184 2950 233 3010 eo,
255 2931 336 3010 quod
361 2931 434 3011 dixi,
455 2932 569 3012 Papam
592 2931 775 2992 universalis
795 2932 949 2993 ecelesiae
965 2930 1045 2992 Pou-

122 3013 235 3075 tifleem
258 3016 387 3095 melius,
420 3034 511 3093 quam
533 3013 736 3076 universalem
759 3016 962 3095 episeoputn,
984 3013 1044 3091 ieei

122 3098 183 3158 hoo
205 3097 268 3159 divi
288 3098 436 3160 Bernardi
457 3099 684 3159 autoritatefet
711 3116 899 3159 summorum
920 3096 1045 3158 Pontifi-

122 3200 192 3242 oum
213 3183 446 3245 consuetudine.
489 3179 544 3242 Ait
569 3181 653 3242 enirn
670 3180 850 3243 Bernartius
879 3180 932 3243 lib.
954 3179 1044 3247 arte

121 3264 300 3328 Considera.
325 3266 374 3328 ad.
397 3266 492 3344 Euge.
516 3263 577 3325 eol.
598 3268 633 3329 7:
656 3264 775 3344 Nempe
799 3265 924 3345 siguum
941 3265 1044 3345 siugu-

122 3347 194 3408 laris
219 3349 371 3410 Pontifieii
403 3348 487 3408 Petri
512 3355 570 3408 eta.
614 3347 694 3408 Infra
716 3349 775 3408 ito·
814 3346 891 3407 Cum
914 3348 1044 3427 quisque

120 3440 293 3494 oeterorum
314 3450 400 3491 suam
423 3430 517 3490 habet
528 3430 702 3509 seelestam,
725 3429 778 3491 tibi
793 3450 855 3490 uno
877 3431 1055 3491 sommissa-

121 3523 170 3576 est
179 3515 414 3596 grandissima
434 3514 532 3590 navis,
554 3513 636 3575 faeta
664 3533 704 3574 ex
726 3513 897 3575 omnibus
888 3533 957 3594 rpsa
979 3515 1043 3574 uni·

121 3601 248 3660 versalia
271 3597 413 3675 eeclesia,
436 3604 502 3657 toto
470 3596 601 3657 torbe
623 3595 743 3660 diffusa.

205 3681 253 3743 Ad
286 3680 454 3759 decimum,
476 3680 579 3742 Verbo
607 3680 717 3741 Christi
744 3698 822 3752 uou
842 3678 1044 3759 satisfactum,

120 3767 230 3827 Lucae.
254 3767 327 3842 22„
356 3765 443 3843 quasi
465 3766 505 3825 sit
527 3771 869 3825 commentariorum.
907 3762 955 3827 at
978 3782 1041 3825 non
