2346 4208
334 274 491 327 ‘haefstio
505 272 541 327 do
553 271 667 342 ¹Disput.
687 271 759 340 Lips.
949 352 953 358 .
968 262 1015 333 19

368 360 374 373 ,
442 379 445 384 .
922 358 961 396 ι)

92 476 120 536 p.
133 459 226 534 216),
247 460 282 518 et
300 455 352 519 die
375 459 423 522 12.
443 476 484 519 m.
498 457 586 518 Febr.
609 455 743 517 breviter
763 455 916 518 nuntiavit
936 452 1013 534 Spa·

93 539 204 600 lotiuo:
262 540 395 620 „Elecias
434 549 464 601 et
510 557 571 621 ego
616 538 851 620 congrediemur
892 538 1014 617 Lipsiae

93 629 164 702 post
185 623 379 684 Pesolralia.“
406 622 463 705 (de
479 622 584 685 Wette
601 623 624 703 l,
647 625 746 699 223),
777 628 870 701 atque
892 621 941 681 die
964 623 1013 686 20.

95 724 132 766 m.
175 705 263 766 Febr.
306 706 440 768 Jshanai
486 704 638 786 Staupitio
687 707 823 786 scripsit:
884 704 1014 784 „Eccins

95 806 178 849 meus
201 789 296 849 homo
318 789 467 851 subdolus
488 808 538 850 me
554 790 656 849 denuo
677 790 709 849 iu
733 806 831 849 novas
848 806 896 848 res
913 768 1015 866 tralrit,

94 879 126 931 nt
146 871 199 932 hic
220 871 319 934 vides.
362 872 454 933 Adeo
475 873 559 934 Deus
589 878 688 952 curat,
721 892 760 933 ne
793 873 849 931 sim
883 872 1014 932 otiosus:

93 954 146 1015 sed
179 955 262 1014 male
290 955 381 1016 cedet
407 955 487 1016 haec
505 956 699 1036 disputatio,
732 956 853 1025 Olrristo
881 954 1016 1027 volente,

95 1037 209 1098 iuribus
231 1044 263 1098 et
283 1038 389 1100 usibus
410 1039 576 1117 Romanis,
608 1040 639 1098 in
662 1056 739 1119 qnos
763 1039 891 1100 baculos
915 1038 1020 1098 nititur

94 1120 224 1181 Eccius‘·
249 1120 305 1202 (de
324 1120 431 1184 Wette
451 1123 475 1200 l,
497 1142 525 1203 p.
540 1121 631 1202 232).
1058 1124 1065 1134 ’

156 1204 215 1264 Die
238 1206 293 1268 19:
308 1224 347 1266 m.
369 1204 524 1267 Februarii
546 1205 668 1284 Eccius,
690 1211 853 1286 postquam
877 1206 905 1265 ei
924 1198 1017 1283 iacul-

96 1295 141 1347 tns
161 1287 285 1366 lipsiae
311 1286 488 1368 disputandi
520 1309 540 1349 a
561 1289 647 1365 Duce
668 1288 805 1369 Georgio
837 1294 869 1348 et
890 1287 1016 1349 Univer-

95 1372 188 1430 sitate·
207 1369 282 1430 duta
304 1378 360 1448 eat,
383 1371 557 1450 Lutherum,
580 1379 613 1432 ut
635 1379 667 1433 et
687 1373 755 1452 ipse
776 1370 809 1431 Li
834 1373 911 1432 siam
935 1373 1017 1431 veni-

95 1461 141 1513 ret
160 1453 200 1513 nd
223 1453 372 1534 dogmate
392 1473 448 1515 sua
471 1454 594 1534 tuenda,
617 1455 664 1514 llis
681 1456 775 1516 literis
788 1392 878 1515 aliis:
901 1453 1018 1533 „Thea

96 1537 169 1616 logo
193 1537 425 1617 etPlriloscpho
443 1539 632 1618 interprimo,
654 1536 931 1616 Martinohuttero,
953 1538 1019 1599 rao

96 1619 296 1700 polyphemo,
314 1620 528 1701 Vuittenbergi
541 1621 696 1681 ordinario
719 1620 844 1682 domino
860 1628 891 1681 et
906 1622 1016 1681 maiori

97 1701 184 1762 [iokii
207 1700 452 1784 Wittenbergae.
496 1704 641 1764 Salariam
660 1705 691 1763 in
715 1704 841 1764 domino
872 1711 904 1765 et
935 1709 1018 1766 reete

97 1787 125 1845 in
147 1785 225 1846 Jesu
249 1804 367 1866 sapere.
412 1786 502 1866 Quod
529 1787 686 1867 lipsiensis
709 1786 809 1848 Stadii·
828 1789 883 1846 viri
907 1786 1018 1847 doctis

97 1871 162 1929 sinu
186 1886 266 1929 onus
289 1887 348 1930 nos
368 1870 512 1930 audiendi
534 1876 726 1949 recusarunt,
745 1870 827 1929 'erat
856 1870 929 1929 mihi
951 1886 1017 1950 per-

98 1951 278 2030 molestum,
302 1971 360 2013 neo
382 1954 474 2033 plane
496 1954 588 2031 scivi,
623 1951 695 2033 quid
719 1952 839 2013 consilii
863 1970 1020 2032 caperem,

96 2042 127 2095 st
148 2042 212 2096 nrm
235 2034 492 2096 clementissimus
520 2038 664 2117 princepe
687 2036 723 2100 D.
745 2028 897 2117 Georgius
921 2035 1017 2096 Saxo·

98 2120 165 2178 nine
188 2119 251 2178 dux
274 2125 331 2179 etc.
355 2119 394 2178 ad
417 2120 598 2198 petitionem
617 2138 716 2179 meam
739 2121 803 2199 egit
820 2139 887 2179 cnm
909 2118 1017 2179 Studio

98 2221 161 2275 suo,
185 2208 220 2261 ut
241 2200 370 2261 tandem·
388 2221 546 2262 assensum
569 2203 762 2283 praeberent,
785 2204 826 2262 uti
843 2203 903 2261 hoc
916 2202 965 2261 die
985 2202 1018 2260 li-

99 2296 176 2344 teras
201 2293 233 2344 et
253 2284 448 2345 illustrissimi
464 2287 556 2346 Ducis
579 2293 610 2346 et
626 2287 839 2346 Universitatis
863 2305 900 2344 ao
913 2285 1017 2345 Faoul-

98 2370 166 2429 tatis
190 2384 283 2447 supra
306 2387 339 2428 re
360 2371 476 2448 accepi.
511 2368 612 2443 Quare
635 2372 679 2429 eis
701 2369 817 2429 XXVII
840 2369 920 2428 diem
935 2368 1017 2427 iunii
1068 2435 1074 2445 ι

102 2452 300 2531 praescripsi,
323 2469 385 2530 quo
407 2451 623 2531 disputationis
649 2454 779 2532 primum
805 2459 903 2511 actum
928 2451 1017 2511 lrabe-

100 2554 209 2612 remus,
233 2533 409 2594 dicantem
431 2533 533 2595 XXVI
555 2536 634 2615 apud
657 2536 832 2595 facultatem
855 2535 1017 2613 Theologi·

99 2638 163 2677 eam
194 2619 447 2698 conveniremus,
486 2627 553 2678 uter
585 2626 720 2679 nostrum
758 2621 786 2677 in
816 2620 915 2698 primo
947 2636 1017 2677 con-

98 2720 204 2781 gressu
227 2702 268 2760 sit
296 2719 470 2780 opponens.
515 2703 589 2762 (lum
619 2709 720 2762 eutem
745 2701 951 2761 Carlestadius
981 2703 1020 2760 sit

100 2791 310 2863 propugnator
331 2790 412 2862 tuus,
444 2791 474 2842 tu
497 2805 573 2844 vero
594 2785 771 2865 principalis
795 2786 931 2863 exislaS,
967 2788 1017 2863 qui

99 2868 176 2926 lraec
199 2867 347 2946 dogmata
370 2886 424 2947 per
437 2868 634 2927 Germaniam
658 2869 824 2943 seminasti,
849 2887 927 2946 quae
948 2886 1017 2926 meo

99 2968 197 3029 parvo
220 2949 347 3009 et.exili
375 2951 487 3010 iudicio
510 2950 589 3010 falsa
622 2957 653 3011 et
686 2970 816 3011 erronea
852 2959 1018 3030 apparent,

100 3052 193 3111 quare
216 3035 364 3092 convenit
393 3041 424 3093 et
445 3042 476 3093 te
498 3034 571 3093 illuc
593 3036 707 3112 venire,
731 3042 760 3094 et
783 3035 832 3093 vel
854 3042 906 3093 tua
930 3036 1018 3112 tucri,

100 3116 146 3175 vel
168 3123 277 3176 nostra
301 3117 490 3196 impugnare.
535 3118 595 3179 Sed
618 3137 709 3197 quam
731 3118 859 3193 vellem,
884 3125 916 3176 ut
938 3117 1019 3176 hunc

98 3201 232 3258 animum
255 3199 447 3278 deponeres,
480 3206 511 3259 et
532 3201 598 3260 sedi
620 3202 812 3281 apostolicae
835 3207 864 3260 te
887 3220 941 3279 per
956 3220 1018 3261 orn-

100 3285 147 3342 nia
171 3281 368 3342 obedientem
392 3291 580 3363 praestares,
614 3284 734 3344 audires
757 3284 895 3346 Leonem
918 3285 945 3343 X
968 3285 1018 3343 Vi-

36 3419 43 3433 ,
99 3364 357 3442 carium-Christi,
380 3384 442 3426 non
463 3385 624 3444 quaereres
644 3367 944 3447 singularitatem*),
964 3368 1018 3426 sed

99 3446 364 3508 condescenderes
387 3451 541 3509 communi
564 3449 724 3511 doctorum
748 3452 935 3528 sententiae,
957 3468 1018 3509 cer-

101 3544 146 3590 tus
168 3531 250 3610 quod
275 3531 414 3591 Christus
444 3533 606 3592 ecclesiam
639 3554 724 3593 suam
759 3535 819 3592 iam
843 3532 946 3593 CCCC
968 3553 1019 3592 an-

100 3634 156 3674 nos
180 3633 242 3673 uon
273 3617 462 3693 permisisset.
490 3618 519 3674 in
544 3618 609 3676 istis
645 3616 696 3700 (ut
727 3624 757 3676 tu
780 3616 944 3681 divinarist
970 3636 1020 3675 er-

153 3799 187 3861 *›
206 3797 286 3850 suo.
306 3797 372 3865 epp.
395 3795 436 3848 aa.
457 3796 492 3848 ue
511 3782 608 3861 werre,
628 3794 647 3864 Ι,
667 3797 727 3852 309,

758 3870 806 3940 2*
