2346 4208
358 318 361 327 ·
386 278 494 337 additio
511 281 541 336 ll.
559 278 638 336 llari.
655 279 779 339 hathui.
803 302 818 337 ·.
1009 276 1050 344 19

115 472 301 531 ssstrrrun
323 470 506 548 arguments
525 467 682 548 venimus,
709 466 824 529 odium'
839 467 980 531 inscitiae
1001 485 1051 529 re·

124 557 211 613 strae
240 549 332 613 latius
361 550 548 632 pandamus,
576 570 630 613 cur
649 568 714 613 non
734 557 766 611 et
786 549 931 613 Iudaeum
953 557 986 613 at
1005 551 1050 611 lu-

124 634 274 697 daeorum
297 640 462 715 patronum
484 654 533 696 me
554 635 739 713 mutuaris,
766 632 882 713 idest,
909 651 1049 713 excusas,
1086 674 1088 678 -

126 718 181 796 qui
205 736 319 797 negem
338 736 389 781 me
417 737 487 778 cum
514 718 574 779 illis
603 718 733 796 sentire,
762 735 830 779 oum
860 724 962 780 tamen
991 716 1050 797 ipsi

125 800 282 862 fateantur
310 802 404 861 multa
432 820 503 861 esse
532 820 604 879 sua,
634 818 714 879 quae
742 806 921 863 constanter
942 799 1048 862 maeri

122 883 174 947 nn
185 883 269 964 qnod
283 884 346 945 hoc
357 882 494 946 odicium
510 884 652 945 fratribus
670 889 742 945 tuae
757 883 875 946 hunos
886 883 1046 964 reliquisti,

123 967 178 1047 qui
190 967 285 1029 libros
297 967 470 1030 haereticos
488 973 520 1028 et
539 967 741 1029 haeretitates
762 987 819 1048 pro
840 986 897 1029 suo
920 967 1046 1029 arbitrio

123 1051 264 1113 invenire
285 1051 436 1131 possunt?
480 1049 561 1126 Quid
582 1050 663 1111 onim
692 1069 755 1111 non
781 1052 969 1129 invenirent,
997 1049 1049 1128 qni

124 1140 189 1195 tarn
211 1134 304 1197 anxie
325 1133 502 1214 inquirunt?
536 1134 600 1195 lam
624 1152 693 1193 cum
715 1142 748 1194 et
767 1133 874 1196 Iudaei
895 1131 986 1195 nobis
1008 1133 1049 1193 vi·

124 1217 229 1279 ainaim
250 1218 282 1278 in
306 1211 408 1279 multia
430 1217 591 1298 placeant,
622 1216 752 1279 Emsero
775 1218 922 1299 magistro
947 1215 1047 1277 ludaei

123 1299 250 1363 dicandi
271 1320 386 1362 snmus.
1079 1360 1082 1365 .

208 1383 336 1463 lterum,
363 1384 389 1445 si
416 1381 605 1445 haereticum
631 1388 679 1443 est
705 1401 799 1445 omne
819 1383 968 1463 planitu-
991 1381 1060 1444 llox

123 1466 295 1546 hamarum,
317 1487 335 1528 a
357 1465 517 1529 contrariis
540 1464 725 1527 catholicum
749 1464 816 1545 erit,
838 1464 985 1546 quidquid
1003 1466 1048 1525 eis

122 1549 276 1630 displicet
315 1549 358 1613 As
379 1546 547 1626 libidinem,
568 1567 728 1628 pompam,
750 1549 921 1628 arentiam,
943 1567 1047 1628 super

123 1633 205 1697 biam
231 1634 412 1694 olericmum
434 1631 479 1695 illi
501 1632 577 1693 miro
600 1631 694 1691 modo
717 1629 927 1710 detestantur,
947 1632 1048 1710 eequi-

124 1724 184 1795 tur,
206 1717 479 1778 catholicissimam
494 1733 564 1776 esso
574 1713 668 1775 hodie
688 1714 852 1777 ecclesiam
865 1715 1048 1791 Romanam,

123 1801 157 1862 in
170 1818 231 1879 qus
244 1799 322 1862 haec
341 1817 438 1879 usque
456 1796 495 1857 ad
515 1797 686 1861 clamorem
710 1799 742 1859 in
764 1797 885 1858 coelum
907 1803 1048 1878 regnant.
1119 1818 1121 1828 ·

123 1881 151 1944 Ο
174 1885 426 1963 quot'invenies,
448 1882 490 1945 mi
511 1881 636 1958 Emser,
663 1880 755 1941 huius
776 1881 898 1962 generis
920 1879 1048 1943 catholi-

121 1984 195 2045 con,
217 1984 281 2028 non
304 1965 427 2042 dubito,
459 1965 532 2044 quin
554 1971 587 2025 et
609 1970 641 2025 tn
663 1963 920 2027 catholicissimus
942 1965 983 2024 sis
1006 1962 1048 2023 iu·

121 2058 208 2111 turus
234 2057 266 2112 at
292 2049 467 2111 haereticos
495 2054 632 2109 extreme
659 2055 894 2128 persecuturus,
924 2047 950 2109 ai
972 2047 1050 2108 haee

123 2133 332 2277 Boherporum
365 2131 513 2212 dogmata
546 2138 578 2192 et
608 2130 724 2212 placita
758 2133 858 2212 possis
891 2131 1049 2193 haeretica

124 2222 214 2278 osten
239 2237 300 2279 cre.

207 2301 347 2378 Denique
377 2298 503 2358 veniunt
532 2297 571 2356 ad
599 2317 706 2357 manus
734 2316 819 2359 meas
850 2297 987 2377 quotidie
1009 2317 1049 2358 ex

123 2382 255 2444 diversis
296 2381 400 2442 mundi
440 2379 575 2460 partibus
609 2381 881 2443 eruditissimorum
916 2383 1049 2443 virorum

125 2468 244 2542 literae,
268 2465 486 2546 gratulantium
499 2464 630 2542 veritati,
653 2469 683 2523 et
704 2463 734 2523 id
757 2466 846 2525 unice
869 2465 1049 2541 timentium,

124 2569 166 2610 ne
194 2549 333 2610 felicibus
362 2548 498 2627 coeptis,
529 2552 581 2607 tua
610 2553 641 2606 et
667 2548 711 2606 tui
737 2547 882 2607 similium
909 2566 1050 2628 persecu·

124 2635 212 2694 tione
224 2630 255 2716 ¹)
287 2636 436 2708 vexatus,
470 2629 567 2689 desim
580 2628 609 2704 ²)
647 2638 678 2689 et
705 2629 895 2709 palinodiam
931 2649 1050 2693 canam.

125 2715 209 2790 Quid
231 2734 270 2775 ex
291 2715 339 2777 his
361 2713 477 2776 facies?
511 2713 711 2775 Dialecticam
733 2710 900 2775 Eccianam
923 2713 1051 2775 consule

124 2807 159 2859 et
183 2800 304 2878 patroni
338 2798 544 2858 Bohemorum
580 2803 684 2874 erunt,
720 2814 821 2874 neque
853 2796 935 2857 enim
970 2797 1050 2858 alios

124 2881 220 2943 libros
245 2901 329 2943 meos
351 2881 458 2960 legunt
479 2881 553 2960 ipsi,
577 2898 668 2958 qnam
690 2879 830 2941 Bohemi.
1093 2889 1097 2896 '

210 2965 237 3025 Ο
266 2984 323 3025 vos
350 2964 488 3024 infelices
515 2970 547 3023 et
577 2962 665 3024 nihili
694 2963 875 3044 theologos,
905 2960 1051 3041 idolaque

125 3048 242 3127 mnndi,
265 3049 315 3127 qui
338 3066 493 3107 sacrarum
515 3046 669 3107 literarum
692 3047 801 3126 ignari,
824 3044 1049 3107 ecclesiasticas

126 3133 296 3193 sententias
310 3150 373 3191 non
392 3129 459 3190 ahie
477 3131 569 3190 armis
593 3130 669 3190 tueri
691 3131 830 3208 potestis,
853 3147 944 3208 quam
967 3127 1049 3207 qnod

127 3217 257 3291 timetis,
286 3213 506 3294 indignamini,
534 3213 731 3292 suspicamini
753 3213 912 3293 pueriliter
936 3217 966 3272 et
989 3231 1050 3272 mu·

127 3297 264 3360 liebriter
294 3297 444 3377 placitura
471 3315 540 3356 esse
561 3295 710 3375 dogmata
730 3295 902 3360 haereticis.
945 3294 995 3354 An
1017 3295 1053 3359 ti-.

124 3401 222 3456 more,
244 3382 429 3461 suspicione,
451 3379 664 3458 indignatione
683 3386 790 3440 contra
810 3380 954 3440 haereses
978 3397 1050 3458 pug-

126 3465 262 3526 nandum
288 3461 474 3524 decernitis?
506 3461 556 3523 Sic
577 3461 709 3524 ludibrio
730 3464 886 3542 exponitis
909 3460 1048 3521 militiam

126 3544 321 3609 Christianae
343 3547 489 3624 veritatis,
511 3564 591 3625 qnae
609 3548 697 3606 turris
710 3546 811 3606 David
830 3546 913 3607 mille
933 3544 1050 3626 clypeis

125 3639 159 3692 et
172 3633 257 3693 omni
276 3636 431 3692 armatura
444 3629 566 3691 fortium
592 3631 718 3705 munita,
742 3629 882 3690 torribilis
906 3635 954 3689 est
975 3630 1053 3689 sicut
1154 3710 1157 3716 ι

163 3820 197 3885 l)
216 3820 247 3871 ln
263 3817 310 3871 ed.
330 3819 414 3886 origo
430 3820 621 3885 persecutore.
653 3814 689 3882 2)
708 3815 738 3868 lu
758 3814 800 3868 ed.
819 3797 896 3870 dene.
915 3814 1059 3867 dasium„

799 3887 848 3953 2*
