2346 4208
121 251 187 321 m
361 255 501 311 auctu
520 271 608 324 super
625 258 812 325 Propositiu

122 442 224 520 gratia
244 456 276 501 et
296 442 424 517 veritas,
445 442 512 502 sire
534 397 660 517 dentur,
681 442 750 503 aire
769 438 954 516 ιιιιιιιιιιιιι,
972 438 1032 503 titt

123 523 347 620 dispensentur.
368 526 435 584 sire
446 523 649 604 applicentur.
680 524 751 586 Nou
762 526 848 585 enirn
858 522 939 583 liunt
947 519 1033 599 alred,

122 626 214 686 qnam
236 622 344 667 menta
355 607 509 679 Christi,
500 628 531 666 ιιι
553 626 740 687 quocunque
749 626 858 669 eoruru
880 624 950 683 nan,
967 602 1032 667 idne

122 692 200 750 sieut
222 710 279 750 nec
300 689 391 751 dare
424 692 467 751 ita
489 710 549 751 uec
567 691 725 770 applicare
745 710 786 751 ea
804 698 914 770 potest
935 686 1033 765 ιιιιιιιι

121 773 207 835 (ιιιιι
229 773 302 853 quid
325 774 412 834 reiis.
1039 836 1043 841 ,

185 857 315 918 Rursum
328 857 405 918 dicis
415 855 444 937 ¹)
455 879 463 916 :
480 857 719 917 llinisterialiter
727 855 779 917 dat
792 857 904 917 merita
914 854 1034 931 (Dr'udr

123 941 203 1001 haec
223 940 384 1007 concedo
415 940 471 1000 sed
501 959 565 1000 non
587 959 644 1018 pro
666 938 885 1035 indulgentiis,
905 940 978 1018 quia
994 938 1037 999 ina

123 1023 301 1104 dulgentiae
328 1036 400 1083 sunt
426 1024 600 1083 contrariae
618 1024 746 1083 -ιιιιιιιιι
773 1022 905 1095 Christi,
931 1020 1036 1083 morib

123 1106 235 1167 Christi
246 1118 320 1167 sunt
337 1109 437 1186 gretia
449 1118 480 1165 et
501 1107 625 1175 veritas,
647 1125 728 1184 qnae
743 1106 861 1167 faciunt
881 1068 1033 1167 delium

123 1193 154 1250 in
176 1191 294 1269 spiritu,
315 1202 348 1249 et
368 1192 555 1249 sanctiorem
576 1209 648 1249 eum
669 1191 721 1267 qui
742 1189 952 1284 consequitur.
990 1184 1034 1249 ln

123 1273 301 1352 dulgentiee
323 1292 396 1333 vero
418 1273 494 1333 nihil
516 1272 591 1333 boni
612 1271 801 1333 conlemnt
791 1292 824 1331 ιιι
846 1272 966 1350 spiritu,
985 1266 1039 1331 aad

123 1359 281 1417 remittunt
291 1355 375 1415 bona
396 1370 521 1435 spurtus
532 1370 642 1417 contra
655 1356 763 1415 merita
774 1353 900 1415 christi.
940 1352 1035 1429 orus

122 1441 182 1519 ipsi
203 1439 337 1499 viderint
355 1458 412 1498 sua
433 1438 529 1499 verbo
549 1450 581 1497 et
603 1458 692 1498 usum
713 1456 820 1513 suum,
848 1455 929 1517 ego,
955 1434 1036 1497 ntra

122 1541 229 1583 eorurn
250 1524 433 1583 reuerentia.
455 1520 536 1583 dieo.
559 1520 653 1599 quod
674 1532 708 1581 ut
720 1519 816 1581 verba
836 1528 962 1595 sonant
980 1536 1035 1579 ara·

122 1607 178 1664 rita
202 1605 288 1664 Chris
275 1608 312 1664 ιι
334 1623 396 1665 non
420 1624 490 1664 esse
511 1623 606 1684 posse
633 1603 809 1663 thesaurum
838 1602 1034 1683 indulgens}

122 1708 206 1765 rum,
233 1688 290 1748 sed
311 1700 419 1748 contra
441 1687 617 1747 thesaurum
649 1688 883 1766 impositionurn
910 1694 946 1747 et
969 1702 1034 1765 poe

123 1791 230 1831 narum
251 1771 445 1831 serendarum
467 1771 597 1832 omnino
617 1770 772 1830 contraria
792 1767 1002 1850 indulgentiis.

203 1854 278 1915 ldeo
300 1854 401 1913 fateor
421 1872 460 1913 ea
488 1852 620 1913 conlerri
642 1851 883 1913 ministerialiter
900 1854 934 1913 in
953 1850 1033 1913 otc

122 1937 240 1997 lutionc
261 1937 384 2015 culpae,
405 1936 448 1997 ibi
469 1937 551 1996 enim
572 1955 622 1995 res
643 1937 766 2015 spiritua
787 1936 901 2014 agitur,
920 1934 964 1995 ilti
982 1950 1036 1999 ut·

119 2022 178 2079 rita
199 2019 311 2079 Christi
333 2029 501 2099 operantur
520 2018 560 2078 ad
580 2018 709 2079 verbum
729 2017 912 2095 sacerdotis,
932 2019 961 2079 si
981 2034 1037 2079 ιιι

122 2102 175 2162 (ιιι
196 2115 353 2182 peccator
374 2102 452 2161 alias
474 2120 678 2180 nequaquem.

206 2183 309 2259 Quare
320 2184 555 2251 declaratorrarn
567 2185 653 2244 rllanr
664 2203 727 2244 non
749 2183 876 2258 damno,
897 2136 1034 2255 sedin²l

121 2287 178 2327 suo
200 2287 295 2327 sensu
316 2287 387 2327 earn
418 2269 570 2345 relinquo.
614 2267 647 2327 Si
674 2280 778 2327 auteur
810 2274 921 2346 aptate
945 2266 1036 2341 tuat,

121 2358 155 2410 ut
175 2362 284 2411 contra
303 2350 465 2430 praedicta
486 2352 614 2417 militet.
642 2369 773 2429 respuo,
800 2356 834 2409 et
855 2348 992 2428 postulo,
1003 2352 1037 2420 ‚d

121 2432 267 2493 reddatur
295 2436 375 2494 ratio
397 2433 559 2493 dictorum.
600 2432 722 2493 Deinde
749 2430 933 2493 ostendatur
959 2432 1035 2512 pole

123 2524 187 2576 stas
208 2517 341 2578 faciendi
366 2516 516 2577 articulos
536 2514 624 2591 fidei,
647 2524 700 2577 aut
720 2515 894 2595 proterruit
915 2513 1035 2595 probeo

122 2599 284 2675 revelatio,
306 2599 397 2660 nudis
419 2599 520 2660 verbis
541 2599 686 2679 prohibet
706 2618 756 2660 me
776 2598 893 2659 Paulus
909 2596 1034 2661 creden

431 2769 656 2831 Conclusio
683 2767 737 2829 xl.

164 2935 284 3010 Dicere,
305 2934 514 3015 indulgentias
526 2955 595 2995 ease
618 2934 732 2995 bonurn
745 2932 936 3011 christiano,
956 2940 1002 2997 nt

147 3020 293 3089 insanire
316 3032 388 3079 sunt
411 3020 663 3078 enimverissirne
682 3017 788 3096 operia
810 3015 887 3077 boni
908 2980 1017 3091 ιιιιιιι,

145 3114 177 3161 ιι
186 3100 361 3182 improbare
375 3100 583 3181 indulgentias
596 3100 688 3161 debet
696 3098 889 3161 Christianus
900 3101 942 3161 ol)
952 3099 1016 3161 alt}

145 3205 225 3259 sum,
247 3186 320 3262 quia
341 3185 490 3245 Dominus
512 3183 601 3245 dicit:
637 3183 767 3262 Propter
787 3199 837 3243 rue
858 3181 979 3245 deleo
969 3182 1017 3245 ιιιι·

145 3271 281 3347 quitates
304 3280 383 3341 tuns,
404 3287 466 3327 non
488 3276 615 3347 propter
634 3266 792 3363 pecunias.

209 3349 364 3429 Propheta
385 3350 464 3409 Pssl.
486 3352 537 3414 40.
560 3348 727 3429 appellat
718 3348 855 3409 insanias
875 3348 969 3409 falsas
987 3346 1029 3408 hc

127 3435 242 3494 ninum
264 3432 437 3493 doctrinas.
468 3434 577 3512 quibus
605 3432 715 3492 colitur
735 3431 838 3497 Deus
865 3434 1029 3528 contemplo

127 3518 192 3577 eius
219 3514 376 3576 mandato
420 3514 544 3590 Quanto
574 3516 673 3595 magis
693 3515 852 3575 inuniunt
877 3515 899 3575 ιι
891 3514 963 3591 Ἰ),
981 3508 1028 3591 ιιι.

179 3707 209 3757 ιι
229 3706 258 3757 tn
286 3703 455 3759 editionibus
480 3707 569 3774 orig..
595 3701 680 3755 dices.
731 3700 766 3769 2)
795 3699 865 3755 ibid.
891 3700 978 3757 aaut:
998 3698 1026 3747 ῙΙ·

127 3778 161 3839 31
180 3776 266 3831 Did:
280 3776 332 3829 trit.
