2346 4208
312 249 453 319 parandus
472 252 581 305 animus
600 250 636 304 ad
655 256 783 306 mortem
961 249 1024 317 466

101 436 213 498 Merito
235 437 327 517 igitur
348 436 401 496 ille
413 436 512 497 Deum
535 435 650 497 amabit
671 443 704 498 at
724 438 922 517 praedicabit,
947 423 1024 502 mor·

101 527 163 580 tem
193 522 302 581 merito
336 538 403 579 cum
436 537 550 600 magna
566 521 669 580 animi
698 522 816 582 laetitia
848 522 962 584 subibit
987 524 1024 602 is,

100 604 150 662 cui
173 621 230 683 per
249 604 378 684 gratiam
393 604 449 663 Dei
471 612 592 682 tempus
615 611 662 663 est
683 603 798 680 datum,
821 623 882 684 quo
905 611 937 666 et
954 623 1024 686 pec·

100 693 173 746 cata
194 704 250 746 sua
271 685 420 762 confiteri,
443 692 474 746 et
495 686 722 747 absolutionem
744 687 859 766 audire,
881 689 955 748 item
977 706 1025 749 sa·

101 775 291 829 crumentum
320 769 424 828 altaris
454 787 576 829 sumere
598 771 706 850 possit
750 770 858 831 Certus
881 771 1024 832 enimde

102 871 159 912 sua
178 851 280 912 salute
300 858 363 925 est,
393 853 445 930 qui
466 871 592 912 securus
612 853 708 914 verbo
730 854 803 931 Dei,
815 854 909 934 quod
930 853 1024 932 audit,

103 937 259 1014 innititur,
282 934 425 996 attidem
450 955 537 995 suam
561 938 760 996 sacramentis
783 939 881 998 munit
901 943 934 998 et
953 956 1026 1000 con·

100 1017 210 1081 firmat.
303 1059 307 1064 =
442 1072 446 1077 .

186 1104 219 1161 in
251 1102 453 1162 sacramentis
487 1102 569 1161 enim
605 1107 704 1162 tecum
741 1103 891 1183 loquitur,
923 1109 1024 1164 tecum

101 1185 167 1266 agit
189 1183 326 1245 Christus
349 1184 499 1245 Dominus
528 1184 610 1244 Deus
639 1191 707 1245 tuus
739 1204 795 1265 per
821 1182 1025 1248 sacerdotem.
1078 1220 1080 1224 ν

100 1267 209 1346 Neque
240 1267 432 1327 sentiendum
462 1276 525 1344 est,
561 1267 643 1346 quod
678 1269 728 1328 vel
757 1289 835 1348 opus
867 1269 942 1329 illud
975 1270 1025 1330 vel

102 1349 248 1430 verbum,
271 1351 353 1430 quod
377 1349 481 1426 audis,
503 1352 543 1410 sit
565 1350 708 1414 hominis.
752 1352 830 1413 Nam
852 1354 919 1432 ipsc
941 1353 1024 1412 Deus

102 1435 209 1495 omnia
243 1434 298 1494 tibi
329 1435 360 1493 in
388 1432 442 1494 illo
474 1432 569 1492 verbo
598 1435 763 1513 promittit,
796 1453 875 1514 quae
902 1437 963 1496 iam
986 1435 1025 1496 de

101 1517 227 1581 uhnsto
243 1516 384 1576 diximus.
407 1516 447 1575 ht
464 1516 529 1576 vuit
547 1536 621 1576 suae
645 1517 716 1577 fidei
737 1519 869 1598 pignora
890 1519 1025 1579 essaitha

101 1607 313 1677 santamente,
348 1608 379 1659 ut
401 1606 501 1659 certus
530 1601 587 1671 sis,
620 1599 701 1678 quod
725 1601 837 1661 Christi
857 1603 920 1661 vita
941 1608 1024 1662 tuam

103 1689 245 1760 mortem,
268 1683 350 1762 quod
374 1683 484 1742 Christi
508 1681 685 1742 obedientia
708 1692 760 1743 tua
781 1691 918 1763 peccata,
942 1683 1023 1762 quod

100 1765 213 1826 Christi
227 1785 315 1827 amor
326 1765 477 1826 infernum
486 1772 570 1825 tuum
583 1767 614 1825 in
627 1786 660 1826 se
668 1769 819 1846 receperit
829 1774 861 1827 et
868 1766 1024 1830 devicerit.

184 1849 241 1909 Est
268 1855 301 1911 et
327 1848 410 1909 aliud
433 1847 588 1926 quoddam
610 1849 825 1928 commodum,
858 1849 942 1929 quod
969 1869 1026 1930 per

101 1931 181 1991 haec
201 1928 396 1994 sacramenta
418 1932 543 2010 reliquis
562 1931 683 1992 Sanctis
705 1940 736 1993 te
757 1932 874 1993 addunt
897 1935 1025 2010 socium,

101 2022 135 2075 nt
156 2017 262 2076 venias
283 2017 314 2075 in
337 2015 519 2075 Sanctorum
555 2016 828 2096 congregationem
868 2023 899 2076 et
921 2034 1024 2076 veram
1114 2084 1121 2102 ἱ

103 2097 288 2159 Sanctorum
311 2099 568 2161 communionem.
611 2099 689 2159 Nam
714 2107 745 2160 et
764 2105 864 2160 tecum
887 2101 918 2159 in
942 2098 1024 2160 Chri·

101 2187 150 2240 sto
175 2183 352 2258 moriuntur,
376 2187 477 2241 tecum
501 2189 630 2261 peccata
651 2190 785 2261 portant,
813 2191 913 2244 tecum
936 2183 1024 2242 in'fer-

102 2284 175 2323 num
208 2284 330 2343 quoque
362 2266 496 2325 vincunt.
548 2264 658 2325 Gravis
689 2285 762 2346 ergo
793 2266 967 2327 consolatio
992 2267 1023 2325 in

34 2357 37 2362 “
102 2346 164 2406 illis
188 2349 388 2407 sacramentis
411 2354 473 2423 est,
503 2366 582 2425 qnae
612 2349 686 2407 nibil
709 2346 791 2409 aliud
814 2356 900 2422 suut,
933 2369 1025 2429 quam

104 2430 231 2491 verbum
254 2432 309 2491 Dei
341 2440 371 2490 et
400 2432 519 2510 signum
544 2430 699 2508 quoddam
721 2432 855 2511 visibile,
889 2432 972 2511 quod
993 2434 1024 2492 in

103 2514 211 2573 oculos
234 2516 368 2574 incurrit.
412 2514 453 2572 Et
486 2514 564 2573 sicut
591 2513 667 2573 iilud
699 2516 807 2575 vocale
835 2515 961 2576 verbum
983 2518 1025 2575 in·

102 2598 195 2657 currit
225 2598 255 2656 in
287 2617 374 2656 aures
410 2615 524 2675 easque
552 2597 636 2674 ferit,
658 2598 702 2656 ita
724 2605 916 2659 sacramenta
938 2601 1026 2680 signa

104 2687 176 2739 sunt
198 2679 320 2740 divinae
337 2681 502 2739 voluntatis
522 2679 660 2740 subiecta
679 2681 785 2758 oculis,
809 2682 917 2761 quibus
938 2684 1026 2742 inniti

103 2761 180 2823 fides
202 2763 294 2823 debet
324 2783 379 2823 ceu
410 2762 497 2822 firmo
520 2763 648 2839 baculu,
681 2781 741 2840 quo
771 2784 842 2824 usus
865 2772 912 2824 est
933 2765 1025 2824 laoob

102 2846 283 2924 patriarcba,
307 2866 375 2906 cum
400 2847 597 2924 pertransiret
618 2846 790 2923 Iordanem,
817 2848 848 2907 in
872 2865 951 2925 quae
973 2866 1025 2907 no·

102 2930 156 2989 stri
183 2931 263 2989 oculi
285 2929 378 2989 defixi
403 2948 472 2988 esse
494 2929 609 2989 debent
630 2949 685 2988 eeu
707 2932 737 2989 in
759 2930 924 3007 lucernam,
947 2949 1026 3008 quae

104 3014 173 3072 viae
196 3013 258 3072 dux
289 3014 388 3073 estin
413 3012 543 3073 obscuro
569 3019 599 3072 et
621 3013 791 3092 caliginoso
816 3015 886 3074 loco
910 3015 1027 3090 mortis,

105 3098 225 3174 peceati
257 3104 288 3156 et
311 3097 437 3174 inferni,
473 3097 551 3154 sicut
573 3097 769 3177 Propheta*)
796 3115 918 3175 quoque
937 3097 1025 3157 dicit:

102 3179 242 3239 Lucerna
264 3179 393 3259 pedibus
417 3180 491 3238 meis
515 3178 640 3239 verbum
664 3185 758 3255 tuum,
783 3189 813 3240 et
835 3179 1025 3262 Petrrrs**):

102 3261 259 3322 Habemus
292 3262 455 3322 firmiorem
500 3281 673 3322 sermonem
711 3264 940 3343 propheticum,
978 3265 1026 3322 cui

103 3345 174 3405 dum
198 3347 355 3406 attenditis
392 3364 448 3405 ceu
476 3345 620 3405 lucernae
650 3348 811 3424 apparenti
840 3349 871 3407 in
894 3347 1025 3407 obscuro

101 3429 184 3506 loco,
206 3437 290 3488 recte
313 3429 412 3488 facitis
435 3435 493 3488 ete.
1084 3494 1090 3507 Ι

185 3512 225 3572 Ε1
257 3531 347 3588 sane,
378 3511 533 3590 quodnam
566 3510 648 3571 alind
691 3513 721 3570 in
758 3514 860 3571 mortis
889 3513 1025 3593 periculo

103 3614 234 3674 quaeres
257 3595 426 3655 auxilium?
467 3594 582 3655 Omnes
606 3595 708 3671 enim,
731 3598 883 3673 quotquot
904 3616 1026 3657 servan-

102 3688 160 3755 tur,
185 3679 246 3739 hoc
268 3685 429 3738 servantur
451 3679 551 3757 signo,
574 3676 656 3756 quod
673 3677 825 3737 Christum
848 3679 901 3739 tibi
925 3688 1028 3740 osten-

160 3767 301 3846 “ipssa
325 3783 381 3837 119.
420 3781 470 3847 ”J
492 3767 523 3835 ts
537 3779 595 3832 Pet.
618 3779 644 3834 2.

129 3886 220 3926 botheri
234 3897 285 3935 opp.
300 3886 326 3926 V.
336 3885 362 3925 Δ.
377 3886 407 3926 ad
419 3885 461 3926 ret.
474 3885 526 3926 tna
540 3885 556 3927 1.
569 3896 589 3937 p.
607 3886 657 3930 Vol·
668 3887 713 3928 111.
831 3853 875 3920 ab)
