<?xml version="1.0" encoding="UTF-8"?>
<!DOCTYPE html PUBLIC "-//W3C//DTD XHTML 1.0 Transitional//EN"
    "http://www.w3.org/TR/xhtml1/DTD/xhtml1-transitional.dtd">
<html xmlns="http://www.w3.org/1999/xhtml" xml:lang="en" lang="en">
 <head>
  <title>
</title>
<meta http-equiv="Content-Type" content="text/html;charset=utf-8" />
  <meta name='ocr-system' content='tesseract 3.04.00' />
  <meta name='ocr-capabilities' content='ocr_page ocr_carea ocr_par ocr_line ocrx_word'/>
</head>
<body>
  <div class='ocr_page' id='page_1' title='image "./dmartinilutheri04luthgoog_0773.png"; bbox 0 0 2332 4206; ppageno 0'>
   <div class='ocr_carea' id='block_1_1' title="bbox 176 223 782 293">
    <p class='ocr_par' dir='ltr' id='par_1_1' title="bbox 176 223 782 293">
     <span class='ocr_line' id='line_1_1' title="bbox 176 223 782 293; baseline 0 -15"><span class='ocrx_word' id='word_1_1' title='bbox 176 223 242 293; x_wconf 77' lang='lat'><strong>248</strong></span> <span class='ocrx_word' id='word_1_2' title='bbox 503 225 782 278; x_wconf 67' lang='grc' dir='ltr'>ιηωιωιιιιιιι</span> 
     </span>
    </p>
   </div>
   <div class='ocr_carea' id='block_1_2' title="bbox 177 413 1117 1741">
    <p class='ocr_par' dir='ltr' id='par_1_2' title="bbox 177 413 1117 1659">
     <span class='ocr_line' id='line_1_2' title="bbox 177 413 1106 495; baseline -0.004 -17"><span class='ocrx_word' id='word_1_3' title='bbox 177 422 210 478; x_wconf 88' lang='lat' dir='ltr'><strong>ct</strong></span> <span class='ocrx_word' id='word_1_4' title='bbox 232 414 325 476; x_wconf 85' lang='lat' dir='ltr'><strong>fidele</strong></span> <span class='ocrx_word' id='word_1_5' title='bbox 346 414 510 476; x_wconf 87' lang='lat' dir='ltr'><strong>discrimen</strong></span> <span class='ocrx_word' id='word_1_6' title='bbox 543 415 680 474; x_wconf 88' lang='lat' dir='ltr'><strong>omnium</strong></span> <span class='ocrx_word' id='word_1_7' title='bbox 713 431 848 493; x_wconf 77' lang='lat' dir='ltr'><strong>operum</strong></span> <span class='ocrx_word' id='word_1_8' title='bbox 886 420 924 474; x_wconf 91' lang='lat' dir='ltr'><strong>ct</strong></span> <span class='ocrx_word' id='word_1_9' title='bbox 948 413 1049 495; x_wconf 75' lang='lat' dir='ltr'><strong>legun</strong></span> <span class='ocrx_word' id='word_1_10' title='bbox 1066 431 1106 474; x_wconf 78' lang='grc' dir='ltr'><strong>ιι</strong></span> 
     </span>
     <span class='ocr_line' id='line_1_3' title="bbox 177 496 1108 580; baseline -0.002 -20"><span class='ocrx_word' id='word_1_11' title='bbox 177 501 290 580; x_wconf 89' lang='lat' dir='ltr'><strong>cipere</strong></span> <span class='ocrx_word' id='word_1_12' title='bbox 313 508 343 558; x_wconf 92' lang='lat' dir='ltr'><strong>et</strong></span> <span class='ocrx_word' id='word_1_13' title='bbox 366 500 454 563; x_wconf 86' lang='lat' dir='ltr'><strong>scire</strong></span> <span class='ocrx_word' id='word_1_14' title='bbox 476 501 527 577; x_wconf 90' lang='lat' dir='ltr'><strong>qui</strong></span> <span class='ocrx_word' id='word_1_15' title='bbox 549 510 620 558; x_wconf 88' lang='lat' dir='ltr'><strong>sunt</strong></span> <span class='ocrx_word' id='word_1_16' title='bbox 636 496 668 567; x_wconf 68' lang='grc' dir='ltr'><strong>ἰ</strong></span> <span class='ocrx_word' id='word_1_17' title='bbox 693 499 790 575; x_wconf 75' lang='lat' dir='ltr'><strong>caeci,</strong></span> <span class='ocrx_word' id='word_1_18' title='bbox 813 497 920 572; x_wconf 74' lang='lat' dir='ltr'><strong>stulb&#39;</strong></span> <span class='ocrx_word' id='word_1_19' title='bbox 941 506 975 558; x_wconf 85' lang='lat' dir='ltr'><strong>et</strong></span> <span class='ocrx_word' id='word_1_20' title='bbox 998 498 1108 576; x_wconf 71' lang='lat' dir='ltr'><strong>quitari</strong></span> 
     </span>
     <span class='ocr_line' id='line_1_4' title="bbox 179 579 1110 663; baseline -0.004 -19"><span class='ocrx_word' id='word_1_21' title='bbox 179 592 212 645; x_wconf 87' lang='lat' dir='ltr'><strong>et</strong></span> <span class='ocrx_word' id='word_1_22' title='bbox 234 583 306 643; x_wconf 90' lang='lat' dir='ltr'><strong>boni</strong></span> <span class='ocrx_word' id='word_1_23' title='bbox 340 594 491 663; x_wconf 84' lang='lat' dir='ltr'><strong>pastores.</strong></span> <span class='ocrx_word' id='word_1_24' title='bbox 535 581 612 641; x_wconf 81' lang='lat' dir='ltr'><strong>Nam</strong></span> <span class='ocrx_word' id='word_1_25' title='bbox 634 579 846 660; x_wconf 85' lang='lat' dir='ltr'><strong>quodcunque</strong></span> <span class='ocrx_word' id='word_1_26' title='bbox 868 600 958 660; x_wconf 87' lang='lat' dir='ltr'><strong>opus</strong></span> <span class='ocrx_word' id='word_1_27' title='bbox 979 599 1044 641; x_wconf 92' lang='lat' dir='ltr'><strong>non</strong></span> <span class='ocrx_word' id='word_1_28' title='bbox 1061 580 1110 640; x_wconf 82' lang='grc' dir='ltr'><strong>ιιι</strong></span> 
     </span>
     <span class='ocr_line' id='line_1_5' title="bbox 182 663 1109 786; baseline -0.002 -60"><span class='ocrx_word' id='word_1_29' title='bbox 182 666 283 726; x_wconf 86' lang='lat' dir='ltr'><strong>solnm</strong></span> <span class='ocrx_word' id='word_1_30' title='bbox 307 665 460 744; x_wconf 81' lang='lat' dir='ltr'><strong>dirigitur</strong></span> <span class='ocrx_word' id='word_1_31' title='bbox 484 672 517 724; x_wconf 90' lang='grc' dir='ltr'><strong>ιιι</strong></span> <span class='ocrx_word' id='word_1_32' title='bbox 539 663 592 724; x_wconf 83' lang='lat' dir='ltr'><strong>fiat</strong></span> <span class='ocrx_word' id='word_1_33' title='bbox 614 664 664 724; x_wconf 81' lang='lat' dir='ltr'><strong>vel</strong></span> <span class='ocrx_word' id='word_1_34' title='bbox 686 663 726 724; x_wconf 86' lang='lat' dir='ltr'><strong>ad</strong></span> <span class='ocrx_word' id='word_1_35' title='bbox 747 682 803 724; x_wconf 79' lang='lat' dir='ltr'><strong>cas</strong></span> <span class='ocrx_word' id='word_1_36' title='bbox 804 664 978 786; x_wconf 72' lang='lat' dir='ltr'><strong>tigandum</strong></span> <span class='ocrx_word' id='word_1_37' title='bbox 1000 682 1109 744; x_wconf 78' lang='lat' dir='ltr'><strong>corpus,</strong></span> 
     </span>
     <span class='ocr_line' id='line_1_6' title="bbox 183 746 1111 827; baseline -0.002 -19"><span class='ocrx_word' id='word_1_38' title='bbox 183 749 233 810; x_wconf 87' lang='lat' dir='ltr'><strong>rel</strong></span> <span class='ocrx_word' id='word_1_39' title='bbox 262 748 301 809; x_wconf 85' lang='lat' dir='ltr'><strong>ad</strong></span> <span class='ocrx_word' id='word_1_40' title='bbox 324 748 505 827; x_wconf 76' lang='lat' dir='ltr'><strong>obsequium</strong></span> <span class='ocrx_word' id='word_1_41' title='bbox 538 749 709 827; x_wconf 76' lang='lat' dir='ltr'><strong>proximi(</strong></span> <span class='ocrx_word' id='word_1_42' title='bbox 694 746 862 827; x_wconf 81' lang='lat' dir='ltr'><strong>t)modo</strong></span> <span class='ocrx_word' id='word_1_43' title='bbox 889 759 1007 809; x_wconf 78' lang='lat' dir='ltr'><strong>contra</strong></span> <span class='ocrx_word' id='word_1_44' title='bbox 1025 747 1111 808; x_wconf 76' lang='lat' dir='ltr'><strong>neu·</strong></span> 
     </span>
     <span class='ocr_line' id='line_1_7' title="bbox 184 816 1112 912; baseline -0.003 -19"><span class='ocrx_word' id='word_1_45' title='bbox 184 831 257 893; x_wconf 87' lang='lat' dir='ltr'><strong>nibil</strong></span> <span class='ocrx_word' id='word_1_46' title='bbox 280 830 446 912; x_wconf 76' lang='lat' dir='ltr'><strong>postulet).</strong></span> <span class='ocrx_word' id='word_1_47' title='bbox 469 850 531 890; x_wconf 92' lang='lat' dir='ltr'><strong>non</strong></span> <span class='ocrx_word' id='word_1_48' title='bbox 555 840 602 890; x_wconf 88' lang='lat' dir='ltr'><strong>est</strong></span> <span class='ocrx_word' id='word_1_49' title='bbox 623 816 738 890; x_wconf 86' lang='lat' dir='ltr'><strong>bonum</strong></span> <span class='ocrx_word' id='word_1_50' title='bbox 760 849 822 890; x_wconf 88' lang='lat' dir='ltr'><strong>nec</strong></span> <span class='ocrx_word' id='word_1_51' title='bbox 834 829 1063 891; x_wconf 86' lang='lat' dir='ltr'><strong>Christianum.</strong></span> <span class='ocrx_word' id='word_1_52' title='bbox 1081 829 1112 890; x_wconf 73' lang='lat' dir='ltr'><strong>u</strong></span> 
     </span>
     <span class='ocr_line' id='line_1_8' title="bbox 182 912 1113 994; baseline -0.002 -20"><span class='ocrx_word' id='word_1_53' title='bbox 182 916 254 975; x_wconf 88' lang='lat' dir='ltr'><strong>binc</strong></span> <span class='ocrx_word' id='word_1_54' title='bbox 276 934 336 994; x_wconf 83' lang='lat' dir='ltr'><strong>ego</strong></span> <span class='ocrx_word' id='word_1_55' title='bbox 360 915 560 974; x_wconf 83' lang='lat' dir='ltr'><strong>vehementer</strong></span> <span class='ocrx_word' id='word_1_56' title='bbox 582 922 696 988; x_wconf 81' lang='lat' dir='ltr'><strong>metuo,</strong></span> <span class='ocrx_word' id='word_1_57' title='bbox 717 932 820 994; x_wconf 82' lang='lat' dir='ltr'><strong>panca</strong></span> <span class='ocrx_word' id='word_1_58' title='bbox 840 913 897 974; x_wconf 84' lang='lat' dir='ltr'><strong>vel</strong></span> <span class='ocrx_word' id='word_1_59' title='bbox 922 915 1013 974; x_wconf 76' lang='lat' dir='ltr'><strong>nulla</strong></span> <span class='ocrx_word' id='word_1_60' title='bbox 1033 912 1113 974; x_wconf 77' lang='lat' dir='ltr'><strong>collo</strong></span> 
     </span>
     <span class='ocr_line' id='line_1_9' title="bbox 182 994 1113 1079; baseline -0.001 -21"><span class='ocrx_word' id='word_1_61' title='bbox 182 1000 249 1079; x_wconf 82' lang='lat' dir='ltr'><strong>gia,</strong></span> <span class='ocrx_word' id='word_1_62' title='bbox 280 999 483 1071; x_wconf 80' lang='lat' dir='ltr'><strong>monasteria,</strong></span> <span class='ocrx_word' id='word_1_63' title='bbox 518 997 643 1072; x_wconf 75' lang='lat' dir='ltr'><strong>altana,</strong></span> <span class='ocrx_word' id='word_1_64' title='bbox 675 994 778 1056; x_wconf 82' lang='lat' dir='ltr'><strong>officia</strong></span> <span class='ocrx_word' id='word_1_65' title='bbox 810 996 1038 1058; x_wconf 85' lang='lat' dir='ltr'><strong>ecclesiastica</strong></span> <span class='ocrx_word' id='word_1_66' title='bbox 1057 1014 1113 1057; x_wconf 81' lang='lat' dir='ltr'><strong>esst</strong></span> 
     </span>
     <span class='ocr_line' id='line_1_10' title="bbox 183 1079 1112 1160; baseline -0.002 -19"><span class='ocrx_word' id='word_1_67' title='bbox 183 1081 357 1141; x_wconf 84' lang='lat' dir='ltr'><strong>Christiana</strong></span> <span class='ocrx_word' id='word_1_68' title='bbox 377 1079 488 1147; x_wconf 76' lang='lat' dir='ltr'><strong>hodic,</strong></span> <span class='ocrx_word' id='word_1_69' title='bbox 518 1098 576 1139; x_wconf 92' lang='lat' dir='ltr'><strong>nec</strong></span> <span class='ocrx_word' id='word_1_70' title='bbox 601 1099 662 1140; x_wconf 91' lang='lat' dir='ltr'><strong>non</strong></span> <span class='ocrx_word' id='word_1_71' title='bbox 685 1086 718 1140; x_wconf 90' lang='lat' dir='ltr'><strong>et</strong></span> <span class='ocrx_word' id='word_1_72' title='bbox 737 1081 854 1140; x_wconf 88' lang='lat' dir='ltr'><strong>ieiunia</strong></span> <span class='ocrx_word' id='word_1_73' title='bbox 875 1090 913 1140; x_wconf 87' lang='lat' dir='ltr'><strong>et</strong></span> <span class='ocrx_word' id='word_1_74' title='bbox 935 1079 1112 1160; x_wconf 82' lang='lat' dir='ltr'><strong>preculas³)</strong></span> 
     </span>
     <span class='ocr_line' id='line_1_11' title="bbox 185 1162 1114 1244; baseline 0 -21"><span class='ocrx_word' id='word_1_75' title='bbox 185 1164 359 1244; x_wconf 78' lang='lat' dir='ltr'><strong>peculiares</strong></span> <span class='ocrx_word' id='word_1_76' title='bbox 383 1162 422 1222; x_wconf 86' lang='lat' dir='ltr'><strong>de</strong></span> <span class='ocrx_word' id='word_1_77' title='bbox 445 1165 536 1223; x_wconf 91' lang='lat' dir='ltr'><strong>certis</strong></span> <span class='ocrx_word' id='word_1_78' title='bbox 550 1162 681 1223; x_wconf 79' lang='lat' dir='ltr'><strong>Sanctis.</strong></span> <span class='ocrx_word' id='word_1_79' title='bbox 724 1163 840 1223; x_wconf 81' lang='lat' dir='ltr'><strong>Metuo.</strong></span> <span class='ocrx_word' id='word_1_80' title='bbox 862 1167 1014 1242; x_wconf 81' lang='lat' dir='ltr'><strong>inquam,</strong></span> <span class='ocrx_word' id='word_1_81' title='bbox 1034 1162 1114 1223; x_wconf 84' lang='lat' dir='ltr'><strong>inbit</strong></span> 
     </span>
     <span class='ocr_line' id='line_1_12' title="bbox 183 1244 1114 1325; baseline -0.001 -18"><span class='ocrx_word' id='word_1_82' title='bbox 183 1246 330 1307; x_wconf 89' lang='lat' dir='ltr'><strong>omnibus</strong></span> <span class='ocrx_word' id='word_1_83' title='bbox 354 1249 459 1325; x_wconf 90' lang='lat' dir='ltr'><strong>quaeri</strong></span> <span class='ocrx_word' id='word_1_84' title='bbox 484 1265 545 1306; x_wconf 88' lang='lat' dir='ltr'><strong>non</strong></span> <span class='ocrx_word' id='word_1_85' title='bbox 560 1248 618 1305; x_wconf 89' lang='lat' dir='ltr'><strong>nisi</strong></span> <span class='ocrx_word' id='word_1_86' title='bbox 642 1266 690 1320; x_wconf 72' lang='lat' dir='ltr'><strong>ea,</strong></span> <span class='ocrx_word' id='word_1_87' title='bbox 712 1265 792 1324; x_wconf 85' lang='lat' dir='ltr'><strong>quae</strong></span> <span class='ocrx_word' id='word_1_88' title='bbox 806 1254 926 1307; x_wconf 86' lang='lat' dir='ltr'><strong>nostra</strong></span> <span class='ocrx_word' id='word_1_89' title='bbox 948 1255 1035 1325; x_wconf 83' lang='lat' dir='ltr'><strong>sunt,</strong></span> <span class='ocrx_word' id='word_1_90' title='bbox 1055 1244 1114 1306; x_wconf 77' lang='lat' dir='ltr'><strong>don</strong></span> 
     </span>
     <span class='ocr_line' id='line_1_13' title="bbox 183 1328 1114 1410; baseline -0.001 -21"><span class='ocrx_word' id='word_1_91' title='bbox 183 1329 368 1389; x_wconf 87' lang='lat' dir='ltr'><strong>arbitramur</strong></span> <span class='ocrx_word' id='word_1_92' title='bbox 390 1349 445 1408; x_wconf 89' lang='lat' dir='ltr'><strong>per</strong></span> <span class='ocrx_word' id='word_1_93' title='bbox 465 1328 544 1389; x_wconf 87' lang='lat' dir='ltr'><strong>haec</strong></span> <span class='ocrx_word' id='word_1_94' title='bbox 566 1331 688 1410; x_wconf 84' lang='lat' dir='ltr'><strong>purgari</strong></span> <span class='ocrx_word' id='word_1_95' title='bbox 711 1337 844 1408; x_wconf 83' lang='lat' dir='ltr'><strong>peccata</strong></span> <span class='ocrx_word' id='word_1_96' title='bbox 864 1337 1005 1407; x_wconf 82' lang='lat' dir='ltr'><strong>nostra,</strong></span> <span class='ocrx_word' id='word_1_97' title='bbox 1027 1336 1059 1389; x_wconf 88' lang='lat' dir='ltr'><strong>et</strong></span> <span class='ocrx_word' id='word_1_98' title='bbox 1076 1348 1114 1388; x_wconf 78' lang='grc' dir='ltr'><strong>ιι·</strong></span> 
     </span>
     <span class='ocr_line' id='line_1_14' title="bbox 184 1410 1114 1491; baseline 0.001 -19"><span class='ocrx_word' id='word_1_99' title='bbox 184 1414 277 1472; x_wconf 87' lang='lat' dir='ltr'><strong>intem</strong></span> <span class='ocrx_word' id='word_1_100' title='bbox 305 1414 450 1490; x_wconf 79' lang='lat' dir='ltr'><strong>inveniri,</strong></span> <span class='ocrx_word' id='word_1_101' title='bbox 478 1421 509 1471; x_wconf 91' lang='lat' dir='ltr'><strong>et</strong></span> <span class='ocrx_word' id='word_1_102' title='bbox 531 1413 577 1471; x_wconf 91' lang='lat' dir='ltr'><strong>sic</strong></span> <span class='ocrx_word' id='word_1_103' title='bbox 597 1412 732 1472; x_wconf 80' lang='lat' dir='ltr'><strong>funditus</strong></span> <span class='ocrx_word' id='word_1_104' title='bbox 755 1413 975 1491; x_wconf 71' lang='lat' dir='ltr'><strong>exstinguitur</strong></span> <span class='ocrx_word' id='word_1_105' title='bbox 998 1410 1114 1473; x_wconf 70' lang='lat' dir='ltr'><strong>tiberin</strong></span> 
     </span>
     <span class='ocr_line' id='line_1_15' title="bbox 182 1493 1117 1576; baseline 0 -20"><span class='ocrx_word' id='word_1_106' title='bbox 182 1494 374 1570; x_wconf 73' lang='lat' dir='ltr'><strong>Christiana,</strong></span> <span class='ocrx_word' id='word_1_107' title='bbox 408 1495 492 1574; x_wconf 83' lang='lat' dir='ltr'><strong>quod</strong></span> <span class='ocrx_word' id='word_1_108' title='bbox 515 1515 554 1555; x_wconf 86' lang='lat' dir='ltr'><strong>ex</strong></span> <span class='ocrx_word' id='word_1_109' title='bbox 575 1496 751 1576; x_wconf 87' lang='lat' dir='ltr'><strong>ignorantia</strong></span> <span class='ocrx_word' id='word_1_110' title='bbox 772 1493 980 1556; x_wconf 80' lang='lat' dir='ltr'><strong>Christianae</strong></span> <span class='ocrx_word' id='word_1_111' title='bbox 1002 1495 1074 1556; x_wconf 80' lang='lat' dir='ltr'><strong>fluet</strong></span> <span class='ocrx_word' id='word_1_112' title='bbox 1093 1502 1117 1555; x_wconf 85' lang='lat' dir='ltr'><strong>ct</strong></span> 
     </span>
     <span class='ocr_line' id='line_1_16' title="bbox 185 1577 545 1659; baseline 0.006 -21"><span class='ocrx_word' id='word_1_113' title='bbox 185 1579 332 1639; x_wconf 70' lang='lat' dir='ltr'><strong>libertatis</strong></span> <span class='ocrx_word' id='word_1_114' title='bbox 346 1578 378 1654; x_wconf 57' lang='grc' dir='ltr'><strong>ιι</strong></span> <span class='ocrx_word' id='word_1_115' title='bbox 404 1577 545 1659; x_wconf 62' lang='lat' dir='ltr'><strong>veniet).</strong></span> 
     </span>
    </p>

    <p class='ocr_par' dir='ltr' id='par_1_3' title="bbox 267 1659 1116 1741">
     <span class='ocr_line' id='line_1_17' title="bbox 267 1659 1116 1741; baseline 0.001 -20"><span class='ocrx_word' id='word_1_116' title='bbox 267 1659 366 1736; x_wconf 80' lang='lat' dir='ltr'><strong>Quam</strong></span> <span class='ocrx_word' id='word_1_117' title='bbox 395 1662 600 1741; x_wconf 84' lang='lat' dir='ltr'><strong>ignorantiam</strong></span> <span class='ocrx_word' id='word_1_118' title='bbox 634 1669 665 1720; x_wconf 91' lang='lat' dir='ltr'><strong>et</strong></span> <span class='ocrx_word' id='word_1_119' title='bbox 691 1659 843 1721; x_wconf 83' lang='lat' dir='ltr'><strong>libertatis</strong></span> <span class='ocrx_word' id='word_1_120' title='bbox 877 1663 1116 1741; x_wconf 71' lang='lat' dir='ltr'><strong>oppressione·</strong></span> 
     </span>
    </p>
   </div>
   <div class='ocr_carea' id='block_1_3' title="bbox 185 1827 1156 3314">
    <p class='ocr_par' dir='ltr' id='par_1_4' title="bbox 185 1827 1156 3048">
     <span class='ocr_line' id='line_1_18' title="bbox 185 1827 1156 1909; baseline -0.002 -21"><span class='ocrx_word' id='word_1_121' title='bbox 185 1828 256 1888; x_wconf 85' lang='lat' dir='ltr'><strong>dum</strong></span> <span class='ocrx_word' id='word_1_122' title='bbox 280 1828 443 1909; x_wconf 83' lang='lat' dir='ltr'><strong>populos&#39;</strong></span> <span class='ocrx_word' id='word_1_123' title='bbox 435 1848 467 1886; x_wconf 88' lang='grc' dir='ltr'><strong>ιιι</strong></span> <span class='ocrx_word' id='word_1_124' title='bbox 489 1847 527 1886; x_wconf 87' lang='lat' dir='ltr'><strong>ea</strong></span> <span class='ocrx_word' id='word_1_125' title='bbox 548 1828 648 1887; x_wconf 84' lang='lat' dir='ltr'><strong>studia</strong></span> <span class='ocrx_word' id='word_1_126' title='bbox 662 1827 833 1886; x_wconf 80' lang='lat' dir='ltr'><strong>sollicitant</strong></span> <span class='ocrx_word' id='word_1_127' title='bbox 854 1834 888 1886; x_wconf 84' lang='lat' dir='ltr'><strong>et</strong></span> <span class='ocrx_word' id='word_1_128' title='bbox 911 1847 953 1888; x_wconf 91' lang='lat' dir='ltr'><strong>ur</strong></span> <span class='ocrx_word' id='word_1_129' title='bbox 953 1836 1043 1908; x_wconf 81' lang='lat' dir='ltr'><strong>gent,</strong></span> <span class='ocrx_word' id='word_1_130' title='bbox 1064 1827 1116 1887; x_wconf 75' lang='lat' dir='ltr'><strong>lau</strong></span> <span class='ocrx_word' id='word_1_131' title='bbox 1154 1836 1156 1855; x_wconf 86' lang='lat'><strong>¹</strong></span> 
     </span>
     <span class='ocr_line' id='line_1_19' title="bbox 185 1907 1117 1989; baseline 0 -18"><span class='ocrx_word' id='word_1_132' title='bbox 185 1910 288 1971; x_wconf 86' lang='lat' dir='ltr'><strong>dando</strong></span> <span class='ocrx_word' id='word_1_133' title='bbox 310 1930 348 1971; x_wconf 91' lang='lat' dir='ltr'><strong>ea</strong></span> <span class='ocrx_word' id='word_1_134' title='bbox 369 1920 400 1971; x_wconf 90' lang='lat' dir='ltr'><strong>et</strong></span> <span class='ocrx_word' id='word_1_135' title='bbox 422 1912 483 1970; x_wconf 90' lang='lat' dir='ltr'><strong>suis</strong></span> <span class='ocrx_word' id='word_1_136' title='bbox 505 1910 704 1989; x_wconf 87' lang='lat' dir='ltr'><strong>indulgentiis</strong></span> <span class='ocrx_word' id='word_1_137' title='bbox 721 1907 871 1986; x_wconf 85' lang='lat' dir='ltr'><strong>inflando,</strong></span> <span class='ocrx_word' id='word_1_138' title='bbox 898 1909 1002 1971; x_wconf 84' lang='lat' dir='ltr'><strong>fidem</strong></span> <span class='ocrx_word' id='word_1_139' title='bbox 1024 1918 1117 1971; x_wconf 78' lang='lat' dir='ltr'><strong>auton</strong></span> 
     </span>
     <span class='ocr_line' id='line_1_20' title="bbox 185 1991 1118 2091; baseline -0.002 -36"><span class='ocrx_word' id='word_1_140' title='bbox 185 2014 339 2091; x_wconf 82' lang='lat' dir='ltr'><strong>nunquam</strong></span> <span class='ocrx_word' id='word_1_141' title='bbox 363 1992 516 2055; x_wconf 88' lang='lat' dir='ltr'><strong>docendo</strong></span> <span class='ocrx_word' id='word_1_142' title='bbox 559 1993 628 2073; x_wconf 78' lang='lat' dir='ltr'><strong>Ego</strong></span> <span class='ocrx_word' id='word_1_143' title='bbox 649 2000 752 2052; x_wconf 89' lang='lat' dir='ltr'><strong>autem</strong></span> <span class='ocrx_word' id='word_1_144' title='bbox 773 1991 827 2052; x_wconf 87' lang='lat' dir='ltr'><strong>tibi</strong></span> <span class='ocrx_word' id='word_1_145' title='bbox 840 1994 1028 2054; x_wconf 88' lang='lat' dir='ltr'><strong>consultum</strong></span> <span class='ocrx_word' id='word_1_146' title='bbox 1044 1993 1118 2071; x_wconf 87' lang='lat' dir='ltr'><strong>volo,</strong></span> 
     </span>
     <span class='ocr_line' id='line_1_21' title="bbox 186 2076 1117 2156; baseline 0 -19"><span class='ocrx_word' id='word_1_147' title='bbox 186 2079 211 2137; x_wconf 89' lang='lat' dir='ltr'><strong>si</strong></span> <span class='ocrx_word' id='word_1_148' title='bbox 234 2078 390 2156; x_wconf 86' lang='lat' dir='ltr'><strong>quippiam</strong></span> <span class='ocrx_word' id='word_1_149' title='bbox 413 2078 501 2136; x_wconf 85' lang='lat' dir='ltr'><strong>voles</strong></span> <span class='ocrx_word' id='word_1_150' title='bbox 524 2095 634 2150; x_wconf 80' lang='lat' dir='ltr'><strong>orare,</strong></span> <span class='ocrx_word' id='word_1_151' title='bbox 655 2076 812 2150; x_wconf 81' lang='lat' dir='ltr'><strong>ieiunare,</strong></span> <span class='ocrx_word' id='word_1_152' title='bbox 844 2077 933 2134; x_wconf 88' lang='lat' dir='ltr'><strong>aut</strong></span> <span class='ocrx_word' id='word_1_153' title='bbox 924 2096 958 2136; x_wconf 91' lang='grc' dir='ltr'><strong>ιιι</strong></span> <span class='ocrx_word' id='word_1_154' title='bbox 982 2076 1117 2137; x_wconf 83' lang='lat' dir='ltr'><strong>ecclesiis</strong></span> 
     </span>
     <span class='ocr_line' id='line_1_22' title="bbox 185 2121 1117 2238; baseline 0 -18"><span class='ocrx_word' id='word_1_155' title='bbox 185 2159 322 2234; x_wconf 78' lang='lat' dir='ltr'><strong>fundare</strong></span> <span class='ocrx_word' id='word_1_156' title='bbox 335 2167 367 2218; x_wconf 91' lang='lat' dir='ltr'><strong>ut</strong></span> <span class='ocrx_word' id='word_1_157' title='bbox 379 2167 503 2235; x_wconf 76' lang='lat' dir='ltr'><strong>vocant,</strong></span> <span class='ocrx_word' id='word_1_158' title='bbox 517 2177 593 2219; x_wconf 85' lang='lat' dir='ltr'><strong>cave</strong></span> <span class='ocrx_word' id='word_1_159' title='bbox 606 2121 700 2218; x_wconf 70' lang='lat' dir='ltr'><strong>inicias</strong></span> <span class='ocrx_word' id='word_1_160' title='bbox 713 2177 752 2219; x_wconf 94' lang='lat' dir='ltr'><strong>eo</strong></span> <span class='ocrx_word' id='word_1_161' title='bbox 767 2121 839 2234; x_wconf 73' lang='grc' dir='ltr'><strong>ιιιιιι,Ι</strong></span> <span class='ocrx_word' id='word_1_162' title='bbox 852 2175 917 2235; x_wconf 87' lang='lat' dir='ltr'><strong>quo</strong></span> <span class='ocrx_word' id='word_1_163' title='bbox 934 2158 992 2220; x_wconf 90' lang='lat' dir='ltr'><strong>tibi</strong></span> <span class='ocrx_word' id='word_1_164' title='bbox 1010 2156 1117 2238; x_wconf 81' lang='lat' dir='ltr'><strong>aliquid</strong></span> 
     </span>
     <span class='ocr_line' id='line_1_23' title="bbox 186 2241 1117 2337; baseline 0 -34"><span class='ocrx_word' id='word_1_165' title='bbox 186 2242 376 2303; x_wconf 89' lang='lat' dir='ltr'><strong>commodi</strong></span> <span class='ocrx_word' id='word_1_166' title='bbox 353 2261 417 2301; x_wconf 78' lang='lat' dir='ltr'><strong>sive</strong></span> <span class='ocrx_word' id='word_1_167' title='bbox 430 2242 618 2321; x_wconf 84' lang='lat' dir='ltr'><strong>temporalis,</strong></span> <span class='ocrx_word' id='word_1_168' title='bbox 631 2242 699 2300; x_wconf 90' lang='lat' dir='ltr'><strong>sive</strong></span> <span class='ocrx_word' id='word_1_169' title='bbox 714 2241 829 2301; x_wconf 91' lang='lat' dir='ltr'><strong>aeterni</strong></span> <span class='ocrx_word' id='word_1_170' title='bbox 846 2260 954 2337; x_wconf 77' lang='lat' dir='ltr'><strong>pares</strong></span> <span class='ocrx_word' id='word_1_171' title='bbox 978 2242 1117 2303; x_wconf 82' lang='lat' dir='ltr'><strong>Iniuriam</strong></span> 
     </span>
     <span class='ocr_line' id='line_1_24' title="bbox 186 2323 1116 2405; baseline 0 -19"><span class='ocrx_word' id='word_1_172' title='bbox 186 2327 266 2386; x_wconf 86' lang='lat' dir='ltr'><strong>enim</strong></span> <span class='ocrx_word' id='word_1_173' title='bbox 290 2323 361 2383; x_wconf 85' lang='lat' dir='ltr'><strong>fidei</strong></span> <span class='ocrx_word' id='word_1_174' title='bbox 383 2326 571 2396; x_wconf 70' lang='lat' dir='ltr'><strong>tuaefaoies</strong></span> <span class='ocrx_word' id='word_1_175' title='bbox 595 2343 675 2405; x_wconf 86' lang='lat' dir='ltr'><strong>quae</strong></span> <span class='ocrx_word' id='word_1_176' title='bbox 687 2323 755 2383; x_wconf 91' lang='lat' dir='ltr'><strong>sola</strong></span> <span class='ocrx_word' id='word_1_177' title='bbox 776 2323 829 2383; x_wconf 89' lang='lat' dir='ltr'><strong>tibi</strong></span> <span class='ocrx_word' id='word_1_178' title='bbox 847 2326 961 2384; x_wconf 89' lang='lat' dir='ltr'><strong>omnia</strong></span> <span class='ocrx_word' id='word_1_179' title='bbox 983 2324 1116 2405; x_wconf 83' lang='lat' dir='ltr'><strong>praebet,</strong></span> 
     </span>
     <span class='ocr_line' id='line_1_25' title="bbox 186 2407 1118 2487; baseline 0 -21"><span class='ocrx_word' id='word_1_180' title='bbox 186 2407 257 2467; x_wconf 86' lang='lat' dir='ltr'><strong>ideo</strong></span> <span class='ocrx_word' id='word_1_181' title='bbox 279 2407 346 2468; x_wconf 87' lang='lat' dir='ltr'><strong>sola</strong></span> <span class='ocrx_word' id='word_1_182' title='bbox 369 2408 514 2483; x_wconf 79' lang='lat' dir='ltr'><strong>curanda,</strong></span> <span class='ocrx_word' id='word_1_183' title='bbox 537 2417 570 2468; x_wconf 92' lang='lat' dir='ltr'><strong>ut</strong></span> <span class='ocrx_word' id='word_1_184' title='bbox 592 2414 750 2487; x_wconf 85' lang='lat' dir='ltr'><strong>augeatur,</strong></span> <span class='ocrx_word' id='word_1_185' title='bbox 772 2407 837 2465; x_wconf 91' lang='lat' dir='ltr'><strong>sive</strong></span> <span class='ocrx_word' id='word_1_186' title='bbox 861 2407 1037 2485; x_wconf 82' lang='lat' dir='ltr'><strong>operibus,</strong></span> <span class='ocrx_word' id='word_1_187' title='bbox 1060 2409 1118 2468; x_wconf 85' lang='lat' dir='ltr'><strong>sive</strong></span> 
     </span>
     <span class='ocr_line' id='line_1_26' title="bbox 188 2487 1118 2569; baseline -0.001 -19"><span class='ocrx_word' id='word_1_188' title='bbox 188 2490 383 2569; x_wconf 88' lang='lat' dir='ltr'><strong>passionibus</strong></span> <span class='ocrx_word' id='word_1_189' title='bbox 406 2492 551 2551; x_wconf 82' lang='lat' dir='ltr'><strong>exercita.</strong></span> <span class='ocrx_word' id='word_1_190' title='bbox 595 2490 654 2550; x_wconf 82' lang='lat' dir='ltr'><strong>Sed</strong></span> <span class='ocrx_word' id='word_1_191' title='bbox 685 2489 727 2549; x_wconf 88' lang='lat' dir='ltr'><strong>da</strong></span> <span class='ocrx_word' id='word_1_192' title='bbox 758 2487 841 2568; x_wconf 89' lang='lat' dir='ltr'><strong>quod</strong></span> <span class='ocrx_word' id='word_1_193' title='bbox 871 2488 930 2548; x_wconf 90' lang='lat' dir='ltr'><strong>das</strong></span> <span class='ocrx_word' id='word_1_194' title='bbox 970 2490 1073 2551; x_wconf 87' lang='lat' dir='ltr'><strong>libere</strong></span> <span class='ocrx_word' id='word_1_195' title='bbox 1091 2498 1118 2550; x_wconf 88' lang='lat' dir='ltr'><strong>et</strong></span> 
     </span>
     <span class='ocr_line' id='line_1_27' title="bbox 186 2573 1118 2653; baseline 0.001 -20"><span class='ocrx_word' id='word_1_196' title='bbox 186 2575 296 2653; x_wconf 83' lang='lat' dir='ltr'><strong>gratis</strong></span> <span class='ocrx_word' id='word_1_197' title='bbox 326 2581 359 2633; x_wconf 91' lang='lat' dir='ltr'><strong>ut</strong></span> <span class='ocrx_word' id='word_1_198' title='bbox 382 2574 433 2633; x_wconf 87' lang='lat' dir='ltr'><strong>alii</strong></span> <span class='ocrx_word' id='word_1_199' title='bbox 456 2593 501 2633; x_wconf 82' lang='lat' dir='ltr'><strong>ex</strong></span> <span class='ocrx_word' id='word_1_200' title='bbox 518 2581 547 2633; x_wconf 90' lang='lat' dir='ltr'><strong>te</strong></span> <span class='ocrx_word' id='word_1_201' title='bbox 569 2577 684 2650; x_wconf 87' lang='lat' dir='ltr'><strong>tuaque</strong></span> <span class='ocrx_word' id='word_1_202' title='bbox 706 2573 843 2632; x_wconf 90' lang='lat' dir='ltr'><strong>bonitate</strong></span> <span class='ocrx_word' id='word_1_203' title='bbox 866 2582 1067 2652; x_wconf 81' lang='lat' dir='ltr'><strong>augescant</strong></span> <span class='ocrx_word' id='word_1_204' title='bbox 1093 2580 1118 2633; x_wconf 88' lang='lat' dir='ltr'><strong>et</strong></span> 
     </span>
     <span class='ocr_line' id='line_1_28' title="bbox 187 2653 1116 2717; baseline 0 -1"><span class='ocrx_word' id='word_1_205' title='bbox 187 2655 266 2717; x_wconf 88' lang='lat' dir='ltr'><strong>bene</strong></span> <span class='ocrx_word' id='word_1_206' title='bbox 288 2657 430 2716; x_wconf 89' lang='lat' dir='ltr'><strong>habeant.</strong></span> <span class='ocrx_word' id='word_1_207' title='bbox 475 2656 526 2716; x_wconf 82' lang='lat' dir='ltr'><strong>Sic</strong></span> <span class='ocrx_word' id='word_1_208' title='bbox 547 2657 629 2715; x_wconf 89' lang='lat' dir='ltr'><strong>enim</strong></span> <span class='ocrx_word' id='word_1_209' title='bbox 652 2657 711 2715; x_wconf 90' lang='lat' dir='ltr'><strong>eris</strong></span> <span class='ocrx_word' id='word_1_210' title='bbox 745 2674 818 2715; x_wconf 87' lang='lat' dir='ltr'><strong>vere</strong></span> <span class='ocrx_word' id='word_1_211' title='bbox 851 2653 959 2715; x_wconf 90' lang='lat' dir='ltr'><strong>bonus</strong></span> <span class='ocrx_word' id='word_1_212' title='bbox 983 2661 1018 2716; x_wconf 89' lang='lat' dir='ltr'><strong>et</strong></span> <span class='ocrx_word' id='word_1_213' title='bbox 1041 2656 1116 2717; x_wconf 84' lang='lat' dir='ltr'><strong>Obri-</strong></span> 
     </span>
     <span class='ocr_line' id='line_1_29' title="bbox 186 2736 1117 2820; baseline 0 -21"><span class='ocrx_word' id='word_1_214' title='bbox 186 2741 312 2799; x_wconf 87' lang='lat' dir='ltr'><strong>stianus</strong></span> <span class='ocrx_word' id='word_1_215' title='bbox 357 2738 435 2813; x_wconf 80' lang='lat' dir='ltr'><strong>Quid</strong></span> <span class='ocrx_word' id='word_1_216' title='bbox 459 2742 576 2798; x_wconf 89' lang='lat' dir='ltr'><strong>enimt</strong></span> <span class='ocrx_word' id='word_1_217' title='bbox 564 2738 618 2799; x_wconf 90' lang='lat' dir='ltr'><strong>tibi</strong></span> <span class='ocrx_word' id='word_1_218' title='bbox 640 2739 722 2799; x_wconf 88' lang='lat' dir='ltr'><strong>bona</strong></span> <span class='ocrx_word' id='word_1_219' title='bbox 744 2745 774 2798; x_wconf 90' lang='lat' dir='ltr'><strong>et</strong></span> <span class='ocrx_word' id='word_1_220' title='bbox 788 2755 884 2817; x_wconf 89' lang='lat' dir='ltr'><strong>opera</strong></span> <span class='ocrx_word' id='word_1_221' title='bbox 908 2736 1022 2820; x_wconf 78' lang='lat' dir='ltr'><strong>tua⁶)‚</strong></span> <span class='ocrx_word' id='word_1_222' title='bbox 1047 2757 1117 2818; x_wconf 83' lang='lat' dir='ltr'><strong>quac</strong></span> 
     </span>
     <span class='ocr_line' id='line_1_30' title="bbox 186 2819 1117 2902; baseline 0.002 -22"><span class='ocrx_word' id='word_1_223' title='bbox 186 2821 225 2881; x_wconf 93' lang='lat' dir='ltr'><strong>ad</strong></span> <span class='ocrx_word' id='word_1_224' title='bbox 248 2824 386 2900; x_wconf 86' lang='lat' dir='ltr'><strong>corporis</strong></span> <span class='ocrx_word' id='word_1_225' title='bbox 409 2824 540 2902; x_wconf 88' lang='lat' dir='ltr'><strong>castigat</strong></span> <span class='ocrx_word' id='word_1_226' title='bbox 541 2823 642 2881; x_wconf 89' lang='lat' dir='ltr'><strong>ionem</strong></span> <span class='ocrx_word' id='word_1_227' title='bbox 666 2819 935 2900; x_wconf 83' lang='lat' dir='ltr'><strong>superabundant,</strong></span> <span class='ocrx_word' id='word_1_228' title='bbox 974 2841 1051 2882; x_wconf 92' lang='lat' dir='ltr'><strong>cum</strong></span> <span class='ocrx_word' id='word_1_229' title='bbox 1073 2820 1117 2882; x_wconf 88' lang='lat' dir='ltr'><strong>ab·</strong></span> 
     </span>
     <span class='ocr_line' id='line_1_31' title="bbox 187 2903 1117 2985; baseline 0.001 -22"><span class='ocrx_word' id='word_1_230' title='bbox 187 2904 283 2964; x_wconf 86' lang='lat' dir='ltr'><strong>undes</strong></span> <span class='ocrx_word' id='word_1_231' title='bbox 306 2925 361 2985; x_wconf 90' lang='lat' dir='ltr'><strong>pro</strong></span> <span class='ocrx_word' id='word_1_232' title='bbox 385 2912 415 2964; x_wconf 86' lang='lat' dir='ltr'><strong>tc</strong></span> <span class='ocrx_word' id='word_1_233' title='bbox 438 2904 605 2983; x_wconf 83' lang='lat' dir='ltr'><strong>perfidem</strong></span> <span class='ocrx_word' id='word_1_234' title='bbox 629 2912 728 2982; x_wconf 84' lang='lat' dir='ltr'><strong>tuam,</strong></span> <span class='ocrx_word' id='word_1_235' title='bbox 764 2905 794 2963; x_wconf 94' lang='lat' dir='ltr'><strong>in</strong></span> <span class='ocrx_word' id='word_1_236' title='bbox 828 2922 890 2982; x_wconf 87' lang='lat' dir='ltr'><strong>qua</strong></span> <span class='ocrx_word' id='word_1_237' title='bbox 928 2903 985 2964; x_wconf 90' lang='lat' dir='ltr'><strong>tibi</strong></span> <span class='ocrx_word' id='word_1_238' title='bbox 1020 2905 1117 2966; x_wconf 85' lang='lat' dir='ltr'><strong>omnia</strong></span> 
     </span>
     <span class='ocr_line' id='line_1_32' title="bbox 189 2986 442 3048; baseline -0.004 -2"><span class='ocrx_word' id='word_1_239' title='bbox 189 2986 316 3048; x_wconf 86' lang='lat' dir='ltr'><strong>donavit</strong></span> <span class='ocrx_word' id='word_1_240' title='bbox 338 2987 442 3048; x_wconf 80' lang='lat' dir='ltr'><strong>Deus?</strong></span> 
     </span>
    </p>

    <p class='ocr_par' dir='ltr' id='par_1_5' title="bbox 185 3067 1117 3314">
     <span class='ocr_line' id='line_1_33' title="bbox 269 3067 1116 3149; baseline 0.002 -20"><span class='ocrx_word' id='word_1_241' title='bbox 269 3070 316 3130; x_wconf 80' lang='lat' dir='ltr'><strong>En</strong></span> <span class='ocrx_word' id='word_1_242' title='bbox 339 3072 399 3129; x_wconf 90' lang='lat' dir='ltr'><strong>ista</strong></span> <span class='ocrx_word' id='word_1_243' title='bbox 409 3067 531 3149; x_wconf 85' lang='lat' dir='ltr'><strong>regula:</strong></span> <span class='ocrx_word' id='word_1_244' title='bbox 555 3069 696 3149; x_wconf 78' lang='lat' dir='ltr'><strong>Oportet,</strong></span> <span class='ocrx_word' id='word_1_245' title='bbox 718 3075 851 3147; x_wconf 71' lang='lat' dir='ltr'><strong>utquae</strong></span> <span class='ocrx_word' id='word_1_246' title='bbox 875 3088 916 3127; x_wconf 86' lang='lat' dir='ltr'><strong>ex</strong></span> <span class='ocrx_word' id='word_1_247' title='bbox 933 3069 1006 3130; x_wconf 86' lang='lat' dir='ltr'><strong>Deo</strong></span> <span class='ocrx_word' id='word_1_248' title='bbox 1031 3069 1116 3131; x_wconf 85' lang='lat' dir='ltr'><strong>habe-</strong></span> 
     </span>
     <span class='ocr_line' id='line_1_34' title="bbox 187 3151 1117 3227; baseline 0.001 -15"><span class='ocrx_word' id='word_1_249' title='bbox 187 3173 254 3213; x_wconf 89' lang='lat' dir='ltr'><strong>mus</strong></span> <span class='ocrx_word' id='word_1_250' title='bbox 276 3152 376 3227; x_wconf 73' lang='lat' dir='ltr'><strong>bona,</strong></span> <span class='ocrx_word' id='word_1_251' title='bbox 409 3151 505 3211; x_wconf 87' lang='lat' dir='ltr'><strong>fluant</strong></span> <span class='ocrx_word' id='word_1_252' title='bbox 527 3172 564 3211; x_wconf 89' lang='lat' dir='ltr'><strong>ex</strong></span> <span class='ocrx_word' id='word_1_253' title='bbox 589 3172 649 3213; x_wconf 88' lang='lat' dir='ltr'><strong>uno</strong></span> <span class='ocrx_word' id='word_1_254' title='bbox 673 3154 703 3211; x_wconf 89' lang='lat' dir='ltr'><strong>in</strong></span> <span class='ocrx_word' id='word_1_255' title='bbox 736 3152 845 3224; x_wconf 66' lang='lat' dir='ltr'><strong>alium,</strong></span> <span class='ocrx_word' id='word_1_256' title='bbox 884 3160 916 3211; x_wconf 85' lang='lat' dir='ltr'><strong>et</strong></span> <span class='ocrx_word' id='word_1_257' title='bbox 942 3153 1117 3213; x_wconf 81' lang='lat' dir='ltr'><strong>communia</strong></span> 
     </span>
     <span class='ocr_line' id='line_1_35' title="bbox 185 3234 1117 3314; baseline -0.001 -18"><span class='ocrx_word' id='word_1_258' title='bbox 185 3235 281 3310; x_wconf 78' lang='lat' dir='ltr'><strong>flant,</strong></span> <span class='ocrx_word' id='word_1_259' title='bbox 315 3242 349 3295; x_wconf 90' lang='lat' dir='ltr'><strong>ut</strong></span> <span class='ocrx_word' id='word_1_260' title='bbox 376 3236 586 3313; x_wconf 84' lang='lat' dir='ltr'><strong>unusquisque</strong></span> <span class='ocrx_word' id='word_1_261' title='bbox 609 3237 781 3314; x_wconf 85' lang='lat' dir='ltr'><strong>proximum</strong></span> <span class='ocrx_word' id='word_1_262' title='bbox 804 3253 892 3292; x_wconf 88' lang='lat' dir='ltr'><strong>suum</strong></span> <span class='ocrx_word' id='word_1_263' title='bbox 916 3234 1056 3311; x_wconf 73' lang='lat' dir='ltr'><strong>induat,</strong></span> <span class='ocrx_word' id='word_1_264' title='bbox 1091 3240 1117 3296; x_wconf 86' lang='lat' dir='ltr'><strong>et</strong></span> 
     </span>
    </p>
   </div>
   <div class='ocr_carea' id='block_1_4' title="bbox 182 3444 1114 3800">
    <p class='ocr_par' dir='ltr' id='par_1_6' title="bbox 182 3444 1114 3800">
     <span class='ocr_line' id='line_1_36' title="bbox 239 3444 1114 3514; baseline 0.003 -18"><span class='ocrx_word' id='word_1_265' title='bbox 239 3444 268 3513; x_wconf 84' lang='lat'><strong>1)</strong></span> <span class='ocrx_word' id='word_1_266' title='bbox 289 3445 373 3499; x_wconf 90' lang='lat' dir='ltr'><strong>lned.</strong></span> <span class='ocrx_word' id='word_1_267' title='bbox 390 3447 474 3502; x_wconf 75' lang='lat' dir='ltr'><strong>t521:</strong></span> <span class='ocrx_word' id='word_1_268' title='bbox 496 3448 558 3498; x_wconf 88' lang='lat' dir='ltr'><strong>sint.</strong></span> <span class='ocrx_word' id='word_1_269' title='bbox 579 3444 742 3506; x_wconf 74' lang='lat' dir='ltr'><strong>‘lllbidemt</strong></span> <span class='ocrx_word' id='word_1_270' title='bbox 763 3445 808 3498; x_wconf 91' lang='lat' dir='ltr'><strong>ubi</strong></span> <span class='ocrx_word' id='word_1_271' title='bbox 821 3451 927 3498; x_wconf 85' lang='lat' dir='ltr'><strong>contra.</strong></span> <span class='ocrx_word' id='word_1_272' title='bbox 970 3448 1003 3514; x_wconf 72' lang='lat'><strong>3)</strong></span> <span class='ocrx_word' id='word_1_273' title='bbox 1027 3447 1059 3502; x_wconf 91' lang='lat' dir='ltr'><strong>In</strong></span> <span class='ocrx_word' id='word_1_274' title='bbox 1078 3445 1114 3500; x_wconf 87' lang='lat' dir='ltr'><strong>ed.</strong></span> 
     </span>
     <span class='ocr_line' id='line_1_37' title="bbox 186 3515 1114 3586; baseline 0.001 -16"><span class='ocrx_word' id='word_1_275' title='bbox 186 3519 270 3586; x_wconf 73' lang='lat' dir='ltr'><strong>orig:</strong></span> <span class='ocrx_word' id='word_1_276' title='bbox 291 3517 429 3583; x_wconf 85' lang='lat' dir='ltr'><strong>preculas.</strong></span> <span class='ocrx_word' id='word_1_277' title='bbox 467 3518 500 3583; x_wconf 77' lang='lat' dir='ltr'><strong>l)</strong></span> <span class='ocrx_word' id='word_1_278' title='bbox 521 3517 552 3570; x_wconf 90' lang='lat' dir='ltr'><strong>In</strong></span> <span class='ocrx_word' id='word_1_279' title='bbox 574 3517 636 3569; x_wconf 85' lang='lat' dir='ltr'><strong>edit.</strong></span> <span class='ocrx_word' id='word_1_280' title='bbox 657 3517 738 3574; x_wconf 78' lang='lat'>1521:</span> <span class='ocrx_word' id='word_1_281' title='bbox 759 3516 821 3568; x_wconf 87' lang='lat' dir='ltr'><strong>fidei</strong></span> <span class='ocrx_word' id='word_1_282' title='bbox 843 3515 1028 3574; x_wconf 76' lang='lat' dir='ltr'><strong>Christianae</strong></span> <span class='ocrx_word' id='word_1_283' title='bbox 1048 3525 1075 3573; x_wconf 87' lang='lat' dir='ltr'><strong>st</strong></span> <span class='ocrx_word' id='word_1_284' title='bbox 1090 3519 1114 3571; x_wconf 93' lang='lat' dir='ltr'><strong>li·</strong></span> 
     </span>
     <span class='ocr_line' id='line_1_38' title="bbox 188 3587 1114 3657; baseline 0.001 -15"><span class='ocrx_word' id='word_1_285' title='bbox 188 3591 332 3642; x_wconf 87' lang='lat' dir='ltr'><strong>berrimae.</strong></span> <span class='ocrx_word' id='word_1_286' title='bbox 355 3590 386 3655; x_wconf 80' lang='lat'><strong>5)</strong></span> <span class='ocrx_word' id='word_1_287' title='bbox 408 3590 439 3642; x_wconf 89' lang='lat' dir='ltr'><strong>Iu</strong></span> <span class='ocrx_word' id='word_1_288' title='bbox 460 3590 502 3642; x_wconf 83' lang='lat' dir='ltr'><strong>ed.</strong></span> <span class='ocrx_word' id='word_1_289' title='bbox 523 3591 593 3656; x_wconf 82' lang='lat' dir='ltr'><strong>orig.</strong></span> <span class='ocrx_word' id='word_1_290' title='bbox 614 3591 654 3641; x_wconf 90' lang='lat' dir='ltr'><strong>sic</strong></span> <span class='ocrx_word' id='word_1_291' title='bbox 675 3590 788 3657; x_wconf 85' lang='lat' dir='ltr'><strong>legitur:</strong></span> <span class='ocrx_word' id='word_1_292' title='bbox 809 3587 884 3655; x_wconf 89' lang='lat' dir='ltr'><strong>quod</strong></span> <span class='ocrx_word' id='word_1_293' title='bbox 905 3605 943 3642; x_wconf 85' lang='lat' dir='ltr'><strong>cx</strong></span> <span class='ocrx_word' id='word_1_294' title='bbox 966 3591 1033 3645; x_wconf 83' lang='lat' dir='ltr'><strong>fidei</strong></span> <span class='ocrx_word' id='word_1_295' title='bbox 1053 3591 1114 3646; x_wconf 83' lang='lat' dir='ltr'><strong>chri·</strong></span> 
     </span>
     <span class='ocr_line' id='line_1_39' title="bbox 182 3658 1114 3728; baseline 0 -15"><span class='ocrx_word' id='word_1_296' title='bbox 182 3658 293 3713; x_wconf 85' lang='lat' dir='ltr'><strong>&#39;stianae</strong></span> <span class='ocrx_word' id='word_1_297' title='bbox 312 3661 459 3714; x_wconf 84' lang='lat' dir='ltr'><strong>liberrime.</strong></span> <span class='ocrx_word' id='word_1_298' title='bbox 482 3690 513 3698; x_wconf 95' lang='lat'><em>-</em></span> <span class='ocrx_word' id='word_1_299' title='bbox 535 3662 564 3724; x_wconf 81' lang='grc'><strong>6)</strong></span> <span class='ocrx_word' id='word_1_300' title='bbox 587 3660 617 3712; x_wconf 89' lang='lat' dir='ltr'><strong>ln</strong></span> <span class='ocrx_word' id='word_1_301' title='bbox 638 3660 680 3713; x_wconf 85' lang='lat' dir='ltr'><strong>ed.</strong></span> <span class='ocrx_word' id='word_1_302' title='bbox 698 3659 774 3714; x_wconf 78' lang='lat' dir='ltr'><strong>lem:</strong></span> <span class='ocrx_word' id='word_1_303' title='bbox 795 3659 861 3728; x_wconf 87' lang='lat' dir='ltr'><strong>quid</strong></span> <span class='ocrx_word' id='word_1_304' title='bbox 874 3663 950 3713; x_wconf 88' lang='lat' dir='ltr'><strong>enirn</strong></span> <span class='ocrx_word' id='word_1_305' title='bbox 972 3662 1026 3715; x_wconf 88' lang='lat' dir='ltr'><strong>tlbi</strong></span> <span class='ocrx_word' id='word_1_306' title='bbox 1047 3664 1114 3718; x_wconf 79' lang='lat' dir='ltr'><strong>bona</strong></span> 
     </span>
     <span class='ocr_line' id='line_1_40' title="bbox 186 3737 354 3800; baseline -0.012 -15"><span class='ocrx_word' id='word_1_307' title='bbox 186 3747 273 3800; x_wconf 81' lang='lat' dir='ltr'><strong>opera</strong></span> <span class='ocrx_word' id='word_1_308' title='bbox 298 3737 354 3784; x_wconf 88' lang='lat' dir='ltr'><strong>tua.</strong></span> 
     </span>
    </p>
   </div>
   <div class='ocr_carea' id='block_1_5' title="bbox 0 0 1180 4206">
    <p class='ocr_par' dir='ltr' id='par_1_7' title="bbox 0 0 1180 4206">
     <span class='ocr_line' id='line_1_41' title="bbox 0 0 1180 4206; baseline 0 0"><span class='ocrx_word' id='word_1_309' title='bbox 0 0 1180 4206; x_wconf 95' lang='lat' dir='ltr'><strong> </strong></span> 
     </span>
    </p>
   </div>
  </div>
 </body>
</html>
