2346 4208
127 256 169 324 98
342 258 501 328 Disputatio
520 260 629 328 Lipsiae
648 260 744 314 habita
764 275 789 314 a.
809 259 869 312 XIX

102 453 104 457 '
128 454 184 526 est,
207 447 371 509 concilium
394 444 561 526 aliquando
573 466 703 528 errasse,
726 445 934 525 etaliquandc
955 464 1050 527 posse

128 549 249 613 errare,
271 531 452 610 praesertim
474 531 504 589 in
526 530 583 611 iis,
602 549 682 610 quae
703 548 767 591 non
788 537 859 590 sunt
880 528 970 610 fidei,
992 547 1052 590 nec

127 613 221 674 habet
253 613 428 674 concilium'
456 613 652 674 autoritatem
673 632 825 675 novorum
852 612 1051 674 articulorum

129 695 361 757 condendorum
381 697 413 756 in
434 695 515 774 fide,
545 696 681 777 alioquin
708 704 755 758 tot
780 695 904 756 tandem
926 695 1052 759 habebi·

127 799 195 840 mus
217 781 380 862 articulos,
403 786 479 858 quot
499 779 659 840 hominum
683 781 856 860 opiniones.

210 861 301 936 Quod
323 863 353 921 in
376 860 682 923 fineS.Franciacum
705 863 834 941 induxit,
857 860 971 923 debere
992 879 1051 922 nos

127 965 248 1006 summo
262 944 403 1006 Pontifici
426 944 575 1024 obedire,·
586 947 679 1006 miror
690 952 799 1007 contra
814 965 906 1026 quem
917 943 999 1004 dixit
1007 942 1050 1028 ¹).

126 1028 203 1088 Item
224 1037 347 1089 transeo
369 1030 444 1088 istas
467 1029 696 1089 criminationes
719 1028 758 1088 de
780 1028 933 1089 Fratribus
967 1045 1050 1088 men·

126 1111 315 1190 ditantibus,
353 1113 447 1172 miser
473 1113 532 1171 iste
554 1113 646 1171 etiam
672 1112 793 1173 habitus
827 1113 944 1172 cruciat
965 1129 1051 1191 egre·

66 1252 70 1259 .
126 1197 210 1275 gium
233 1195 270 1254 D.
293 1195 384 1258 Doct.
420 1194 489 1274 Ego
519 1213 575 1274 pro
599 1213 668 1256 mea
690 1196 844 1255 sententia
864 1196 1049 1275 pronuncio,

126 1278 207 1338 velle
229 1298 288 1357 me,
312 1297 381 1338 esse
402 1277 517 1336 nullum
542 1270 943 1338 ordinem'mendicantium.
966 1277 1050 1338 Ecce

125 1361 204 1421 haec
225 1360 338 1435 habui,
365 1379 445 1439 quae
466 1361 687 1440 responderem
715 1360 756 1421 ad
789 1361 912 1444 obiecta
933 1361 1065 1442 egregii

125 1444 162 1504 D.
185 1444 221 1505 D.
245 1463 337 1523 super
358 1444 573 1522 propositione
596 1446 642 1509 13.
673 1444 776 1519 Quare
794 1463 875 1504 nunc
895 1442 984 1504 finita
1003 1463 1050 1504 re·

125 1527 305 1607 sponsione,
328 1532 434 1603 restat,
458 1529 492 1586 ut
513 1532 543 1586 et
557 1546 616 1607 ego
628 1547 772 1588 moveam
794 1527 941 1588 adversus
964 1545 1049 1608 egre·

124 1612 208 1690 gium
229 1611 266 1670 D.
289 1610 337 1688 D.‚
359 1627 439 1688 quae
461 1629 511 1670 me
533 1619 668 1671 movent.

206 1691 265 1753 Hic
285 1694 419 1754 intonuit
441 1693 574 1772 Eccius,
602 1714 637 1754 se
659 1695 788 1756 obiectis
818 1693 898 1754 velle
920 1711 1049 1772 respon·

125 1776 215 1854 dere,
244 1777 331 1855 quasi
359 1782 391 1836 et
410 1777 478 1855 ipse
495 1776 694 1857 respondens
716 1779 831 1838 fuisset.
875 1775 1050 1856 Respondit

124 1859 272 1919 Martinus
294 1858 343 1941 ²),
376 1859 437 1920 hoc
458 1866 550 1939 pacto
575 1880 730 1940 nunquam
754 1859 920 1921 finiendam
943 1858 1049 1940 dispu-

26 1986 29 1991 «
61 1972 64 1977 ·
125 1943 286 2021 tationem,
310 1960 460 2002 accusans
472 1941 638 2004 Eccianam
661 1942 872 2024 petulantiam,
895 1959 975 2022 quae
997 1960 1049 2004 so⁴

127 2025 169 2086 let
187 2025 310 2106 singula
332 2026 424 2085 etiam
447 2026 542 2087 verba
563 2028 720 2109 aucupari.
764 2026 902 2106 Contigit
922 2043 1050 2106 prorsus

125 2109 243 2188 virgula
265 2108 378 2185 divina,
403 2114 439 2168 ut·
456 2108 712 2171 clementissimus
735 2111 806 2171 Dux
828 2109 982 2189 Georgius
1005 2109 1050 2170 ia-

124 2197 268 2270 tereaset,
302 2192 386 2252 cuius
420 2197 494 2251 nutu
524 2199 555 2252 et
575 2195 627 2272 pio
649 2200 773 2275 sceptro
797 2190 979 2254 concessum
1002 2199 1051 2253 est

128 2274 274 2352 Martino,
309 2276 459 2354 impetere
479 2275 645 2336 Eccianam
679 2276 927 2353 conclusionem,
969 2292 1051 2355 quae

123 2360 278 2418 contraria
299 2365 346 2418 eat
368 2357 439 2418 huic
460 2358 521 2419 iem
545 2358 713 2423 discussae.

361 2558 511 2620 Mart.
555 2550 859 2620 Irritherus.

208 2720 325 2782 Contra
347 2715 530 2787 sententiam
554 2724 671 2807 egregii
693 2723 777 2784 bb.
800 2722 921 2784 videtur
941 2720 974 2782 id
995 2722 1048 2783 mi·

125 2805 230 2882 litare,
268 2805 352 2884 quod
390 2809 464 2867 satis
486 2807 605 2868 fortiter
632 2805 776 2866 transiliit
794 2808 825 2865 in
847 2804 1050 2883 confutando,

122 2895 152 2948 et
174 2888 315 2948 scribitur
337 2886 367 2971 3)
396 2895 423 2952 1.
447 2891 585 2952 Corinth.
607 2892 646 2969 3.,
670 2888 721 2949 ubi
745 2889 856 2949 Paulus
880 2887 1048 2949 detrahens

25 3024 29 3031 .
121 2990 286 3052 personam
300 2973 442 3034 omnibus
459 2975 619 3054 apostolis,
635 2972 723 3032 dicit:
747 2972 827 3047 Quid
842 2979 889 3032 est
908 2969 1048 3051 Apollo?

122 3053 194 3197 guid
208 3053 341 3114 Paulus?
364 3055 618 3137 qnidOephe⁴)?
640 3056 781 3134 ministri,
805 3075 860 3136 per
882 3073 960 3134 quos
984 3072 1048 3116 cre·

114 3135 250 3200 ‘idistis
273 3138 333 3199 Ubi
344 3139 455 3199 Paulus
478 3159 603 3221 prorsus
625 3139 690 3199 uult
712 3138 822 3199 tollere
846 3139 1046 3199 occasionem

123 3222 331 3283 contentionis
344 3231 375 3284 et
396 3223 579 3306 schismatis,
602 3226 697 3303 negat
719 3221 814 3281 ullam
830 3221 994 3282 ecclesiam
1007 3218 1047 3281 ad

122 3303 215 3364 ullum
239 3306 452 3385 apostolorum
474 3308 644 3386 pertinere,
680 3304 735 3369 sed
758 3323 828 3366 esse
854 3305 959 3365 omnia
981 3322 1047 3365 om·

121 3386 210 3465 nibus
233 3391 417 3453 communia.
454 3389 544 3450 Unde
565 3390 595 3450 in
618 3388 680 3449 line
702 3391 730 3452 3.
753 3408 779 3450 c.
803 3387 890 3449 dicit:
935 3386 1047 3448 Omnit

342 3561 551 3570 ..d—...w—

156 3661 188 3725 1)
211 3659 243 3713 Iu
261 3658 304 3712 ed.
322 3660 381 3714 Jen.
401 3665 428 3714 et
449 3658 523 3729 apud
541 3657 673 3714 Loesch.:
712 3655 821 3711 dixerit.
857 3659 888 3725 2)
912 3657 979 3714 ibid.
1001 3661 1045 3714 hic

119 3738 148 3785 et
166 3731 245 3786 aiibi:
266 3731 399 3786 Lutberus
420 3735 470 3785 etc.
508 3732 536 3797 3)
556 3731 623 3785 ibid.
645 3729 734 3785 deest:
763 3729 903 3785 scribitur.
939 3733 971 3798 4)
991 3732 1043 3802 Ap.
1075 3728 1079 3736 '

121 3803 234 3858 Loe'sob.
252 3803 297 3856 hic
316 3808 344 3856 et
361 3801 410 3857 an:
431 3803 548 3885 Cephea.
