2346 4208
118 246 181 315 324
367 251 462 307 Resol.
482 252 510 304 t.
532 267 617 322 super
635 253 830 322 Propositione

195 439 311 501 Ibidem
333 441 367 503 B.
380 437 548 520 Gregorius
570 438 703 520 Eulogio
725 439 922 521 patriarchae
943 439 1031 503 Alex·

114 522 258 584 andrina:
299 523 383 586 Ecce
412 523 444 582 in
466 523 658 602 praefatione
681 522 852 603 epistolae,
881 542 974 603 quarn
994 523 1031 585 ad

115 626 163 666 me
185 608 295 687 ipsum,
318 607 368 686 qui
391 605 542 685 prohibui,
566 606 730 685 direxistis,
754 607 908 688 superbae
930 607 1031 688 appel·

115 691 238 750 lationis
273 690 420 766 verbum,
452 691 659 750 universalem
681 690 797 771 Papam
831 709 881 751 me
918 689 1029 770 dicens,

112 774 287 854 imprimere
326 773 463 833 curastis.
514 773 603 848 Quod
639 780 712 853 peto
747 774 820 834 mihi
857 773 1029 835 dulcissima

113 859 260 917 sanctitas
284 863 387 917 vestra
409 855 488 916 ultra
517 877 580 918 uon
611 857 723 934 faciat,
758 858 830 937 qnia
851 857 942 919 vobis
965 856 1028 921 sub.

113 940 252 1016 trahitur,
275 939 358 1018 quod
378 939 467 999 alteri
488 941 574 1019 plus,
598 959 688 1019 quam
711 943 789 1001 ratio
812 941 926 1020 exigit,
948 958 1026 1022 praa

113 1022 209 1084 betur.
253 1022 319 1082 Nec
340 1023 491 1083 honorem
515 1043 584 1084 esse
614 1024 749 1103 deput0,
779 1026 811 1084 in
835 1042 898 1103 quo
926 1023 1025 1085 batres

106 1125 199 1175 ,meos
222 1106 371 1166 honorem
395 1125 483 1166 suurn
495 1106 624 1187 perdere
641 1126 809 1187 cognosco.
851 1107 940 1169 Meus
952 1126 1024 1168 nam·

114 1208 173 1268 que
201 1195 248 1249 est
276 1188 377 1250 honor
407 1189 588 1250 universalis
611 1191 780 1267 ecelesiae,
816 1210 903 1251 meus
935 1191 1024 1252 honor
1054 1266 1056 1271 Α

114 1280 161 1332 est
182 1272 307 1332 fratrum
330 1291 468 1332 meorum
492 1273 610 1334 solidus
639 1275 736 1354 vigor.
783 1273 871 1334 Tunc
897 1292 956 1356 ego
976 1273 1022 1333 bo·

113 1363 239 1415 noratus
262 1375 339 1434 sum,
362 1375 431 1416 cum
455 1356 582 1437 singulis
599 1358 769 1437 quibusque
790 1358 893 1425 bonor
915 1354 1020 1419 debitio

113 1458 176 1499 non
199 1450 337 1518 negatur.
382 1439 413 1499 Si
444 1441 527 1499 enim
551 1441 753 1501 universalem
788 1460 902 1520 papam
933 1446 1019 1501 vesta

113 1524 260 1582 sanctitas
283 1542 332 1582 me
355 1522 436 1602 dicit,
460 1531 553 1603 negat
574 1542 608 1583 se
630 1523 691 1584 hoo
713 1543 791 1600 esse,
815 1523 900 1602 quod
922 1542 969 1584 me
986 1522 1019 1587 fa

114 1613 202 1684 tetur,
225 1606 411 1665 universum.
458 1606 519 1666 Sed
541 1606 621 1666 absit
639 1606 715 1684 hoo,
753 1607 903 1668 recedant
930 1604 1019 1681 verbs,

114 1707 194 1767 quae
218 1691 378 1749 veritatem
401 1688 517 1767 inflant,
541 1699 571 1750 et
593 1692 750 1750 caritatem
774 1690 946 1751 vulnerant.

197 1771 351 1851 Obsecro,
385 1773 456 1851 quid
478 1772 528 1833 hic
549 1774 707 1833 dicemus?
738 1774 787 1832 An
804 1773 906 1834 adhuc
928 1788 1017 1854 pecco,

116 1854 199 1934 quod
220 1855 417 1935 frigidissima
438 1857 571 1916 Decreta
593 1859 703 1917 vocavi
731 1856 904 1937 aliquorum
923 1857 1017 1917 Roma

115 1957 223 1998 norum
248 1937 438 2018 pontificum,
460 1939 539 1999 forte
562 1939 761 2000 confictorum
781 1939 958 2001 nominum?
977 1935 1016 2017 qui

112 2023 172 2080 ista
194 2029 317 2081 secutus
351 2021 516 2082 debueram
551 2023 709 2102 appellare
743 2023 838 2084 verba
872 2025 1014 2085 veritatem

113 2103 253 2164 inflantia
279 2104 326 2176 tid
350 2113 413 2181 est,
437 2104 536 2166 levem
560 2115 591 2166 et
611 2126 723 2166 vanam
745 2107 907 2184 facientia)
932 2112 961 2167 et
978 2120 1015 2165 co

113 2188 234 2246 ritatem
247 2187 447 2251 vulnerantis.
471 2188 573 2263 Quid?
588 2191 614 2249 si
631 2209 690 2270 ego
704 2192 763 2250 ista
784 2190 941 2269 dixissem,
961 2201 1014 2249 esso

114 2270 257 2354 videlicet
278 2291 341 2331 non
364 2271 456 2332 modo
491 2271 676 2352 inefficacia,
709 2273 764 2333 sed
795 2275 888 2334 etiam
910 2272 1014 2334 inimica

115 2355 251 2432 veritati,
275 2361 306 2414 et
328 2357 479 2415 contraria
505 2358 632 2418 caritati.

197 2436 251 2496 His
274 2437 353 2498 adde
376 2446 407 2498 et
429 2457 520 2500 senas
545 2439 641 2499 ferme
664 2440 812 2519 epistolas
835 2441 868 2500 B.
892 2433 1014 2519 Gregorii

112 2520 143 2579 in
167 2521 309 2599 Regestis
332 2524 412 2600 suis,
444 2523 554 2599 quibus
586 2523 623 2582 ad
646 2525 859 2602 imperatorem
884 2525 1014 2585 Constan-

114 2603 351 2682 tinopolitanurn
364 2613 395 2665 et
407 2606 610 2684 patriarcham
625 2607 762 2666 eiusdem
780 2609 929 2667 acerrime
948 2603 1013 2665 iden

113 2688 320 2766 prosequitur,
353 2698 546 2767 protestans,
578 2689 714 2749 oblatum
742 2690 837 2750 fuisse
858 2711 877 2750 a
900 2685 1014 2750 coneda

115 2768 363 2831 Chalcedonensi
384 2772 525 2833 Romano
549 2772 688 2852 pontifici
700 2773 781 2832 hunc
802 2771 1015 2852 primamne

114 2861 216 2912 tamen
240 2873 259 2912 a
280 2855 364 2914 nullo
389 2867 588 2935 assumptum.

198 2936 289 3010 Quod
312 2938 337 2996 si
359 2937 492 2998 dixerint
515 2940 696 3000 canonistas
712 2939 837 3016 novelli,
863 2959 933 3000 esse
953 2938 1014 2997 tea

113 3019 276 3100 abrogata,
310 3021 359 3080 vel
381 3042 436 3100 per
458 3022 711 3083 consuetudinem
742 3022 889 3101 desiisse,
918 3020 1014 3103 gratita

112 3123 188 3184 ago,
216 3103 277 3163 hoc
304 3103 398 3163 volui.
444 3105 585 3185 Sequitur
604 3126 695 3186 ergo,
727 3106 810 3185 quod
838 3125 901 3167 non
931 3098 1014 3166 vertis

114 3186 301 3266 evangelicis
325 3194 356 3247 et
378 3189 443 3248 inre
464 3189 568 3249 divino
602 3191 660 3249 iste
689 3192 837 3269 primatus
866 3196 941 3265 stet,
973 3177 1014 3245 sed

112 3272 177 3330 iure
198 3269 356 3329 bominum
379 3281 410 3331 et
432 3292 495 3336 osu.
538 3272 608 3332 Hoc
623 3272 768 3354 admitto,
790 3273 852 3333 hoc
874 3270 1040 3339 confiteot'

112 3354 263 3432 alioquin,
285 3355 311 3412 si
333 3357 397 3415 iure
420 3356 524 3417 divino
538 3363 642 3435 staret,
665 3376 821 3435 nunquam
845 3356 949 3421 debut
967 3365 1014 3413 nol

51 3482 59 3491 .
113 3455 182 3497 esse
205 3444 236 3496 et
257 3437 361 3514 fuisse,
385 3446 415 3501 et
436 3451 620 3519 peccassent
635 3441 804 3501 mortaliter
818 3439 869 3499 hio
889 3436 1014 3518 Pelagii&

114 3528 145 3579 et
166 3518 344 3601 Gregorius,
369 3526 447 3584 sicut
471 3536 627 3585 cassantes
650 3529 696 3586 ius
719 3523 866 3600 divinum,
890 3530 920 3584 et
941 3532 1014 3610 avar

112 3604 224 3683 gelium
248 3604 462 3683 depravantes.
506 3607 638 3681 Quando
655 3626 729 3688 ergo
753 3608 819 3669 iura
832 3606 965 3666 humana
983 3612 1016 3659 81⁰

113 3707 182 3746 eum
205 3696 363 3769 asserunt,
400 3699 433 3751 ut
461 3711 516 3771 per
547 3695 670 3754 verbum
701 3691 855 3772 evangelii
885 3692 1016 3751 conentur

111 3770 257 3851 probare,
282 3793 385 3836 nonne
407 3795 537 3837 necesse
559 3786 623 3855 est,
647 3786 679 3839 ut
717 3774 914 3857 frigidissime
936 3782 966 3836 et
983 3770 1015 3829 ir
