2346 4208
382 234 452 288 IIIII.
472 232 507 288 de
525 237 662 304 potestate
679 233 782 304 Papae·
965 231 1028 300 359

188 421 268 498 Quid
289 422 372 484 boo?
418 422 466 484 An
489 442 552 484 non
576 429 623 483 est
644 442 664 484 a
685 422 752 484 Deo
779 422 909 500 dictam,
943 423 1026 505 quod

105 508 212 568 Patrue
245 512 276 566 et
296 505 409 566 Paulus
444 507 601 579 dixerunt:
643 506 763 567 Subditi
795 507 915 573 estote?
956 508 1026 571 Non

89 598 154 673 est
175 588 388 651 sacerdotibus
411 590 542 668 dietum,
577 609 640 652 non
663 596 710 650 est
739 590 881 652 omnibus
904 591 1028 672 dictum,

106 671 229 753 quando
253 673 363 734 Paulus
388 673 478 734 dicit:
523 669 632 738 Omnis
655 673 780 734 anima?

188 773 268 848 Quid
291 775 318 832 si
339 774 507 854 imperator
527 773 625 834 dicat:
668 773 737 852 Ego
765 773 843 834 duos
866 775 1027 852 apostolos

107 857 222 938 primos
244 876 300 937 pro
322 875 373 918 me
394 858 510 935 habeo,
541 857 649 936 quibus
671 857 739 936 plus
763 857 948 918 credendum
973 864 1029 936 est,

106 958 198 1019 quam
220 940 385 1017 Ieremiae,
418 960 456 1002 eo
491 940 573 1020 quod
605 939 649 999 illi
679 941 837 1012 yeritatem
856 940 1026 1001 revelatam

106 1024 179 1083 novi
209 1024 415 1100 Testamenti,
454 1025 513 1084 iste
554 1041 640 1084 more
679 1023 860 1103 prophetiae
897 1022 1030 1085 occulta·

105 1112 167 1166 tam
213 1107 335 1168 locutus
380 1107 446 1167 est?
502 1106 576 1166 Ideo
621 1106 693 1165 nihil
734 1105 882 1186 probatur
921 1114 1030 1168 contra

106 1208 167 1249 me.
210 1189 292 1264 Quid
314 1190 364 1249 hic
385 1189 524 1250 dicetur?
568 1188 628 1249 Sed
659 1188 756 1269 adde,
792 1191 817 1249 si
851 1189 929 1249 haec
957 1200 1030 1250 vera

106 1280 194 1332 sunt:
217 1273 300 1354 Ergo
323 1273 468 1334 Ieremias
489 1279 537 1332 est
558 1291 693 1333 summus
711 1273 867 1353 pontifex,
892 1272 1028 1352 quando-

106 1355 229 1435 quidem
251 1357 334 1417 hunc
355 1359 419 1417 eius
451 1355 570 1417 titulum
601 1355 660 1416 soli
682 1355 770 1416 Rom.
792 1355 955 1436 pontifices
985 1370 1030 1416 ar-

104 1443 232 1519 rogant,
279 1440 361 1520 quod
412 1440 569 1500 constituti
610 1446 684 1499 sunt
726 1457 818 1518 super
853 1446 962 1518 gentes
983 1447 1031 1500 'et

104 1541 212 1602 regna.
830 1554 833 1559 ·

190 1638 284 1718 Igitur
306 1638 345 1699 de
369 1634 520 1719 propheta
544 1645 575 1699 et
597 1658 692 1719 opere
713 1639 885 1719 prophetae
909 1639 1030 1715 locutus

106 1727 154 1782 est
176 1721 274 1796 Deus,
305 1722 380 1781 nihil
403 1720 441 1782 de
464 1722 684 1802 praecellentia
717 1721 915 1783 sacerdotali
959 1722 1031 1785 Non

107 1811 154 1865 est
175 1804 237 1864 alia
259 1804 478 1884 praecellentia
507 1806 536 1866 in
561 1806 704 1881 ecclesia,
728 1825 818 1886 quam
841 1804 925 1865 verbi
946 1806 1031 1866 mini·

106 1889 243 1966 sterium,
266 1887 348 1966 quod
371 1887 450 1948 bene
473 1889 594 1948 salvum
617 1895 729 1966 manet,
753 1890 778 1949 si
801 1887 978 1949 sacerdotes
1000 1890 1030 1949 in

105 1971 249 2032 omnibus
273 1971 494 2052 temporalibus
518 1972 646 2032 subiecti
670 1973 731 2033 sint
752 1972 900 2053 potestati
924 1971 1031 2052 gladii,

27 2108 36 2120 s
107 2054 185 2114 sicut
210 2054 266 2113 fuit
292 2055 323 2114 in
354 2053 474 2115 Christo
512 2062 543 2114 et
578 2055 745 2135 apostolis,
783 2062 814 2114 et
847 2053 1031 2134 primoribus

110 2138 275 2218 episcopis.

187 2239 326 2315 Denique
339 2255 392 2296 cur
411 2256 472 2295 non
492 2237 606 2315 evellit,
623 2237 759 2316 dissipat,
775 2238 927 2313 aedificat,
946 2238 1032 2317 plan-

108 2328 160 2398 tat,
185 2322 209 2379 si
233 2321 292 2380 hcc
314 2321 353 2379 ad
376 2339 410 2378 se
432 2322 586 2400 pertinere
608 2322 715 2398 putat?
758 2321 827 2381 Non
863 2329 934 2382 sunt
969 2321 1031 2400 dig-

108 2405 212 2464 nitatis
238 2412 268 2463 et
291 2403 539 2483 praecellentiae,
562 2403 617 2462 sed
635 2404 746 2463 laboris
770 2409 800 2464 et
818 2405 910 2465 officii
928 2405 1032 2482 verba,

108 2507 187 2566 quae
218 2487 268 2546 hic
298 2492 462 2566 ponuntur.
505 2487 545 2546 Et
575 2486 624 2546 ubi
642 2487 696 2546 fuit
718 2507 853 2546 summus
888 2488 1033 2550 sacerdos

109 2572 139 2629 in
162 2571 242 2649 lege,
270 2571 295 2628 si
317 2570 461 2629 leremias
484 2570 544 2629 boc
567 2569 671 2642 verbo,
696 2570 851 2645 sacerdos,
877 2572 1033 2631 constitui-

109 2662 156 2712 tur
179 2673 271 2732 super
293 2660 403 2732 gentes
428 2661 458 2712 et
480 2672 585 2731 regna,
608 2656 701 2731 super
723 2672 802 2731 quae
825 2653 877 2712 ille
891 2674 951 2713 non
967 2663 1032 2714 erat

108 2738 301 2796 constitutus.
344 2735 402 2795 Ubi
426 2739 472 2795 est
495 2741 526 2796 et
547 2735 623 2794 illud
646 2755 785 2815 quoque,
823 2736 903 2813 quod
934 2738 1034 2815 ponti·

107 2818 197 2880 ficem
225 2820 257 2878 in
291 2819 499 2898 spiritualibus
532 2818 682 2879 duntaxat
718 2820 906 2898 praecellere
943 2820 1034 2895 dixit,

106 2904 236 2982 partitus
259 2922 327 2961 cum
352 2902 484 2962 Caesare
507 2904 679 2981 imparium,
704 2905 729 2961 si
753 2923 844 2982 super
866 2910 974 2982 gentes
1003 2909 1034 2962 et

107 3005 204 3066 regna
226 2987 409 3046 constitutus
433 2993 488 3061 est,
512 2985 550 3044 ad
575 2986 657 3045 hunc
679 2986 823 3046 sensum?

192 3087 356 3145 Praeterea
378 3105 471 3145 nosse
494 3085 654 3163 debus-rae,
678 3085 760 3164 quod
783 3086 855 3146 fecit
868 3087 951 3146 Deus
973 3086 1033 3147 duo

108 3170 270 3229 luminaria
306 3189 418 3249 magna
450 3171 480 3228 in
509 3168 702 3229 firmamento
746 3170 840 3246 coeli,
884 3170 1033 3230 luminare

110 3254 217 3330 maius,
231 3260 265 3311 ut
284 3263 422 3331 praesset
437 3253 507 3327 diei,
522 3260 552 3311 et
568 3253 716 3312 luminare
734 3255 841 3328 murus,
860 3261 892 3313 ut
910 3272 1035 3332 praees·

110 3343 156 3396 set
179 3336 278 3409 nocti,
309 3345 469 3414 utrumque
503 3355 664 3415 magnum,
699 3335 753 3394 sed
776 3337 903 3396 alterum
927 3338 1035 3396 maius.

110 3418 158 3478 Ad
186 3418 411 3478 firmamentum
439 3420 530 3498 igitur
558 3420 653 3495 coeli,
689 3418 720 3477 id
750 3427 812 3497 est,
855 3419 1034 3479 universalis

110 3503 272 3577 ecclesiae,
296 3503 366 3562 fecit
389 3503 470 3562 Deus
494 3501 554 3562 duo
578 3502 740 3561 luminaria
762 3523 890 3582 magna,
922 3503 951 3561 id
978 3509 1034 3583 est,

110 3586 240 3645 instituit
262 3584 337 3644 duas
360 3585 534 3663 dignitates,
558 3592 724 3663 quaesunt
743 3585 928 3665 pontificalis
949 3592 1034 3646 auto·

112 3671 184 3727 ritas
208 3676 239 3727 et
260 3669 372 3748 regalis
396 3675 544 3746 potestas,
568 3667 622 3727 sed
637 3669 700 3744 illa,
723 3688 802 3746 quae
826 3677 949 3748 praeest
970 3669 1035 3728 die-

110 3751 175 3825 bus,
199 3751 307 3830 idest,
331 3752 548 3831 spiritualibus,
572 3753 669 3811 maior
692 3758 748 3831 est,
772 3771 850 3831 quae
872 3771 947 3812 vero
970 3770 1032 3811 oar·

111 3834 241 3914 natibus,
266 3836 374 3896 minor.
416 3834 457 3896 Et
479 3840 592 3914 quanta
621 3840 669 3898 est
689 3836 770 3899 inter
798 3834 904 3900 solem
934 3840 969 3899 et
997 3834 1049 3896 lu-
