2346 4208
145 253 147 257 ⁴
175 259 239 324 488
461 258 614 312 Excusatio
634 257 693 311 Iob.
711 256 787 310 Eceii

176 437 472 526 Vuittembergensis
494 443 666 524 Philippus,
705 462 816 525 graece
848 447 879 504 et
904 442 1000 502 latine
1022 460 1099 504 sane

176 549 238 592 non
267 528 427 604 indoctus,
466 527 628 608 epistolam
660 526 769 604 edere,
803 546 853 588 me
883 526 1039 586 lacessere
1068 532 1100 588 et

176 611 315 696 pluribus
343 611 520 672 nominibus
555 629 678 672 causam
705 631 768 672 non
798 629 915 685 meam,
950 608 1005 670 sed
1026 608 1099 670 fidei

179 696 361 773 obscurare,
397 701 429 754 et
451 693 585 755 officium
615 693 698 774 quod
719 697 750 755 in
774 695 947 755 Parisiense
969 693 1098 754 contuli·

175 799 243 842 mus
266 777 416 856 Studium,
437 777 494 840 sibi
517 797 673 858 usurpare.
712 779 767 839 Oui
790 776 866 847 ut¹t
891 774 1098 856 respondeam

176 883 255 944 opus
274 869 330 940 est,
352 880 414 921 non
428 880 498 921 mea
514 860 637 940 quidem
652 881 756 937 causa,
772 860 826 922 sed
841 858 1035 940 simplicium,
1059 877 1099 921 ne

176 946 300 1008 mellitis
321 943 423 1005 verbis
445 943 644 1018 seducantur,
680 947 784 1005 autin
808 961 928 1004 errores
950 943 1098 1024 praecipi·

175 1033 285 1107 tantur.
328 1028 505 1088 Percurrarn
529 1034 631 1089 autem
653 1027 838 1109 Epistolium
864 1028 945 1102 eius,
969 1045 1024 1106 per
1044 1045 1099 1086 no-

176 1112 255 1173 tulas
279 1111 387 1173 obiter.
430 1109 500 1171 Non
524 1111 710 1190 gravabere,
740 1112 780 1171 mi
803 1110 919 1183 lector,
946 1115 978 1170 et
998 1109 1099 1171 tantil-

176 1197 237 1256 lum
261 1195 409 1274 temporis
432 1195 476 1255 eis
500 1194 708 1272 ponderandis
731 1194 885 1275 impende.

268 1279 303 1349 1)
335 1277 445 1351 Scribit
484 1277 659 1358 Philippus,
705 1298 755 1339 me
794 1283 952 1339 causatum
993 1294 1098 1337 coram

174 1361 369 1423 illustrissimi
408 1360 558 1440 Principis
590 1360 775 1442 designatis,
810 1359 907 1420 videri
948 1358 1021 1419 mibi
1059 1379 1099 1419 ex

174 1447 240 1506 iure
262 1443 483 1522 disputantium
506 1462 584 1519 esse,
607 1463 647 1505 ne
669 1443 842 1505 dictaretur.
885 1442 920 1502 ln
941 1439 1003 1502 hoc
1025 1441 1098 1502 mihi

174 1528 285 1589 falsum
315 1526 475 1601 abscribit,
509 1529 654 1606 quoniam
684 1528 773 1588 huius
795 1544 950 1604 nunquam
974 1525 1099 1585 memini

176 1610 257 1692 apud
283 1609 480 1691 designatos,
509 1629 631 1690 semper
653 1610 716 1670 dixi
739 1611 810 1670 mihi
839 1628 901 1669 non
924 1607 1099 1688 displicere,

176 1701 208 1755 ut
229 1695 342 1754 notarii
365 1694 553 1772 exciperent.
597 1694 759 1771 Privatim,
786 1694 904 1769 fateor,
928 1691 1006 1765 dixi,
1037 1692 1100 1752 lan·

175 1796 322 1858 guescers
345 1777 479 1837 animum
504 1775 688 1855 disputantis
711 1796 797 1837 mora
819 1774 907 1856 styli,
945 1779 977 1835 et
999 1776 1099 1834 aciem

175 1861 285 1921 mentis
312 1879 374 1920 non
398 1859 477 1919 adeo
501 1860 623 1930 conari,
657 1861 735 1919 sicut
752 1858 973 1936 ¹disputationis
995 1857 1100 1918 fervor

175 1945 330 2024 exigeret,
351 1948 446 2003 testes
470 1948 541 2001 sunt
554 1941 707 2022 designati
729 1941 768 2003 ab
792 1941 998 2002 illustrissimo
1011 1941 1100 2002 Duce

175 2034 206 2086 et
226 2027 321 2087 totius
341 2025 556 2086 Universitatis
579 2024 748 2089 consilium.

200 2117 208 2133 ¹
257 2109 293 2184 2)
319 2108 366 2168 De
393 2106 491 2168 libero
515 2106 639 2168 arbitrio
663 2110 705 2169 ait
737 2109 951 2188 propositum,
985 2127 1025 2167 an
1060 2107 1100 2168 de

176 2209 314 2271 congruo
338 2209 528 2250 emereamur
550 2193 689 2272 gratiam.
723 2191 792 2252 Hoc
804 2210 872 2250 cum
895 2192 946 2270 agi
961 2189 1099 2262 deberet,

173 2275 315 2353 impingit
336 2274 429 2350 mihi,
466 2274 622 2353 quomodo
646 2275 685 2334 ad
707 2275 798 2335 aliam
823 2274 981 2333 materiam
1003 2273 1099 2352 plane

173 2357 304 2417 alienam
333 2356 372 2416 ab
401 2358 539 2418 instituto
563 2357 744 2418 Oarlestadii
773 2377 842 2417 eum
865 2357 1026 2432 traxerim,
1057 2377 1098 2417 an

175 2440 294 2500 scilicet
315 2440 383 2499 sola
404 2442 502 2520 gratia
523 2439 636 2501 efficiat
659 2441 774 2501 bonum
797 2440 899 2520 opus?
922 2438 1020 2513 Quam
1046 2459 1098 2499 au-

173 2531 233 2583 tem
257 2522 451 2603 impudenter
472 2523 534 2583 boc
552 2523 660 2592 faciat,
690 2523 817 2583 cuilibet
840 2531 887 2582 est
910 2521 1033 2581 obvium
1058 2523 1098 2582 le-

173 2606 257 2686 gonti
293 2605 524 2666 conclusionem
569 2625 668 2666 meam
711 2607 884 2686 septimam.
928 2604 1017 2665 Errat
1045 2608 1098 2683 qui

173 2688 299 2749 liberum
322 2688 478 2749 arbitrium
511 2689 644 2748 hominis
672 2697 766 2769 negat
793 2687 951 2749 dominum
973 2694 1097 2748 actuum

171 2771 323 2847 bominis,
355 2777 394 2832 eir
417 2791 476 2842 ec,
511 2774 582 2850 quia
603 2774 704 2851 ipsum
726 2772 840 2833 babeat
861 2790 895 2831 se
923 2772 1025 2830 active
1056 2772 1097 2830 ad

172 2854 300 2929 malum,
335 2854 373 2914 ad
402 2855 516 2914 bonum
539 2872 613 2918 vero
646 2860 762 2914 tantum
785 2856 923 2935 passive:
959 2861 991 2914 et
1011 2853 1099 2915 nulla

173 2938 334 2998 conclueio
362 2939 465 2999 sonuit
496 2937 535 2998 de
569 2939 677 2999 merito
701 2939 837 3018 congrui.
882 2935 962 3010 Quid
992 2942 1097 2997 autem

172 3020 259 3081 lieret
292 3020 331 3080 de
359 3020 484 3081 homine
512 3021 646 3080 faciente
669 3020 751 3099 quod
774 3023 804 3080 in
828 3041 861 3080 se
885 3026 946 3097 est,
982 3018 1099 3080 influe

172 3105 257 3181 quasi
282 3102 515 3183 disputavimus.

256 3186 431 3247 Audaculus
462 3193 585 3264 tamen,
618 3189 697 3246 sicut
726 3207 788 3247 non
818 3194 866 3246 est
887 3186 1036 3245 reveritus
1057 3185 1097 3246 D.

171 3269 333 3330 Erasmum
355 3269 491 3329 iudicare
513 3270 543 3329 in
566 3272 640 3330 novi
663 3270 852 3330 Testamenti
876 3268 1030 3346 editione,
1052 3268 1098 3329 ita

171 3357 202 3412 et
224 3352 274 3413 bic
295 3351 405 3412 iudicis
428 3361 530 3431 partes
553 3354 695 3432 assumit,
719 3352 868 3413 deliniens
892 3352 1015 3413 stetisse
1036 3350 1097 3411 sal·

171 3454 239 3495 vam
273 3435 466 3496 Garlestadio
503 3437 697 3498 sententiam.
748 3436 817 3497 Hoc
850 3437 931 3511 scio,
970 3433 1096 3495 demum

170 3517 332 3579 admisisse
354 3517 576 3580 Garlestadium
606 3519 796 3580 voluntatem
819 3518 933 3580 babere
956 3518 1096 3579 activita-

167 3607 230 3662 tem
253 3600 292 3661 ad
313 3600 428 3662 bonum
454 3620 540 3682 opus.
578 3603 620 3663 At
642 3621 701 3683 ego
717 3601 793 3663 nibil
810 3602 956 3675 decerno,
979 3601 1094 3663 etenim

244 3787 276 3859 1)
296 3787 328 3844 ln
348 3788 393 3850 ed.
405 3791 520 3862 arigim:
537 3789 582 3860 id;
598 3792 628 3844 iu
646 3790 688 3847 ed·
699 3789 759 3845 len.
778 3795 806 3845 et
823 3787 898 3860 apud
909 3783 1037 3843 Locsch'c
1054 3793 1095 3844 ut.
