2346 4208
152 245 217 315 142
343 248 497 316 Disputatio
514 248 626 315 Lipsiae
644 248 740 305 muita
761 264 786 303 a.
805 247 867 301 XIX

155 434 300 519 quidquid
322 437 361 496 sit
381 435 421 496 de
435 436 611 516 particulari
624 435 748 517 iudicio,
771 439 1003 518 consequentur
1016 456 1077 499 uon

154 520 246 583 valet.

218 603 358 664 Transeo
381 603 575 663 autoritatem
588 602 756 664 Zachariae
769 624 776 663 :
801 602 999 685 adaequabit
1012 622 1078 685 gra·

152 687 226 746 tiam
248 687 375 767 gratiae,
398 686 469 764 quia
491 685 685 766 tropologico
708 694 739 747 et
759 686 843 748 bono
865 705 959 748 seusu
982 702 1077 767 expo

153 771 248 848 nitur,
270 768 325 829 sed
347 787 411 828 non
433 769 569 848 proprio.

233 853 269 912 In
289 850 353 912 fine
373 851 462 910 huius
479 851 599 911 articuli
619 851 711 912 dicit:
735 851 864 913 Etiamsi
885 871 950 914 uon
972 858 1079 913 esseut

152 943 214 997 tam
237 936 321 996 clara
341 935 419 995 haee
440 935 636 1013 testimonia,
669 935 731 995 hoo
752 941 856 998 tamen
877 934 1007 997 deberet
1030 954 1077 997 me

150 1019 322 1082 absterrere
342 1017 543 1098 theologum,
565 1019 648 1097 quod
670 1020 714 1078 sic
735 1018 853 1097 absque
873 1010 1075 1081 bundameuto

151 1123 207 1184 pro
226 1121 296 1164 meo
319 1101 454 1180 arbitrio,
476 1120 544 1161 cum
567 1120 625 1161 nec
647 1101 749 1178 iudex,
773 1121 832 1163 nec
852 1120 995 1165 assessor
1015 1103 1076 1165 lire·

150 1187 230 1264 rim,
254 1191 410 1246 ettamen
434 1184 595 1246 animabus
618 1184 805 1263 exeuntibus,
823 1188 987 1247 terminum
999 1198 1078 1267 pro

151 1271 285 1350 rogarim
308 1267 455 1329 merendi.
498 1268 584 1328 ldem
603 1274 770 1347 retorqueo
792 1269 824 1329 in
846 1271 948 1350 ipsum
968 1269 1008 1331 D.
1030 1268 1077 1345 D,

151 1373 220 1414 curn
242 1371 301 1413 nec
320 1353 388 1432 ipse
408 1350 503 1411 iudex
523 1369 583 1411 nec
605 1371 745 1412 assessor
770 1351 881 1431 fuerit,
910 1358 943 1413 et
973 1358 1077 1413 tamea

150 1435 310 1498 animabus
332 1440 448 1496 eertum
469 1440 581 1494 statum
607 1436 694 1495 iuxta
717 1436 880 1514 opiniones
909 1452 983 1496 suae
1005 1434 1078 1499 deil-

150 1522 215 1581 nict
236 1519 353 1599 absque
376 1518 596 1596 fundamento,
633 1520 814 1598 praesertim
847 1538 916 1579 cum
944 1518 977 1579 id
999 1518 1078 1581 nolit

151 1622 220 1667 essa
249 1603 426 1683 opinionem
466 1601 617 1661 duntaxat
654 1601 755 1680 (quod
791 1601 995 1667 libentissime
1032 1610 1076 1664 to

147 1687 310 1763 lerarem),
332 1685 388 1746 sed
411 1692 528 1745 certam
550 1685 721 1745 seientiam.

148 1904 235 1965 Hora
269 1903 403 1965 secunda
445 1900 625 1963 condurata
654 1899 828 1979 Disputatio
860 1917 917 1978 per
949 1902 1078 1975 suado·

360 2035 397 2095 D.
419 2035 623 2095 Martinam
645 2033 868 2117 Lutherum,
989 2052 992 2057 ·

147 2174 200 2253 qui
224 2172 302 2232 dixit
323 2170 568 2247 declaraturum,
603 2189 638 2230 se
659 2175 743 2230 recte
765 2168 796 2245 1)
832 2178 865 2234 et
885 2168 1019 2233 candide
1039 2170 1078 2233 de

461 2252 623 2333 Scripturis
645 2254 768 2314 sentire.

230 2420 272 2481 ut
302 2419 374 2499 quia
394 2438 463 2478 mea
484 2422 637 2481 sententia
658 2440 721 2482 non
743 2421 816 2482 satis
851 2419 1015 2482 intellecta
1026 2420 1077 2483 .vi·

143 2505 237 2565 .detur
259 2504 384 2584 egregio
407 2503 444 2562 D.
467 2503 521 2578 D.,
550 2512 696 2581 quantum
718 2523 846 2585 possum
868 2504 1006 2583 apertius
1029 2522 1077 2565 me

146 2605 282 2668 expono,
305 2585 388 2666 quod
401 2585 577 2665 scripturae
599 2592 630 2647 et
652 2586 680 2648 S.
694 2587 800 2649 Patres
822 2578 939 2666 sbtiqui
958 2587 993 2647 in
1015 2588 1077 2648 suis

148 2671 308 2732 sententiis
329 2671 497 2750 respiciunt
517 2669 650 2730 futuram
673 2671 777 2750 vitam,
800 2690 862 2751 qua
882 2670 934 2730 vel
955 2670 1077 2733 salvau·

116 2763 194 2815 etur
215 2753 268 2813 vel
289 2753 472 2813 damnantur
492 2753 633 2832 animae,
667 2755 743 2816 nihil
770 2756 809 2817 de
831 2754 1012 2834 purgatorio
1032 2755 1077 2815 iu·

147 2839 236 2898 terim
258 2838 442 2918 cogitantes.
464 2834 539 2895 ideo
562 2837 677 2897 multae
697 2838 770 2902 illae
785 2837 977 2915 autoritates,
999 2855 1078 2917 quse

148 2921 428 3002 abnegantstatum
450 2919 588 2979 merendi
610 2921 784 3000 posthanc
807 2923 911 2998 vitam,
934 2938 1078 3002 nauper-

148 3007 246 3065 tiuent
267 3003 307 3065 ad
327 3003 549 3084 purgatorium.
572 3002 708 3077 Quodsi
729 3009 829 3069 adhuc
851 3021 915 3064 uon
935 3003 1078 3087 iutelligi-

148 3096 217 3168 tur,
252 3086 385 3168 fingatur
412 3088 623 3166 purgatorium
652 3088 768 3152 nullum
796 3106 883 3164 esse,
914 3087 995 3149 siout
1015 3106 1078 3149 uon

147 3172 203 3231 fuit
226 3172 290 3232 eius
312 3171 460 3251 cogitatio
482 3171 514 3228 in
537 3171 689 3231 mentibus
712 3194 828 3236 eorum.
849 3170 947 3230 Tunc
975 3170 1078 3233 udum

147 3256 271 3316 stabunt
292 3261 324 3314 et
344 3272 436 3314 verae
458 3260 548 3313 erunt
573 3273 681 3314 omnes
711 3259 892 3322 autoritates
923 3252 1077 3333 inductae,

147 3338 231 3420 quod
252 3344 324 3398 ante
345 3343 476 3397 mortem
498 3342 546 3398 est
566 3338 629 3398 vita
642 3337 673 3415 ²)
703 3339 849 3404 merendi.
872 3336 994 3399 Deinde
1015 3356 1077 3399 uon

147 3425 192 3483 sic
212 3422 252 3482 de
274 3422 389 3482 meritis
411 3420 523 3500 loquor
535 3422 704 3485 animarum
726 3427 759 3487 in
781 3422 971 3505 purgatorio,
993 3419 1076 3501 quod

148 3504 263 3584 aliquid
286 3512 466 3584 operentur,
504 3504 559 3566 sed
583 3503 665 3583 quod
688 3509 839 3590 recipiant
862 3506 993 3585 gratiam
1017 3523 1076 3565 am·

200 3694 228 3760 1)
247 3693 277 3744 ln
297 3693 341 3748 sd.
360 3693 479 3760 origin:
503 3693 551 3758 qui
571 3689 642 3745 dixit
657 3705 689 3743 se
708 3688 913 3745 declaraturum
932 3690 1008 3741 recta
1025 3689 1074 3738 eta

146 3769 179 3833 2)
202 3767 337 3820 Loescher
355 3764 533 3817 scribendum
552 3778 614 3817 esse
633 3763 761 3815 coniicit:
782 3764 865 3814 meta.
