2346 4208
133 413 249 477 dos-t
209 420 249 477 :ta
269 433 318 478 ms
341 414 495 477 mirabiles
513 415 627 496 videre,
648 416 681 476 id
700 422 766 495 est,
788 415 933 509 insanire,
954 421 988 477 et
1010 436 1056 478 sa-

133 503 226 561 anas
248 490 393 561 ludibrio
397 499 510 571 teneri.

195 581 245 644 54
268 574 824 660 Νι5ι1155ι1555555,5555555555
848 582 1054 661 elloquacem

89 718 94 725 .
132 663 305 742 sophistem
321 663 368 725 de
388 663 513 744 legect
535 665 680 745 operibus
699 665 799 725 multa
767 666 953 761 lgm-rire,
983 665 1054 725 dum

130 745 325 822 interim1)
316 765 383 826 ipse
400 766 458 807 nec
479 748 572 808 faciat
560 749 767 828 tquicquam,
789 767 863 827 nec,
879 749 930 828 qni
951 749 1054 827 faciet,

130 829 232 909 possit
254 829 428 890 ostendere

194 916 244 976 55.
266 912 342 991 Nos,
366 931 435 972 cum
457 932 520 993 non
541 913 665 993 possint
653 912 1053 989 tillisuamaliirmativam

129 993 280 1139 probare,
317 1014 356 1056 ex
379 994 640 1077 superabundanti
673 996 764 1057 etiam
786 996 960 1077 negativam
984 1016 1053 1076 pro-

151 1097 250 1139 amus.
591 1086 621 1116 ”¹

192 1163 242 1225 56.
265 1160 390 1221 Scilicet
408 1161 526 1220 nullum
545 1161 658 1237 spisse,
676 1180 768 1242 esse,
790 1161 857 1222 fora
879 1162 1071 1259 exemplums

122 1214 208 1323 legis
229 1243 399 1324 impletae,
428 1245 458 1303 in
487 1244 551 1304 ullo
571 1243 772 1322 Senatorum,
811 1244 913 1327 55555
934 1247 964 1305 in
988 1252 1055 1306 tota

126 1327 263 1399 ecclesia
280 1334 392 1387 sancta
415 1327 579 1388 catholica.
678 1360 681 1365 ·
706 1362 712 1377 .·
755 1350 759 1357 ¹
1038 1348 1043 1364 ·

193 1413 242 1474 57.
268 1409 411 1469 Omnium
435 1411 514 1470 enim
533 1409 722 1471 Sanctorum
731 1415 779 1470 55
784 1411 880 1470 totius
899 1369 1052 1472 ecelesiae

127 1499 245 1555 vexet
232 1494 416 1554 tconlessio
438 1502 501 1553 est:
525 1492 758 1571 Sidixsrimus,
765 1511 826 1553 555
852 1500 915 1554 555
936 1494 1052 1555 habere

130 1584 308 1656 peccatum,
330 1578 444 1636 veritas
466 1576 554 1636 Dei
545 1596 577 1635 rn
599 1576 692 1652 55555
712 1594 775 1636 555
798 1582 855 1637 est.
904 1598 907 1602 ’

195 1661 245 1723 58.
267 1659 307 1719 Et
329 1661 394 1738 ipse
417 1659 528 1719 Paulus
551 1678 643 1719 carne
666 1660 759 1719 servit
780 1659 840 1739 legi
864 1661 1000 1739 peccati,
1022 1665 1055 1720 55

120 1743 289 1821 spiritus
274 1742 490 1802 ecclesiarum
512 1741 654 1803 Galatiae
684 1761 807 1803 carnem
832 1741 1053 1803 adversantem

122 1825 206 1885 ferre
227 1826 401 1904 cogitur
727 1851 730 1855 ⁴
808 1852 828 1863 ·’
908 1852 911 1858 ·

187 1908 246 1972 59.
262 1907 306 1967 Et
327 1914 394 1969 5555
416 1907 552 1967 ecclesia
560 1913 699 1987 ,petens
722 1906 889 1974 dominica
897 1909 1052 1984 oratione,

120 1989 312 2053 sanctificari
336 1997 449 2052 55555
472 1991 595 2070 195555
617 1991 830 2052 remissionem
850 1999 1052 2075 peccatorum

128 2083 187 2136 etc.
216 2074 306 2134 hoc
299 2093 367 2154 rpso
391 2074 435 2133 fa
423 2081 512 2151 etur,
536 2093 605 2134 sese
627 2075 831 2154 peccatricem
854 2094 935 2136 esee.
982 2118 986 2124 ·
1030 2112 1034 2122 ·

106 2222 109 2226 ,
194 2160 242 2222 60.
264 2157 313 2217 Ex
335 2157 445 2237 quibus
474 2159 632 2237 sequitat,
659 2157 776 2217 nullum
807 2158 900 2218 etiam
925 2157 1052 2218 Sancto-

125 2260 211 2318 rum,
242 2241 355 2301 nedum
371 2241 557 2321 legistarum
592 2241 735 2321 opcrilias
761 2242 863 2321 legis
881 2240 1053 2318 iustificari,

128 2325 224 2384 multo
249 2326 347 2383 minus
371 2324 514 2403 operibus
536 2325 676 2404 propriis
1029 2368 1032 2372 -

151 2410 241 2471 61.
246 2407 329 2481 51155
350 2407 533 2484 vaniloquos
549 2415 588 2467 et
614 2404 836 2489 operantem
856 2407 960 2488 signat
976 2426 1053 2488 apo-

124 2490 243 2568 stolus,
272 2509 340 2550 cum
363 2489 453 2549 dicit:
468 2488 614 2633 tSemper
635 2491 755 2550 discent
743 2499 807 2569 t,as
841 2496 875 2550 55
893 2507 1052 2570 nunqnam

126 2574 167 2635 ad
191 2560 272 2634 scien
277 2575 349 2633 tiam
368 2573 506 2633 veritatis
528 2574 757 2652 pervenientes

192 2659 241 2721 62.
265 2657 395 2737 Semper
417 2657 498 2717 enim
522 2654 1053 2733 (15(15555511555155555,555(15

127 2738 990 2819 5555555555555155555555555555555555555555.
1032 2762 1034 2769 ’

195 2825 244 2887 63.
266 2823 308 2884 Α5
330 2842 386 2903 per
407 2786 549 2883 debitum,
561 2821 645 2883 Seri
641 2841 743 2883 nemo
765 2819 979 2883 iustificabitur
1000 2828 1054 2882 aut

127 2907 304 2985 salvabitur,
327 2905 422 2981 sed2)
449 2926 504 2986 per
523 2906 637 2980 155555
657 2925 751 2984 esse,
748 2905 959 3024 5555555555
971 2904 1053 2986 legis

127 2989 270 3051 salvandi
293 2997 364 3050 sunt
386 3008 505 3051 omnes.-
596 3026 599 3037 ·
709 3033 711 3039 -

194 3072 335 3138 641155
360 3074 439 3133 enim
464 3070 611 3150 quidicit,
632 3073 775 3151 Domine,
797 3016 940 3149 Domine,
952 3030 1053 3131 ,555555

127 3155 175 3218 555
196 3174 332 3237 regnum
355 3155 529 3234 coelorum,
566 3153 620 3216 aed
636 3156 696 3235 .qui
724 3155 843 3261 1555555
862 3154 1053 3265 voluntatem

129 3241 209 3300 Pa
173 3247 238 3318 55
261 3239 312 3299 hic
332 3238 458 3301 intrabit
445 3245 535 3301 tcto.

193 3287 243 3388 65'.
270 3323 353 3383 Deus
375 3324 456 3384 enim
479 3322 560 3383 serio
580 3322 647 3382 vult
678 3320 778 3401 legem
810 3324 896 3380 mam
923 3320 1053 3400 impleri,

130 3405 287 3486 usquead
311 3408 467 3465 minimum
491 3406 609 3485 apicem
635 3412 666 3465 et
686 3405 761 3483 iota,
784 3410 837 3466 aut
855 3403 971 3463 nullum
989 3421 1052 3464 om·

130 3493 203 3551 nino
227 3489 367 3552 salvari·
850 3517 852 3521 ⁷

200 3753 235 3821 l)
260 3754 298 3816 ln,
313 3751 356 3804 ed.
379 3751 466 3807 1558:
487 3751 602 3802 interea.
639 3747 672 3814 2)
693 3747 724 3800 ln
743 3747 973 3882 5ι5ῥὸ15585555.
