2346 4208
342 280 348 297 ·
392 286 395 293 ·
441 260 779 335 elchallo-exectum·
796 254 816 293 ¹·
978 252 1067 329 fild.

143 452 190 508 hm
206 447 266 507 ism
285 447 400 529 hiduo,
420 446 567 512 deberem
587 428 1042 529 ndthhims·ul'sirereren2

141 530 183 591 lus
200 528 289 592 Peter
309 532 374 593 suis
394 532 525 595 mntelis
547 530 715 613 aliquando
736 532 862 594 tecissm
881 550 923 594 cx
944 548 1043 615 oppo-¹

138 620 216 675 rente
233 613 486 695 respondentem.
520 614 592 677 Non
608 616 694 677 enim
715 615 778 678 hoo
798 616 931 696 opposui
951 614 1043 699 argu-²

137 702 278 777 uentum,
298 697 355 760 sed
375 698 445 779 ipse
463 700 579 780 posuit,
600 706 633 767 st
652 704 738 761 certe
758 696 1044 761 cathedromillenl·

136 778 224 843 Petrus
245 798 311 842 non
332 798 438 843 mum
460 783 593 864 sumpsit
613 781 654 843 ad
673 782 826 861 Bouiani,
853 781 908 843 sod
925 783 1046 865 prima·

135 864 370 928 lam-transtulit
401 896 405 907 ·
466 892 473 909 ·
706 862 712 871 ’
766 870 770 877 ’
1029 872 1046 901 ¹·

200 946 249 1008 Do
277 947 376 1009 rotho
396 964 543 1028 pascere,
577 948 643 1009 vult
672 945 826 1009 dimitme
846 946 1046 1029 Gisgonem,

134 1028 338 1110 Ambrosium
359 1028 633 1113 chrysostomum,
670 1030 743 1111 quis
758 1028 1046 1111 simplcx'verbur'm

133 1111 307 1175 madebant
319 1114 529 1195 asquiwcori
549 1114 638 1193 Diuo,
660 1113 729 1193 quis
745 1112 807 1175 hoo
820 1114 954 1195 ignorat,
976 1132 1066 1183 rer-„-

132 1194 189 1257 tum
210 1197 349 1277 postoris
367 1214 440 1259 esse
467 1214 582 1259 nomen
603 1194 721 1274 officii,
746 1196 874 1259 honoris
896 1203 928 1257 st
948 1197 1041 1258 mam

132 1278 250 1341 mmet
271 1277 364 1343 Unde
385 1285 420 1341 ot
438 1280 639 1361 praelationis
651 1280 773 1361 oooopit
792 1278 929 1341 officinm
951 1286 984 1341 st
1003 1280 1042 1341 sta

132 1360 178 1423 nl
195 1362 349 1445 meeum
369 1374 461 1425 onus.
725 1394 729 1401 ,
1022 1382 1025 1389 ·

176 1444 224 1507 Do
243 1444 427 1508 conditione
442 1464 507 1509 nou
527 1445 645 1527 recipio
665 1444 802 1527 allegata
819 1462 877 1539 per
896 1462 1039 1507 reveren·

130 1525 198 1595 tm·
209 1528 346 1603 Patrem,
365 1529 442 1609 quie
461 1546 521 1591 neo
541 1527 696 1607 Christus,
717 1529 798 1590 siout
816 1546 895 1608 ipsc,
916 1526 1043 1611 'semper

131 1608 257 1677 moos
276 1611 417 1691 litoreo,
433 1612 643 1675 conditionem
664 1611 765 1673 innuit
784 1618 948 1693 postumat.
960 1610 1041 1673 liam

76 1694 79 1751 l
130 1694 164 1757 do
179 1693 522 1761 marcommannas
540 1694 731 1777 Hassitimrs,
761 1692 844 1775 quod
877 1710 941 1769 non
977 1696 1042 1756 oxi·

130 1782 200 1839 uuus
228 1779 264 1839 in
285 1779 417 1841 mritete
448 1785 625 1841 non-osset
645 1778 834 1873 spipoopus,
872 1777 1041 1859 praelatus,

129 1868 222 1939 paror
242 1868 305 1923 etc.
456 1890 505 1921 ·-.
755 1884 771 1901 ··
1033 1874 1037 1881 '

196 1944 246 2007 De
266 1963 336 2007 cau.
360 1942 565 2025 significasti,
592 1941 631 2003 do
664 1942 754 2005 elect
779 1944 845 2005 scio
867 1942 1040 2005 Gereonem

127 2032 153 2087 et
168 2026 247 2090 ulios
269 2027 416 2089 doctores
437 2025 610 2109 ponderare
637 2027 671 2087 in
693 2027 835 2104 materie,
870 2045 910 2087 cu
939 2028 1042 2087 conci·
1101 2076 1107 2087 .

126 2108 189 2172 lium
211 2112 254 2172 eit
274 2130 369 2192 supra
389 2106 530 2191 papam?
567 2102 722 2188 etoquia
748 2110 844 2171 verba
878 2109 1041 2171 decretalis

127 2211 180 2254 nou
201 2201 275 2255 sunt
294 2194 438 2273 adducto,
461 2193 536 2254 nihil
557 2211 684 2273 possum
695 2192 808 2272 dicere,
831 2193 885 2253 sed
908 2195 1040 2254 coniicio
1108 2226 1110 2231 .

126 2276 227 2339 nolens
251 2297 301 2338 me
328 2276 389 2337 huc
417 2276 574 2357 allegare,
606 2275 796 2355 pastoralem
833 2277 1040 2338 conditionem

126 2361 650 2524 aene{illsewl'd’dloo,q“diditaptihtmatum
672 2440 754 2503 Petri
782 2461 845 2503 non
867 2444 1040 2527 agnoverit,

123 2526 172 2589 sed
191 2527 284 2589 inerit
305 2527 466 2608 apostolus
488 2526 615 2607 Christi,
643 2540 751 2586 omnes
786 2544 891 2586 sumus
908 2524 1041 2607 Christi,

122 2617 151 2671 ut
169 2609 322 2688 arbitror,
358 2615 462 2671 tomen
484 2610 575 2670 Petro
598 2608 760 2688 primatum
782 2608 890 2672 nullibi
915 2608 1042 2672 abstulit

121 2695 286 2777 regiminis,
308 2691 365 2754 scd
386 2698 418 2754 ot
439 2694 614 2771 moriturus,
637 2698 670 2752 ut
688 2683 720 2752 iii
734 2692 866 2772 epistola
885 2691 924 2752 de
945 2701 1040 2753 trans-

120 2777 158 2839 itu
178 2777 394 2860 apostolorum
416 2775 573 2853 scribitur,
595 2776 718 2836 Petrum
741 2774 908 2854 valedixit,
938 2782 971 2836 ut
992 2794 1049 2851 cn<

121 2868 170 2940 put
190 2861 360 2940 ccclesiae,
388 2879 467 2939 quae
490 2859 622 2940 epistola
643 2878 682 2919 an
705 2856 745 2920 sit
768 2858 803 2922 B.
826 2860 967 2941 Dionysii
991 2860 1040 2921 vel

123 2943 592 3088 mmulshdlldrhrtdssdlhiddiium
608 3024 729 3103 Christi,
752 3025 806 3086 sed
829 3044 891 3086 non
914 3008 1046 3106 generas

125 3107 193 3189 lem,
228 3129 301 3171 nem
324 3111 416 3171 etiam
439 3111 470 3171 iu
493 3109 675 3191 apocalypsi
718 3117 852 3170 ouuntor
875 3107 1039 3170 duodecim

126 3191 314 3255 fundamenta
335 3193 502 3273 ecclesiae,
525 3199 679 3266 ettamen
726 3192 923 3254 ndumentum
946 3193 1040 3271 alind,

129 3275 235 3338 scilicet
254 3277 435 3360 principale,
456 3295 548 3338 nomo
571 3282 689 3356 ponere
710 3282 823 3356 potest,
845 3294 937 3356 quam
957 3278 1039 3357 quod

132 3360 249 3433 positum
274 3366 332 3439 est,
355 3360 473 3420 scilicet
489 3360 643 3422 Christum
655 3361 706 3437 ⁴¹).

199 3443 245 3506 Do
267 3444 404 3505 secundo
427 3444 513 3529 dixit,
536 3462 598 3504 non
620 3462 690 3506 esse
712 3442 751 3502 ad
768 3446 976 3524 propositum,
999 3464 1037 3505 an

78 3586 82 3603 ,
135 3518 224 3586 Petrus
257 3529 297 3589 sit
315 3535 420 3608 petra,
448 3535 480 3589 et
510 3534 557 3588 est
589 3534 686 3590 totum
709 3527 867 3606 negotium
891 3536 1044 3595 nostrum?

142 3678 212 3693 ξ-
390 3689 539 3699 —0———··—·

167 3789 192 3858 ⁸)
210 3795 232 3848 1.
251 3795 315 3852 Gor.
336 3797 363 3852 3.
