2346 4208
198 262 239 329 28
425 265 893 337 Ad·:Aegocerotem.Eruserauum

199 452 431 534 theologiseris,
466 455 542 513 mire
574 454 654 532 aptis
688 454 841 534 mysteriis
863 453 990 525 ludens]
1015 457 1115 512 tantm

198 537 297 596 honos
320 542 368 596 est
388 535 525 612 habitus,
560 538 724 616 superioris
756 538 864 615 etiam,
895 538 968 597 novi
1001 534 1116 596 scilieet

197 619 387 680 Testamenti
399 639 523 680 causam
536 620 631 680 nihilo
650 621 716 680 lore
741 619 933 680 deteriorem.
957 618 1114 679 Haecille.

281 703 396 764 Omitto
418 705 565 783 ineptiam
579 703 617 763 de
641 704 877 764 molaiuleriore
899 711 932 764 et
949 703 1115 782 superiore,

197 787 260 847 imo
283 788 488 867 impietatem,
519 806 580 866 qua
614 793 752 860 veterem,
773 794 804 847 et
825 793 962 847 sanctam
985 804 1116 866 synago·

197 889 267 951 gam
302 871 433 931 otiosam
461 876 492 930 et
513 869 690 931 derelictam
703 889 801 930 novus
817 871 981 950 theologus
995 869 1115 943 deliras,

198 953 314 1032 absque
334 953 412 1028 hoo,
440 953 522 1031 quod
551 954 720 1033 corporalis
753 952 851 1014 etiam'
879 954 963 1014 mola
993 952 1116 1014 interior

197 1038 298 1098 otiosa
320 1056 382 1097 non
413 1038 513 1115 possit
546 1037 620 1112 dici,
656 1056 735 1116 quae
768 1039 960 1117 negotiosior
990 1042 1038 1096 est
1057 1054 1115 1095 ¹su·

196 1120 333 1199 periore,
371 1121 455 1180 cuius
492 1121 623 1181 sustinet
649 1122 710 1181 vim
738 1127 769 1180 et
788 1122 951 1200 impetum,
984 1119 1116 1198 denique

198 1203 281 1264 Deus
304 1202 473 1283 prohibuit,
507 1223 548 1264 ne
577 1204 700 1283 quaudo
730 1204 827 1265 altera
849 1203 999 1264 molarum
1022 1201 1115 1263 auter·

196 1292 295 1362 retur,
332 1294 363 1348 et
397 1288 497 1348 otiosa
525 1286 622 1348 lieret.
680 1287 730 1349 Sic
764 1289 845 1348 enim
868 1287 970 1348 solent
991 1286 1115 1346 Ecciaui

197 1369 334 1448 theologi
362 1372 393 1430 in
428 1371 522 1431 sacris
554 1370 660 1431 ludere
697 1371 808 1445 literis,
842 1369 914 1430 dum
949 1371 1031 1430 serio
1064 1387 1115 1430 eas

196 1458 337 1515 tractant.

280 1535 329 1596 Ad
351 1556 415 1596 rem
437 1537 546 1615 ipsam.
588 1535 646 1596 Hic
667 1536 722 1597 tihi
745 1536 866 1597 videtur
883 1537 984 1596 honos
1007 1535 1115 1615 diguus

197 1638 280 1680 novo
303 1619 518 1698 Testamenta,
553 1621 578 1680 si
606 1621 706 1700 ipsum
742 1638 865 1699 quoque
896 1619 1010 1681 haheat
1031 1638 1114 1678 suum

197 1703 363 1781 Aaronem,
384 1703 541 1764 hominem
563 1723 686 1782 purum,
709 1703 800 1762 simili
823 1704 968 1779 vestium,
991 1702 1116 1780 dierum,

105 1835 108 1841 .
197 1788 440 1847 ceremoniarum
464 1805 578 1866 pompa
600 1787 782 1866 gloriosum.
801 1829 809 1840 t
825 1785 947 1848 Gratias
969 1805 1030 1866 ago
1053 1804 1115 1845 rer·

197 1869 304 1931 borum
327 1871 385 1929 Dei
406 1871 564 1948 interpreti
595 1870 782 1930 acutissimo.
831 1869 916 1950 Ergo
944 1869 1040 1929 nihilo
1064 1867 1116 1928 dil·

196 1954 273 2013 feret
295 1954 408 2014 veritas
431 1970 450 2012 a
472 1951 584 2032 ligura⁷
609 1954 731 2033 spiritus
753 1972 773 2012 a
792 1953 897 2029 litera,
919 1951 1079 2031 plenitudo
1099 1970 1117 2010 a

197 2038 303 2116 signo,
333 2054 392 2095 nee
412 2054 511 2095 novus
536 2036 681 2097 sacerdos
704 2037 910 2116 praestantior
931 2035 1050 2096 veteri?
1091 2033 1116 2094 0

196 2120 435 2199 ignominiosum
457 2119 607 2180 honorem
638 2121 712 2180 novi
733 2119 936 2188 Testamenti,
974 2120 999 2177 si
1029 2117 1116 2178 simili

197 2202 316 2262 honore
351 2208 499 2279 aequetur
533 2204 637 2267 veteri.
693 2202 847 2277 Quorum,
887 2220 1020 2282 quaeso,
1059 2200 1117 2261 hoc

197 2304 286 2345 aures
308 2283 427 2344 ferent?
448 2285 518 2346 Non
541 2287 694 2366 cogitasti,
717 2287 886 2346 miserrime
907 2285 1026 2356 Emser,
1050 2302 1115 2343 cum

196 2367 257 2427 hoc
286 2386 396 2427 munus
425 2367 541 2447 obires,
575 2388 665 2447 quam
699 2370 872 2449 susciperes
905 2373 1114 2449 argumentum

196 2451 255 2509 tuis
278 2449 390 2513 viribus
414 2451 534 2530 impar?
568 2451 639 2513 Non
670 2471 738 2512 eras
772 2471 890 2513 memor
910 2451 1028 2512 Horatii
1060 2451 1116 2510 tui:

199 2533 330 2593 Versate
352 2534 419 2613 diu,
456 2532 529 2612 quid
550 2536 674 2596 valeant
694 2535 828 2613 humeri,
865 2534 938 2613 quid
973 2534 1053 2594 ferre
1073 2552 1116 2594 re

198 2616 327 2676 cusent?

279 2699 379 2780 Rogo,
392 2701 497 2761 infelix
506 2699 686 2777 Oanouista,
696 2699 872 2779 apostolum
882 2699 921 2759 ad
931 2698 1071 2760 Ebraeos
1079 2696 1113 2781 *J

195 2801 257 2842 non
281 2783 404 2863 legisti?
449 2783 480 2843 Si
503 2784 619 2864 legisti,
642 2803 696 2843 cur
718 2783 952 2862 contempsisti?
997 2781 1029 2842 si
1052 2801 1114 2842 nou

196 2865 307 2946 legisti,
331 2867 402 2944 quid
415 2885 527 2946 porcus
540 2866 757 2927 intersancta?
780 2866 961 2946 Apostolus,
981 2866 1115 2944 inquam,

196 2948 345 3009 honorem
369 2957 400 3010 et
427 2950 557 3030 gloriam
582 2952 654 3011 novi
675 2950 865 3011 Testamenti
894 2948 1115 3028 copiosissimis

197 3039 228 3091 et
260 3033 513 3112 splendidissimis
556 3035 744 3114 argumentis
778 3038 929 3108 tractans,
965 3031 1116 3092 Ohristum

196 3112 290 3175 lilium
321 3115 379 3176 Dei
405 3115 582 3195 pontificem
616 3136 766 3176 summum
790 3117 860 3176 loco
884 3116 996 3174 veteris
1018 3115 1116 3192 ponti·

196 3196 279 3276 licis,
313 3206 347 3259 ut
372 3199 507 3259 melioris
540 3201 717 3261 testamenti
746 3199 946 3260 mediatorem
979 3197 1116 3277 pulcher·

194 3281 270 3340 rime
291 3282 411 3361 probat,
435 3301 565 3361 eumque
577 3285 607 3342 iu
621 3289 738 3361 sancta,
761 3289 887 3343 aeterua
900 3280 1113 3359 redemptione

195 3364 330 3442 iuventa,
352 3385 408 3444 per
429 3368 584 3444 proprium
607 3367 788 3446 sanguinem
810 3366 971 3425 introiisse.
1003 3364 1115 3424 Vetera

196 3446 249 3506 illa
270 3447 364 3508 fuisse
386 3448 584 3527 exemplaria,
606 3448 744 3526 umbras,
765 3450 926 3528 imagines,
950 3453 1042 3527 typos
1074 3446 1116 3505 fu·

197 3531 254 3590 turi
281 3530 435 3610 pontilicis
464 3531 592 3609 Christi,
620 3531 797 3592 revocanda
822 3529 968 3608 Emsero,
1004 3536 1036 3590 et
1061 3547 1115 3610 pro

197 3613 326 3674 veritate
346 3614 498 3675 habenda.

271 3782 298 3848 ⁸)
318 3738 403 3839 Hehr.
423 3786 448 3842 9.
