2346 4208
371 278 374 285 ·
438 258 472 315 ds
490 261 605 332 negotio
623 259 746 315 Latiari.
768 276 780 283 ·’
804 276 809 285 ·
1004 256 1047 326 77

563 556 615 625 m.

319 700 333 737 i
440 691 509 755 licoii
527 691 565 756 ,ad
584 690 736 756 ludum.
778 716 786 735 ··
807 720 823 735 ··

208 858 347 920 Salutem
370 858 402 916 in
431 857 583 937 Domino,
609 866 649 917 *et
669 864 754 918 recte
775 858 806 917 in
835 858 901 919 lesu
930 877 1049 937 sapere.

123 941 216 1018 Quod
238 941 394 1023 Lipsensis
415 939 515 1000 studii
539 941 594 1000 viri
616 940 787 1000 doctissimi
816 959 894 1001 onus
917 960 974 1000 nos
998 961 1049 1002 au·

124 1025 230 1087 diendi
252 1031 440 1101 recusarunt,
464 1029 530 1084 erat
551 1023 624 1083 mihi
637 1005 856 1103 permoledtum
878 1042 936 1084 uec
957 1024 1049 1105 plane

123 1110 217 1189 sciri,
245 1107 317 1188 quid
341 1107 462 1168 consilii
485 1124 644 1186 caperem,
671 1113 703 1166 at
724 1113 827 1167 tamen
850 1106 1049 1168 elementissi-

125 1208 195 1252 mus
217 1192 374 1270 Princeps,
398 1190 433 1251 D.
458 1189 626 1270 Georgius,
641 1244 644 1252 Α
661 1188 816 1252 Senoniae
838 1191 908 1250 Dux
930 1198 988 1250 etc.
1008 1189 1050 1251 ad
1102 1236 1105 1241 .

124 1276 308 1358 petitionem
340 1292 440 1332 meam
464 1274 527 1354 egit
548 1288 616 1333 oum
640 1271 747 1333 Studio
771 1291 842 1353 suo,
871 1272 1049 1335 uitandam

123 1376 286 1420 assensum
307 1355 500 1438 praeberent,
524 1356 567 1417 uti
589 1356 649 1415 boo
672 1355 721 1416 die
743 1356 847 1416 literas
869 1356 1049 1417 etlllustris

123 1441 308 1503 simi'Ducis'
328 1439 584 1501 etUniversitatis
605 1438 820 1501 aoFaanltatis
842 1457 935 1520 super
958 1459 996 1500 ea
1016 1458 1050 1501 re

124 1525 243 1606 accepi.
286 1523 389 1598 Quare
420 1523 463 1582 eis
486 1521 609 1583 XXVII.
639 1520 720 1582 diem
753 1523 826 1583 lunii
854 1524 1049 1604 praescripsi,
1096 1524 1106 1535 ‘

125 1626 188 1689 quo
215 1608 432 1688 Disputatione
464 1607 593 1686 primurn
629 1610 732 1665 actum
764 1604 964 1685 haberemus,
1000 1605 1050 1668 die

124 1698 229 1752 autem
259 1689 370 1752 XXVI.
405 1688 487 1769 apud
509 1688 698 1750 Facultatem
731 1687 939 1769 theologicam
977 1706 1050 1751 oon·

125 1775 316 1851 veniremus,
346 1779 413 1833 uter
438 1781 575 1833 nostrum
616 1773 647 1832 in
688 1771 787 1852 primo
815 1790 984 1853 congressu
1012 1774 1052 1834 stt

125 1857 307 1940 Opponens.
531 1910 535 1919 ,
716 1900 719 1919 2
965 1890 969 1896 -
995 1886 998 1891 ·

210 1940 286 2002 (lum
308 1945 409 1999 autem
424 1937 656 1999 Oarolostadins
678 1938 718 1997 sit
738 1934 1050 2019 propugnatoribus,

125 2031 190 2086 tum
212 2042 286 2084 vero
310 2021 486 2103 principalis
509 2023 634 2098 existas,
659 2021 710 2101 qui
732 2021 810 2082 baec
827 2020 975 2102 dogmata
995 2041 1051 2102 psr

125 2108 324 2169 Germaniam
347 2105 520 2184 seminasti,
550 2124 630 2185 quae
653 2122 722 2165 meo
744 2123 840 2185 parvo
861 2115 892 2165 et
913 2105 986 2166 exili
1008 2107 1050 2165 iu·

126 2192 208 2252 dicio
230 2189 308 2250 falsa
330 2196 360 2249 et
382 2207 511 2249 erronea
539 2197 704 2270 apparent:
736 2207 830 2268 quare
853 2191 1052 2250 eonvenitet

126 2283 158 2335 to
185 2273 259 2333 illuc
288 2274 409 2351 venire,
448 2279 480 2332 et
509 2273 557 2332 vel
586 2281 638 2332 tna
669 2273 761 2351 tueri,
783 2272 832 2333 vel
862 2279 967 2333 nostra
995 2274 1052 2333 im»

149 2357 269 2419 robare.
342 2415 345 2420 .

127 2378 146 2439 p
210 2439 271 2502 Sed
295 2457 389 2518 quam
414 2437 535 2517 vellem,
558 2444 591 2497 ut
612 2436 694 2499 hunc
715 2440 850 2499 animum
866 2439 1051 2520 deponeres,

125 2531 158 2585 et
179 2523 246 2584 sedi
268 2521 469 2602 spostolicae
491 2529 521 2582 te
545 2540 599 2600 per
620 2521 723 2581 omnia
746 2522 941 2583 obedientem
964 2541 1049 2603 praa

127 2615 241 2685 stares,
275 2606 396 2665 audires
427 2604 562 2665 Leonem
585 2603 620 2664 X.
643 2605 797 2664 Vinarium
827 2606 953 2682 Christi,
989 2624 1052 2666 non

127 2706 293 2770 quaereres
315 2688 571 2771 singularitatem,
604 2687 659 2747 sed
681 2686 948 2750 condesoenderes
971 2708 1052 2750 com-

127 2774 212 2833 muni
236 2774 403 2835 Doctorum
437 2772 625 2845 sententiae,
658 2778 775 2848 certus,
808 2772 890 2850 quod
914 2772 1052 2832 Christus

127 2857 291 2918 ecclesiam
326 2874 411 2914 suam
446 2856 505 2914 iam
529 2853 760 2935 quadringentis
789 2857 876 2914 annis
900 2873 964 2918 non
982 2874 1052 2936 por

128 2942 263 3001 misisset
282 2940 313 2998 in
333 2940 399 2998 istis
425 2935 486 3020 (uti
508 2946 539 2998 tu
563 2938 727 3014 divinatis)
751 2939 913 3002 erroribus.
957 2938 1052 2999 Vides

127 3025 209 3085 enim
239 3042 279 3083 ex
301 3021 422 3083 Sebeda
443 3022 668 3102 Disputatoria,
701 3041 751 3083 me
771 3041 833 3083 non
863 3029 924 3082 tam
945 3029 1055 3083 contra

128 3106 328 3181 Bodenstein,
350 3124 441 3184 quam
465 3112 572 3165 contra
595 3111 661 3166 tuas
691 3104 845 3166 doctrinas
868 3108 1052 3186 proposItio—

128 3210 185 3251 nes
207 3191 358 3271 posuisse.
403 3189 480 3248 Vale
503 3206 593 3269 ergo,
629 3189 668 3248 mi
690 3189 835 3268 Martius,
868 3197 900 3249 et
929 3208 1051 3250 oremus

129 3293 186 3354 pro
210 3275 351 3349 invicem,
373 3279 406 3332 ut
426 3270 641 3333 illuminemur.

216 3375 261 3434 Ex
285 3373 470 3453 Ingolstadt,
493 3373 571 3433 XIX.
593 3372 757 3434 Februarii.

316 3475 406 3534 Anno
431 3475 568 3553 Virginei
588 3480 692 3552 partus
715 3473 871 3536 mnxlx.
