2346 4208
367 260 393 307 5*
478 250 815 320 amaroqw
860 266 863 271 ·
1033 249 1076 317 39

121 422 183 503 ⁶3.
210 439 421 517 Bemerdum,
453 439 505 518 qui
537 438 619 499 hane
646 441 847 501 autoritatem
873 439 991 500 induoit
1018 460 1076 520 pro

153 525 281 587 eealesia
303 524 475 601 militante,
501 523 582 607 siout
608 523 746 585 auditum
770 530 826 583 est.
869 523 1083 603 Respondeo:¹

153 609 184 671 i).
198 607 391 669 Bernardum
413 624 556 686 veneror,
575 614 608 667 et
629 609 694 667 eius
716 608 900 667 sententiam
921 626 984 667 non
1002 626 1076 668 aon-

154 700 271 768 temno,
308 689 364 751 sed
398 690 430 751 in
452 689 654 751 contentione
677 689 875 769 arripiendus
897 697 946 750 ast
966 706 1077 751 sensns

153 776 301 856 genuinus
326 779 358 833 et
378 773 521 852 proprius
542 771 738 852 Saripturae,
772 775 823 851 qni
845 779 929 833 stare
955 775 988 833 iu
1008 775 1078 833 aoie

148 858 257 936 possit,
279 874 301 917 a
321 875 383 936 quo
406 856 506 917 saneti
518 855 625 916 Patres
643 874 863 934 nonnunquam
886 856 1077 935 loeupletan-

153 941 205 1001 dae
241 940 393 1001 orationis
430 941 531 1018 gratia
559 937 784 1019 digrediuntur,
817 948 847 999 et
872 941 945 999 sine
974 940 1075 1019 eulpa.

152 1024 236 1085 Nune
259 1030 366 1083 eutem
387 1041 428 1083 ax
450 1021 651 1101 praaaedenti
676 1030 707 1082 et
736 1024 882 1100 sequenti·
899 1029 993 1083 textu
1016 1022 1077 1083 dla-

152 1126 211 1167 mm
239 1106 294 1184 fit,
331 1105 485 1167 Christum
509 1094 598 1183 loqui
626 1105 669 1165 da
695 1105 819 1184 aequali
851 1107 1078 1184 omnipotentie

153 1210 202 1251 sua
229 1208 304 1249 oum
326 1189 427 1249 Patre.
470 1188 639 1267 Propterea
670 1188 935 1268 persequebantur
965 1188 1077 1249 Judaai

152 1273 265 1349 iesum,
287 1273 363 1351 qnia
384 1270 518 1346 faciebat
539 1271 618 1331 haee
638 1273 671 1331 in
693 1270 856 1347 sabbatho,
879 1290 953 1351 ergo
977 1273 1077 1351 magis

153 1356 341 1435 quaerebant
363 1374 433 1415 oum
454 1353 566 1415 Judaai
588 1353 772 1431 interfiaero,
795 1356 868 1432 quia
889 1373 952 1414 non
975 1354 1076 1415 solum

153 1439 292 1501 solvebat
321 1436 602 1515 sabbathum,²sed
624 1444 656 1498 et
677 1437 800 1497 Patrem
836 1456 923 1497 suum
953 1436 1078 1497 dicabat

154 1523 258 1601 Deum,
281 1521 445 1600 aequalem
468 1540 502 1579 se
523 1520 641 1581 faciens
663 1521 741 1581 Dan.
778 1519 953 1598 Respondit
971 1521 1078 1598 itaqua

153 1606 255 1683 iesus,
290 1611 325 1665 et
345 1603 423 1663 dixit
438 1604 501 1663 eis:
524 1604 642 1671 Amen,
669 1597 773 1663 amen‘
790 1603 860 1663 dieo
882 1600 990 1679 vobis,
1013 1621 1078 1663 non

154 1695 255 1768 potent
273 1687 369 1748 Filius
398 1702 472 1747 ase
494 1686 597 1751 secere
618 1686 784 1765 quidquam
807 1687 865 1747 nisi
887 1685 973 1764 quod
995 1685 1078 1745 vida

154 1773 186 1832 rit
203 1773 334 1833 Patrem
356 1769 532 1831 seuientem.
556 1770 595 1829 Et
616 1770 662 1829 sia
682 1769 766 1829 oiare
781 1776 876 1847 patet,
900 1768 983 1846 quod
1005 1768 1077 1827 Ber·

154 1855 263 1917 nardus
285 1854 349 1913 aiio
372 1872 464 1913 sensu
488 1858 598 1913 traotat
619 1853 682 1913 hoo
702 1852 827 1913 verbum
852 1850 972 1911 Christi.
1001 1875 1005 1881 ·

228 1936 282 1997 Ad
306 1938 436 2008 tertiam,
457 1934 604 1995 videlieet
624 1935 799 2014 plebeiam,
823 1941 857 1993 ut
878 1933 964 2010 dixit,
987 1940 1018 1994 et
1038 1933 1076 1992 ri-

153 2022 282 2083 dioulam
307 2019 531 2094 ratiunculam,
560 2037 621 2096 qua
650 2019 735 2092 dixi,
772 2019 864 2078 etium
893 2018 962 2076 sine
994 2034 1078 2095 papa

155 2106 316 2165 ecelesiam
340 2102 455 2162 habere
477 2109 570 2180 eaput
585 2121 683 2160 sunm.
720 2100 882 2179 Opposuit,
906 2099 988 2178 quod
1013 2118 1076 2159 non

155 2196 232 2249 esset
261 2186 359 2264 digna
384 2186 519 2245 enarrari
549 2203 653 2244 eoram
682 2184 775 2242 tantis
805 2185 893 2258 viris,
929 2191 960 2242 et
989 2185 1019 2241 in
1043 2201 1077 2241 ra

156 2281 209 2330 tam
234 2271 328 2331 saria.
341 2269 546 2346 Respondeo:
564 2267 609 2326 Sit
630 2267 753 2345 plebeia
775 2275 805 2325 et
828 2265 1078 2342 1·idieule,mod0

155 2356 188 2413 sit
213 2355 349 2428 invicta,
386 2350 518 2411 needum
555 2350 646 2413 video
677 2369 744 2409 eam
775 2350 981 2423 confutatam,
1016 2368 1078 2406 non

156 2440 232 2497 enim
255 2435 409 2513 intelligo,
431 2436 456 2492 si
479 2434 612 2493 eeclesia
633 2432 672 2491 ad
695 2440 755 2491 tres
781 2432 975 2509 velquatuor
997 2446 1079 2491 men-

156 2540 199 2579 ses
222 2539 287 2580 non
312 2525 360 2577 est
382 2516 533 2594 acephala
557 2523 678 2576 mortuo
700 2534 798 2594 papa,
829 2515 921 2574 modo
947 2516 1008 2573 sint
1028 2514 1080 2572 alii

156 2604 307 2682 episcopi,
338 2599 498 2678 quomodo
527 2601 620 2658 etiam
651 2617 713 2657 non
743 2599 782 2656 sit
809 2599 976 2674 acephala,
1010 2615 1079 2656 oum

157 2686 253 2745 nuilus
276 2686 318 2743 sit
338 2703 429 2762 papa,
454 2701 524 2741 nam
548 2681 630 2759 quod
653 2681 781 2739 adduxit
803 2681 841 2739 de
858 2679 1081 2755 Gurdinaiibua,

156 2788 247 2846 penes
281 2785 361 2844 quos
391 2768 432 2824 sit
462 2764 556 2843 iusi)
585 2764 720 2843 eligendi
744 2770 822 2838 eta,
845 2766 1080 2842 responsionem

159 2871 255 2911 meam
285 2849 455 2926 confortat,
489 2866 558 2907 oum
589 2848 661 2907 hina
683 2855 844 2924 sequatur,
869 2865 906 2905 ao
931 2853 1081 2922 tempora,

158 2953 213 3012 quo
237 2933 377 2993 nondum
406 2937 494 2991 erent
516 2930 711 3004 Gurdinalas,
746 2936 779 2989 ut
807 2937 947 3007 tempore
975 2928 1081 2986 Hiero·

159 3019 250 3097 nymi,
273 3035 337 3075 non
359 3016 498 3092 potuisse
521 3032 600 3073 asse¹
614 3032 734 3091 papam.

238 3099 288 3160 Ad
310 3105 450 3176 quartum
464 3096 610 3174 Cypriani
625 3097 832 3171 autoritatem,
855 3094 909 3154 ubi
930 3091 992 3151 dixi
1013 3112 1083 3151 euin

160 3182 241 3261 loqui
263 3182 304 3241 de
327 3179 466 3258 quolibet
487 3178 647 3256 Pontifioe,
670 3179 799 3253 obiecit,
823 3177 906 3254 qnod
929 3195 967 3234 ex
991 3182 1079 3234 textu

160 3268 355 3342 pervinoatur
382 3283 452 3321 eum
483 3263 617 3323 ioeutum
647 3281 717 3320 esse
746 3261 785 3320 de
816 3257 961 3319 Cornelio
991 3259 1080 3317 Rern.

162 3347 326 3419 Pontifiee‚
348 3352 456 3406 eontra
477 3345 680 3406 Novatianos.
702 3343 907 3422 Respondeo:
931 3343 999 3401 Mea
1022 3360 1084 3399 non

164 3433 264 3507 refert,
300 3450 358 3489 nee
381 3448 452 3488 eanr-
474 3428 638 3506 epistolam
661 3428 692 3486 in
717 3428 865 3486 memoria
886 3426 1003 3499 habeo,
1026 3424 1085 3481 hoe

165 3526 260 3573 autem
284 3515 367 3587 seio,
398 3511 481 3590 quod
505 3512 541 3571 D.
564 3510 737 3589 Cyprianus
760 3530 815 3588 per
839 3508 950 3567 minitas
973 3507 1085 3584 episto·

194 3771 256 3851 ¹2),
268 3770 299 3828 in
318 3737 362 3847 qu
383 3770 472 3838 oria:
494 3770 543 3825 uias
562 3814 565 3821 .
606 3806 629 3821 .·
