2346 4208
247 295 257 312 ,
327 247 361 303 de
380 248 557 303 distinctione
575 263 688 319 person.
706 250 736 302 in
753 248 839 303 divin.
983 244 1046 313 479

190 434 240 496 29.
262 433 348 493 IIuIti
370 433 513 495 solatium
535 433 586 493 hic
606 434 824 514 quaesiverunt
841 433 880 494 ed
901 434 1045 495 iustitiam

128 515 186 575 Dei
209 535 278 575 cum
302 516 513 578 misericordia
527 517 764 597 conciliandam,
787 517 840 577 sed
857 524 942 576 extra
955 515 1046 576 iidem

127 599 277 659 incarnati
295 600 353 660 Dei
376 601 454 659 ratio
477 606 528 660 est·
546 599 639 675 nulle,
664 601 807 661 solatium
830 607 877 660 eet
899 599 1024 659 nulium.

191 683 240 746 30.
269 681 328 757 Qui
361 689 471 764 putant
497 684 604 743 vitium
639 690 670 744 et
698 690 859 764 peccatum
882 684 913 742 in
937 690 1046 743 natura

127 761 273 843 haerere,
302 765 385 844 qnod
408 766 450 826 sit
468 786 508 826 ex
523 765 625 830 nihilo
647 767 743 844 iacta,
766 786 872 849 parum
895 765 1047 827 abeunte

126 847 314 911 contumelia
336 847 506 928 Crantoris,
533 867 602 909 cum
638 851 700 910 tela
728 868 794 909 uon
825 851 865 909 sit
888 850 923 908 'iu
952 845 1046 930 'ange-

126 929 176 1008 iis,
198 930 276 1007 sole,
298 931 396 992 stellis
419 939 451 992 ct
473 938 539 994 tcto
562 933 651 997 coelo
675 940 733 993 ete.

190 1015 238 1077 31.
268 1013 327 1088 Qui
357 1016 572 1096 cogitaverunt
595 1016 729 1076 animam
757 1014 945 1076 extraduce
967 1032 1046 1094 esse,

128 1094 269 1157 uidentur
291 1115 353 1158 non
376 1099 498 1178 penitus
520 1098 623 1159 aliena
645 1117 664 1159 a
685 1097 849 1178 scripturis
871 1099 1016 1158 sensisse.

189 1181 239 1243 32.
261 1180 328 1241 Imo
349 1181 468 1241 facilius
491 1181 663 1251 defendent¹
678 1183 935 1263 propagationem
958 1182 1045 1263 origi

126 1261 205 1322 nalis
226 1265 364 1342 peccati,
400 1284 491 1344 quam
523 1266 561 1343 ii,
595 1266 647 1345 qui
676 1265 765 1325 aliter
797 1266 947 1343 sentiunt,
975 1280 1044 1324 cnm

129 1344 320 1425 (Augustino
343 1351 469 1426 autore)
502 1355 663 1429 peecatum
693 1347 845 1429 originale
868 1349 962 1408 etium
978 1348 1046 1417 ¹im·

125 1428 225 1508 pietas
247 1430 312 1490 sit.⁴

189 1513 239 1575 33.
264 1513 454 1593 Augustinus
476 1514 594 1574 fatetur·
608 1531 678 1574 sese
699 1514 860 1594 ignorare,
889 1519 957 1573 ntra
978 1533 1045 1573 sen·

126 1596 222 1654 tentia
242 1597 355 1656 certior
375 1605 407 1656 et
427 1597 529 1657 verior
551 1599 605 1676 sit,
637 1615 696 1658 nec
719 1596 777 1656 init
797 1597 964 1673 hactenus,
995 1597 1045 1676 qni

126 1695 195 1737 eum
220 1680 432 1757 quaestionem
456 1678 714 1740 determinaverit.

189 1762 239 1824 34.
268 1761 346 1821 Nam
378 1761 460 1841 quod
482 1762 704 1843 Hieronymum
737 1768 904 1842 sequnntur
931 1762 983 1822 alii
1006 1780 1045 1822 ex

126 1843 206 1906 Psal.
229 1844 371 1906 XXXIII:
417 1844 474 1919 Qui
497 1845 586 1906 fiuxit
607 1846 781 1927 singulatim
810 1844 904 1906 corda
931 1864 1046 1924 eorum,

124 1925 199 1986 nihil
223 1926 261 1987 nd
287 1948 352 1988 rem
374 1928 476 1988 iacere
498 1931 572 1989 satie
595 1937 690 2009 patet.

184 2012 235 2074 δῦ.
263 2011 542 2072 Determinationes
572 2030 646 2073 vero
675 2030 777 2092 papae
806 2019 837 2072 et
856 2031 932 2072 suae
953 2031 1043 2091 eyna-

124 2111 226 2172 gogue
257 2113 312 2174 pro
346 2095 603 2156 exterminatione
632 2115 686 2156 seu
710 2095 924 2155 exsecratione
946 2096 1045 2155 iustis·

123 2177 202 2236 sima
224 2195 319 2237 causa
340 2178 499 2241 habemus.
668 2252 671 2257 θ

186 2261 236 2324 36.
264 2259 372 2339 Neque
395 2263 475 2323 enIm
496 2263 554 2342 ius,
577 2281 677 2343 neque
691 2261 877 2331 ¹fucultatem
899 2260 993 2328 hebet
1015 2264 1044 2329 iu

123 2340 264 2403 doctrina
286 2341 357 2402 fidei
380 2345 542 2424 quicquam
564 2343 762 2422 decernendi,
784 2345 889 2405 autin
912 2345 1045 2405 ecclesia

124 2424 180 2485 Dei
203 2425 318 2505 aliquid
340 2425 483 2488 faciendi,

185 2510 233 2573 37.
257 2510 307 2569 Ins
330 2528 393 2570 non
414 2509 518 2585 habet,
539 2510 611 2589 quie
633 2517 761 2572 vocatus
783 2518 920 2588 nonest,
943 2529 1044 2590 neque

123 2591 252 2671 coeo,
286 2612 387 2672 neque
412 2593 450 2653 ab
473 2593 664 2672 hominibus,
696 2593 751 2654 sed
777 2594 902 2674 propria
925 2597 1044 2655 temeri·

125 2679 188 2735 tate
210 2695 279 2736 sese
301 2677 423 2738 intrusit
442 2675 559 2737 idolum
581 2683 613 2738 et
635 2677 834 2740 abominatio,

186 2759 235 2822 38.
258 2758 447 2820 Facultatem
469 2779 531 2821 nou
558 2759 661 2840 habet,
685 2760 764 2844 qnia'
779 2758 879 2821 bestia
901 2757 1045 2820 indoctis-

125 2842 201 2900 sima
224 2851 255 2902 et
276 2850 386 2903 venter
406 2842 514 2907 surdus
543 2843 582 2904 ad
605 2841 791 2925 scripturam
820 2852 958 2904 sauciam
988 2849 1043 2920 est,

123 2925 203 2986 sicut
223 2927 328 2987 asinus
350 2926 389 2987 ad
411 2927 519 3007 lyram.

186 3010 235 3073 39.
260 3008 325 3071 Nec
345 3009 489 3071 ferendus
512 3017 560 3071 est
578 3011 612 3071 iu
634 3009 767 3073 ecclesia
788 3008 1042 3089 Pythagoricum

123 3089 192 3150 ille:
215 3092 284 3172 Ipse
307 3092 399 3170 dixit,
422 3112 483 3172 quo
506 3093 575 3154 solo
597 3102 707 3174 regnat
727 3112 826 3172 pepe,
848 3092 902 3152 sed
926 3092 976 3170 qui
999 3090 1042 3151 Io·

122 3175 222 3252 quitur
255 3195 414 3237 sermones
448 3177 520 3255 Dei,
552 3183 585 3236 ut
619 3178 662 3237 ait
690 3178 811 3254 Petrus,
843 3175 894 3236 hic
920 3175 1044 3235 audieu-

125 3257 181 3316 dus
205 3266 260 3318 est.

184 3342 235 3407 40.
257 3340 353 3423 Igitur
373 3362 456 3423 papa
477 3350 524 3404 est
544 3342 656 3422 nullus,
680 3347 711 3404 et
732 3342 847 3419 omnia,
871 3361 948 3423 qnae
971 3341 1045 3400 dicit

123 3423 263 3501 etfacit,
291 3433 361 3486 sunt
382 3425 537 3488 nullitates
558 3428 627 3508 ipso
649 3428 731 3505 iure,
761 3432 795 3503 ut
814 3425 862 3487 iue
884 3437 915 3487 et
937 3426 1044 3487 nature

123 3526 184 3568 uua
206 3527 275 3569 cum
298 3508 391 3570 verbo
415 3517 573 3573 testantur.

185 3593 234 3654 41.
264 3592 371 3652 Melius
393 3593 432 3652 ‘In
461 3593 520 3653 hac
541 3613 574 3654 re
596 3592 777 3654 decerneret
797 3597 877 3655 ratio
901 3599 932 3653 et
949 3598 1042 3672 poete
1114 3590 1119 3596 ’

122 3672 243 3735 diceus:
267 3675 387 3735 Patrem
410 3678 546 3755 sequitur
567 3696 623 3736 sua
645 3676 758 3756 proies.

184 3760 232 3822 42.
264 3759 409 3839 Constat,
437 3759 556 3841 prolem
584 3760 654 3840 lege
684 3763 839 3821 communi
862 3782 925 3834 non
948 3758 1041 3822 modo
