2346 4208
119 243 181 309 328
370 246 462 299 Resot.
483 247 509 300 L.
529 261 613 313 super
630 244 827 313 Propositione

203 433 278 508 Quis
301 435 380 494 enim
409 451 524 512 negare
553 439 671 513 potest,
706 432 870 494 ecelesiam
905 429 1033 511 gentium

121 518 322 597 posteriorem
336 536 405 576 esse
419 516 552 576 eeclesia
565 517 756 595 Iudaeorum,
779 524 811 576 et
823 534 864 575 ex
876 513 939 574 hao
957 511 1033 574 illam

122 600 247 661 natam?
271 618 338 659 oum
363 607 408 660 tot
429 599 550 659 iuloois
572 601 633 660 hoo
655 600 693 660 de
716 595 1033 678 gentihusprophetee

120 684 337 764 praedixerint,
360 702 428 742 oum
450 685 479 741 in
499 683 627 744 Actibus
650 682 790 761 discipuli
813 681 947 760 dispersi
966 676 1031 739 sulit

121 767 240 827 iudaeis
263 765 459 845 praedicasse
481 766 623 844 verbum,
658 773 689 826 et
716 765 916 846 degentium
944 760 1030 823 salute

121 848 314 929 stupuisso1)
340 849 501 928 legantur?
524 849 564 908 Et
577 849 689 909 Paulus
709 849 842 909 Roman.
866 850 916 912 15.
937 842 1029 906 ludas

124 953 209 993 orum
231 934 401 992 ministrum
424 932 519 991 fuisse
541 931 709 1008 Christum,
743 938 775 992 et
795 937 907 1012 gentes
929 926 1027 988 miseri

124 1016 260 1076 oordiam
285 1023 467 1076 consecutas
500 1014 537 1074 ad
560 1017 679 1076 ruinam
702 1014 886 1075 iudaeorum
910 1007 1026 1072 dorent?

123 1098 183 1160 sed
207 1106 238 1158 et
260 1098 397 1158 Christus
411 1097 522 1160 Johan.
545 1101 575 1176 4,
598 1098 696 1174 Salus,
719 1098 827 1178 inquit,
850 1116 893 1157 ex
912 1092 1024 1156 ludaeis.

122 1182 263 1242 Modeste
280 1183 385 1258 itaque
395 1180 533 1259 dixisset,
547 1191 676 1241 matrem
694 1181 905 1256 ecelesiarum,
916 1183 1023 1238 maheu

124 1284 197 1325 vero
222 1266 356 1325 omnium
382 1264 591 1343 eeclesiarum,
614 1264 785 1345 hyperbole
807 1267 856 1324 est
877 1262 995 1339 nimia.¹
1058 1290 1063 1335 ς

207 1348 360 1428 Septimus
394 1347 540 1407 Niooiaus
570 1350 678 1408 iterum
702 1347 770 1408 dist.
795 1349 846 1410 22.
869 1365 897 1407 o.
919 1343 1022 1417 Omnes,
1060 1338 1063 1369 ¹

124 1432 163 1490 de
186 1450 247 1509 quo
271 1438 357 1490 textu
381 1433 486 1491 neseio
510 1432 581 1510 quid
604 1431 713 1492 dieam.
755 1431 835 1490 Nam
857 1446 956 1509 prope
973 1442 1021 1485 our

124 1516 189 1594 rigo
214 1532 312 1573 meam
336 1515 590 1593 propositionem,
613 1521 645 1574 et
665 1514 745 1589 diso,
767 1511 851 1592 qnod
871 1513 1020 1573 Romamn

124 1596 286 1657 ecelesiam
310 1598 378 1657 aliis
402 1616 469 1657 esse
492 1599 682 1676 superiorem
704 1597 852 1677 probatur
874 1614 915 1656 ex
936 1591 1020 1654 deliro

126 1682 237 1741 mentis
261 1680 416 1740 cuiusdam
442 1683 652 1761 ineptissimae
675 1680 800 1758 pulsae,
835 1673 1020 1739 nominalis

125 1783 284 1824 manorum
307 1763 487 1843 pontificum
516 1765 679 1825 ecelesiam
701 1762 814 1823 Christi
835 1759 993 1822 illudentis.

184 1881 280 1959 Audi,
304 1899 420 1959 quaeso
444 1901 499 1961 per
521 1880 692 1959 Christum,
715 1879 805 1961 qui²)
831 1879 883 1940 hio
904 1877 987 1938 dieat

202 1998 333 2075 Omnes,
355 2000 470 2076 inquit,
493 1999 557 2058 sive
579 1998 835 2078 patriarcharum,
857 1998 923 2058 sive
944 1993 1018 2055 ouiu-

125 2081 200 2142 lihet
221 2083 372 2160 apicem,
387 2083 452 2141 sive
478 2081 682 2160 metropoles,
710 2082 876 2160 primatus,
910 2083 960 2141 aut
976 2071 1020 2153 ep't

127 2172 310 2244 soopatnum
334 2163 512 2243 cathedras,
535 2166 584 2224 vel
608 2164 806 2225 ecelesiarum
837 2165 1021 2238 ouiusouuqu

125 2247 239 2307 ordinis
264 2247 443 2327 dignitatem
478 2249 609 2308 instituit
637 2248 745 2308 Roma.
775 2246 928 2323 eeclesia,
957 2241 1019 2303 illm

123 2350 196 2390 vero
218 2332 285 2410 ipse
309 2331 393 2389 solus
408 2330 561 2408 fundavit,
586 2338 617 2391 et
639 2350 731 2409 supra
746 2329 817 2390 fidei
833 2337 951 2409 petram
967 2337 1020 2385 mox

122 2415 278 2473 nascentis
301 2415 413 2491 erexit,
436 2415 486 2492 qui
511 2415 543 2475 B.
566 2414 657 2474 Petro
679 2419 826 2474 aeternae
848 2413 931 2473 vitae
950 2402 1019 2469 olari·

123 2516 198 2575 gero
221 2498 332 2556 terreni
354 2496 444 2557 simul
468 2503 499 2556 et
510 2497 654 2558 eoelestis
667 2497 786 2576 imperii
798 2497 866 2557 iura
881 2487 1020 2557 commisit

185 2580 274 2659 Rogo
289 2588 329 2657 te,
352 2580 457 2657 laetor,
471 2578 607 2641 deRom.
623 2579 817 2659 pontificibus
831 2586 863 2639 et
875 2581 944 2658 ipsa
952 2575 1020 2637 aon

123 2662 264 2737 eeclesia,
288 2670 334 2724 tot
352 2662 473 2723 milibus
487 2670 652 2744 martyrum
679 2665 709 2721 in
722 2662 812 2724 coelo
835 2669 866 2722 et
891 2671 968 2722 terra
984 2651 1020 2715 tut

122 2753 224 2824 geute,
247 2746 307 2806 alia
319 2764 398 2824 qnae
410 2753 498 2825 potes
514 2748 639 2825 sentias,
662 2745 754 2805 modo
768 2745 919 2826 propitius
940 2735 1021 2802 tibisit

124 2827 280 2904 Christus,
320 2848 358 2888 ne
380 2828 440 2889 hoe
462 2829 618 2890 deeretum
640 2828 746 2889 oredas
770 2828 885 2889 editum
908 2826 946 2888 ah
975 2818 1020 2883 ullo

123 2911 265 2972 Romano
289 2911 444 2991 pontifice,
467 2912 576 2973 saltem
600 2913 726 2973 sciente.

206 2995 354 3068 Primum,
378 2994 472 3056 verbo
496 2995 606 3057 Christi
629 2996 727 3056 solam
751 2996 924 3055 Romanam
945 2984 1019 3052 eod&

124 3077 200 3136 siam
221 3076 379 3137 fundatam
402 3079 498 3157 garrit
524 3079 574 3138 hio
595 3079 720 3159 impius,
755 3077 894 3156 quisquis
917 3081 963 3136 est
978 3070 1020 3132 Ru

123 3161 204 3219 mani
227 3161 360 3220 nominis
383 3162 554 3221 ementitor.
598 3161 724 3222 Ceteras
742 3168 846 3221 autem
874 3144 1018 3237 (sequor)

2 3235 7 3254 ¹
122 3262 184 3302 non
209 3242 363 3321 Christus,
392 3243 446 3303 sed
470 3244 611 3304 Romana
632 3245 765 3305 ecelesia
786 3243 940 3320 fundavit,
968 3233 1020 3317 qui*

122 3327 294 3386 Romanam
310 3327 472 3388 ecelesiam
493 3348 584 3408 supra
597 3328 667 3388 fidei
678 3334 794 3408 petram
809 3327 922 3404 erexit,
950 3331 1020 3400 supr·

122 3427 212 3487 quarn
223 3415 352 3488 petram,
363 3429 490 3489 quaeso,
502 3412 578 3471 alias
591 3411 738 3474 eeclesias
751 3409 868 3471 erexit?
890 3410 938 3470 An
951 3415 1020 3485 supr!

121 3492 261 3552 arenam?
272 3492 342 3552 Non
356 3493 483 3555 eredunt
493 3493 574 3556 idem
584 3495 724 3556 Romana
735 3492 905 3573 eoelesia³J
924 3486 1020 3558 etate

157 3698 186 3762 1)
206 3699 236 3752 In
255 3699 299 3753 ed.
319 3700 378 3755 teu.
398 3709 425 3754 et
450 3703 537 3754 With:
558 3703 740 3771 obstupuisse.
760 3703 789 3767 2)
812 3707 841 3759 ln
856 3705 920 3760 edit.
938 3701 1019 3772 priore:

121 3770 195 3837 quid.
224 3771 254 3835 3)
273 3772 357 3825 ibid:
378 3774 531 3828 Romanam
553 3774 708 3827 eeclesiam.
