2346 4208
188 252 231 316 44
408 252 449 308 Aa
466 253 669 325 Aegoceroten
687 254 872 309 Emserooum

190 439 274 518 quod
295 441 327 500 in
349 446 560 519 contemptum
588 446 619 500 et
645 439 865 520 praeiudicium
887 440 1027 501 veritatis
1051 460 1113 502 cea·

192 523 231 583 sit
254 524 366 583 nostris
390 524 519 601 meritis,
554 541 671 583 rursum
699 524 793 603 ipsius
816 523 1029 584 misericordia
1049 526 1113 585 ier·

192 613 272 668 tatur
293 608 323 666 in
338 606 542 686 perditionem
564 606 699 666 invidiae
721 614 752 666 et
774 606 1014 687 vanaegloriae,
1036 625 1114 687 qnae

190 696 252 750 tam
275 688 469 769 impudenter
497 689 540 749 ibi
561 691 699 768 quaesita
723 693 784 766 est,
811 696 845 749 ut
866 690 938 749 mibi
962 691 1057 751 timor
1076 691 1115 751 sit

190 791 322 853 magnac
344 772 472 832 alicuius
493 771 611 832 futurae
633 774 696 832 irae
717 772 783 832 Dei.

272 855 425 935 Deinceps
440 873 508 915 cum
531 854 579 916 his
597 855 770 935 disputabo,
792 856 843 934 qui
858 856 1021 916 veritatem
1046 856 1112 936 plus

190 957 281 1018 quam
303 938 435 1018 gloriam
450 945 564 1016 amant,
586 946 640 999 aut
659 940 685 998 si
707 940 833 999 omnino
858 938 1024 1000 mittendus
1047 957 1112 999 sum

190 1022 222 1083 in
252 1020 383 1081 medium
406 1021 566 1101 luporum,
588 1022 673 1083 dabit
701 1022 852 1082 Dominus
880 1021 1113 1102 benignitatem,

189 1110 224 1164 ut
246 1103 472 1183 simplicitatem
508 1105 671 1166 columbae
715 1111 746 1165 et
773 1103 968 1184 prudentiam
990 1124 1113 1186 serpen·

189 1195 252 1247 tum
275 1186 511 1266 conservem*),
533 1188 594 1248 hoc
616 1194 678 1264 est,
711 1206 751 1248 ne
773 1187 894 1248 laedam
917 1207 976 1248 nec
997 1186 1112 1264 laedar,

190 1270 314 1349 sepiens
336 1271 367 1329 iu
389 1270 483 1349 bon0,
506 1278 537 1331 et
557 1271 688 1351 simplex
709 1272 740 1330 iu
764 1270 857 1332 malo.
900 1269 1032 1345 Qualem
1056 1272 1113 1331 nisi

189 1372 271 1415 nunc
293 1371 342 1413 me
359 1353 526 1414 voluissem
548 1361 716 1434 praestare,
738 1361 838 1433 putas,
862 1355 984 1432 quantis
1006 1363 1038 1414 te
1060 1373 1112 1436 po

189 1437 317 1496 tuissam
340 1454 470 1497 onerare
491 1437 667 1498 nominibus
691 1443 722 1497 ts
744 1435 867 1518 dignis?

270 1519 331 1579 Vix
354 1519 482 1596 credas,
519 1527 595 1599 quot
623 1519 725 1598 sales,
760 1527 836 1599 quot
861 1520 1000 1598 uenias,
1039 1528 1113 1599 quot

189 1608 360 1663 scommata
380 1603 411 1662 in
435 1607 466 1663 te
490 1603 562 1663 mihi
585 1622 671 1664 meus
688 1602 789 1662 Adam
812 1602 1007 1683 suggerebat,
1034 1622 1113 1682 quac

188 1704 291 1746 rursus
315 1685 452 1746 Christus
474 1705 561 1747 maus
584 1686 787 1766 opprimebat,
811 1685 893 1765 quod
916 1703 979 1746 non
1003 1684 1113 1767 despe-

189 1766 316 1844 raret1)
352 1775 382 1829 te
403 1771 569 1849 positurum
597 1768 744 1829 invidiam
765 1775 870 1846 mam,
905 1776 937 1828 et
965 1769 1112 1850 deinceps

191 1848 331 1932 (siquid
359 1857 472 1925 restat]
506 1872 618 1932 agnum
647 1853 749 1932 potius
777 1870 867 1930 quam
898 1853 1112 1931 capricornum

189 1936 388 2014 scripturum,
410 1933 461 1994 vel
483 1935 514 1995 id
538 1935 646 1995 saltem
666 1935 861 2008 moliturum,
883 1936 914 1994 in
937 1951 1000 2013 quo
1023 1935 1114 1996 liceat

187 2018 305 2098 ingenii
327 2025 359 2077 et
381 2017 559 2078 eruditionis
584 2019 742 2098 specimen
753 2016 862 2095 videri,
886 2025 979 2096 atque
1001 2019 1026 2078 si
1050 2038 1111 2079 nou

188 2101 252 2180 pia,
276 2107 380 2161 tamen
404 2099 544 2162 studioso
568 2101 677 2162 lectori
699 2099 858 2182 prodesse.

272 2198 443 2275 Quamdiu,
480 2218 576 2281 rogo,
612 2202 686 2261 mihi
715 2208 835 2281 tempus
870 2207 902 2260 et
923 2219 1019 2279 opera
1045 2221 1111 2281 per-

187 2282 291 2343 denda
321 2290 391 2343 sunt
432 2284 462 2342 in
495 2283 692 2363 indulgentiis
735 2291 766 2346 et
798 2289 951 2365 potestate
979 2284 1111 2345 Romani

187 2363 363 2445 pontificis,
385 2366 476 2426 rebus
499 2366 537 2428 ad
559 2365 651 2426 fidem
673 2368 731 2426 Dei
761 2387 799 2428 ac
821 2366 949 2426 salutem
973 2373 1110 2428 nostram

187 2466 243 2528 per
265 2447 464 2528 disdiapason
487 2448 773 2530 impertinentibus?
813 2449 930 2509 scilicet
959 2449 1039 2511 adeo
1068 2452 1110 2510 in·

186 2529 268 2591 felici
302 2531 406 2592 seculo
437 2534 576 2597 vivimus.
634 2532 768 2593 Perdidit
801 2532 909 2593 eadem
932 2532 1110 2594 infelicitate

185 2613 339 2675 lebannes
361 2615 511 2676 Reucblin
544 2617 605 2675 iam
637 2615 748 2677 multos
771 2634 870 2676 annos
892 2621 1019 2695 propter
1041 2634 1109 2676 cau·

186 2715 262 2775 sam,
285 2705 400 2776 quanto
424 2699 523 2778 magis
546 2700 669 2759 intueor
690 2717 789 2778 aeque
820 2700 986 2759 autetiam
1008 2700 1107 2780 magis

186 2779 345 2859 frivolam,
380 2788 414 2840 ut
445 2781 521 2840 mihi
541 2783 571 2840 in
595 2800 665 2842 mea
687 2801 781 2841 causa
813 2783 853 2842 sit
891 2780 952 2841 hoc
974 2782 1110 2861 exempli

187 2881 300 2943 magno
330 2863 465 2941 horrori,
502 2870 587 2924 tanta
616 2865 713 2925 maria
734 2873 946 2944 peccatorum,
986 2871 1032 2925 tot
1061 2864 1110 2925 de-

186 2946 368 3024 tractiones,
402 2949 449 3006 tot
471 2946 572 3008 studia
593 2949 828 3026 aemulationis,
864 2954 897 3007 nt
918 2953 1057 3028 sumptus
1080 2955 1111 3009 et

186 3028 309 3090 labores
332 3030 490 3106 omittam,
528 3031 683 3110 proruisse
716 3050 755 3091 ex
788 3032 847 3090 ista
876 3030 947 3090 lana
975 3032 1110 3110 caprina,

186 3129 275 3190 quae,
298 3113 362 3172 sive
384 3112 466 3172 victa
489 3115 554 3174 sive
569 3115 688 3193 victrix,
709 3133 835 3194 prorsus
859 3113 934 3173 nihil
957 3113 1109 3176 ecclesiae

186 3200 218 3255 et
240 3196 332 3255 saluti
355 3196 523 3256 animarum
548 3197 688 3257 conferre
710 3198 817 3278 possit.

268 3293 366 3373 Ecce,
390 3296 555 3375 quantillus
578 3297 659 3377 ignis
682 3305 827 3377 quantam
850 3296 959 3357 silvam
983 3315 1108 3357 succen-

186 3375 244 3456 dit,
272 3379 315 3438 ait
335 3377 484 3458 Iacobus,
514 3387 732 3457 veruntamen,
755 3399 812 3440 vce
833 3379 978 3458 inquietis
1003 3380 1103 3440 huius·

256 3684 286 3746 *l
307 3687 398 3742 Matth.
419 3689 462 3744 10.

259 3758 289 3829 1)
311 3762 341 3814 lu
360 3760 404 3815 ed.
423 3760 481 3816 Jan.
501 3765 528 3813 et
544 3761 632 3815 Witt.:
655 3760 840 3830 desperarem.
950 3806 952 3812 ι
