2346 4208
123 237 187 307 1oe
329 239 487 309 Disputatio
505 240 614 310 Lipsiae
633 241 729 295 habita
747 257 772 297 a.
793 241 852 293 xlx

123 425 318 506 apostolicae
339 424 525 503 ventilatas,
547 431 579 486 et
600 444 656 505 per
676 425 869 505 apostolicae
891 423 975 486 sedis
996 423 1048 487 de·

124 508 263 568 fensores
286 507 455 585 enodatas,
478 507 569 569 facile
592 509 620 568 ei
640 508 828 588 respondeo,
850 507 1048 571 annectendo

125 591 224 653 malos
244 591 343 668 fucos,
366 590 474 670 quibus
486 590 601 671 dogma
622 611 711 652 suum
728 593 834 653 nititur
855 591 995 672 palliare,
1018 598 1049 653 et

122 673 299 736 hominibus
320 692 355 735 os
378 681 409 735 et
431 673 539 735 oculos
562 672 701 737 oblinire.
733 674 810 735 Dico
833 675 976 754 primum,
998 692 1049 737 me

123 776 184 818 non
208 757 399 835 transiliisse,
422 758 553 827 sicutim
578 759 654 835 onit,
676 758 778 818 locum
789 757 975 838 Apostolil.
990 756 1048 819 Ce-

122 839 209 900 rinth.
219 844 248 917 3,
270 841 410 919 quamvis
433 840 500 937 ipse
521 778 654 901 fahe
621 840 783 902 adduxerit
805 860 873 901 cum
896 841 995 902 Paulo
1017 846 1050 903 et

122 923 237 1020 Apollo
260 923 416 1004 Gepham,
445 924 517 1002 quia
538 930 591 983 tex
593 931 640 983 tus
593 924 703 985 tab
735 925 822 985 initio
851 943 914 984 non
941 922 1048 1004 habet,

102 1005 205 1066 ,ssd
196 1004 303 1066 rnfine
318 1006 442 1067 memini
444 1005 602 1103 tOephae,
625 1005 680 1067 sed
702 1008 804 1067 statim
827 1006 934 1087 glossa
952 1008 1046 1067 inter·

119 1089 244 1150 linearis
266 1089 378 1156 fatetur
405 1108 474 1149 enm
510 1091 657 1150 maiorem
680 1089 832 1153 omnibus
876 1088 947 1150 Non
971 1108 1047 1177 ergo

119 1190 196 1233 suo
191 1173 309 1253 capite,
332 1172 387 1233 sed
409 1171 504 1233 Senot
492 1180 603 1251 torum,
625 1175 759 1252 accipiat
781 1191 899 1233 sacram
912 1170 1047 1253 Scriptu-

119 1275 185 1316 ram
206 1256 394 1317 reverendus
415 1255 472 1315 Pat
460 1261 514 1315 t.er

119 1390 121 1394 .
199 1339 240 1399 lit
270 1339 342 1400 dico
372 1338 559 1400 solutionem
588 1338 690 1397 datam
721 1337 817 1398 fuisse
840 1339 990 1418 optimam
1013 1344 1046 1401 at

118 1420 345 1503 infringibilem,
368 1428 398 1481 et
419 1421 505 1481 fucus
527 1419 688 1482 reverendi
711 1420 819 1507 Patris,
842 1439 903 1500 quo
926 1421 1046 1504 simpli·

118 1503 204 1565 cibus
233 1503 347 1583 illudit,
380 1503 566 1581 nihilfecit,
601 1498 811 1565 testisestB
835 1503 1046 1586 Hieronymus

117 1586 170 1649 lib
194 1591 221 1652 1
255 1594 365 1648 contra
385 1587 600 1665 Jovlnianum,
629 1588 688 1663 ool.
711 1584 770 1663 18,
793 1586 883 1664 mihi,
917 1586 969 1650 ubl
993 1607 1046 1649 ax·

117 1690 224 1751 presse
253 1670 341 1750 dicit,
376 1667 471 1750 sup'ra
503 1671 625 1732 Petrum
663 1669 837 1731 edificatam
870 1670 1046 1733 ecclesiam.

116 1753 162 1821 lbi
183 1753 302 1816 fortiter
323 1755 465 1815 transiliit
485 1753 673 1815 reverendus
696 1753 787 1814 Pater
809 1759 840 1812 et
860 1752 937 1813 nihil
960 1752 1044 1816 dicit.

116 1836 158 1897 nt
177 1837 275 1901 infra:
309 1842 343 1898 ut
374 1839 476 1918 capite
498 1838 665 1898 constituto
688 1828 861 1897 schismatis
883 1836 1047 1907 tolleretur

118 1921 253 1985 occasio.
286 1920 369 2001 Ergo
390 1920 472 2000 quod
496 1927 588 2000 apost
575 1920 656 1981 tolus
678 1919 791 1979 Paulus
814 1919 914 1980 voluit
932 1938 1046 1983 cavere

81 2072 84 2082 .
117 2002 298 2083 schismata,
321 2005 554 2080 contentiones,
585 2022 641 2084 per
663 2003 724 2064 hoc
745 2003 910 2082 primatum
933 2004 1045 2084 capitis

51 3651 77 3688 Ι

116 2106 179 2148 non
202 2087 344 2163 abstulit,
368 2086 450 2166 quod
475 2086 642 2148 schismata
663 2086 772 2147 melius
794 2085 861 2147 tolli
883 2104 947 2147 non
968 2103 1045 2169 pos·

117 2178 208 2248 sunt,
246 2172 305 2231 nisi
327 2189 382 2250 per
400 2176 505 2264 capnt
549 2169 638 2230 Unde
660 2189 719 2230 nec
740 2167 867 2230 verbnm
888 2169 963 2230 facit
985 2189 1044 2233 neo

116 2272 197 2333 apex
220 2252 258 2316 ad
280 2250 473 2349 propositum
497 2253 726 2334 denegatione
749 2254 906 2332 primatus.
939 2251 1044 2327 Quare

114 2335 192 2397 false
212 2337 388 2417 auspicatus
411 2343 458 2396 est
478 2335 595 2414 hodie,
628 2355 678 2396 me
698 2336 751 2396 vix
772 2334 850 2397 duos
874 2334 1043 2399 adduxisse

114 2417 144 2483 S.
167 2420 273 2480 Patres
294 2427 325 2480 et
343 2438 401 2487 ¹eos
424 2419 595 2501 ambiguos,
622 2439 690 2480 cum
713 2424 816 2480 certos
838 2426 870 2479 et
889 2418 1043 2482 indubita-

115 2509 163 2563 tos
185 2503 386 2580 adduxerim,
408 2503 631 2584 Augustinum,
654 2501 851 2563 Ambrosium
859 2502 1042 2585 ,·Hierony

115 2605 208 2663 mum,
220 2586 486 2667 chrysostomum,
500 2586 646 2664 Ιιιοιιιιιι,
658 2584 846 2647 Bemardum
870 2592 929 2649 etc.
949 2584 1042 2661 Quod

114 2675 167 2729 aut
169 2689 216 2731 em
239 2670 346 2731 laudat
334 2676 416 2730 tme
439 2671 584 2752 amplecti
606 2669 713 2730 ambas
734 2669 947 2789 Anpnstini
919 2676 1042 2731 senten·

114 2753 171 2813 tias
193 2753 271 2814 libro
296 2757 322 2816 1
345 2759 467 2818 retract
491 2772 559 2834 cap.
571 2756 623 2832 21,
644 2751 778 2814 affirmat
807 2759 872 2827 let
893 2753 1040 2833 seipsum

114 2834 215 2896 facere
237 2836 330 2898 idem.
434 2881 435 2884 ,

197 2917 288 2992 Quod
302 2939 377 2981 vero
401 2919 538 2982 seeundo
560 2919 631 2980 loco
654 2917 907 2978 inducitPaulnm
930 2917 1041 2981 adGa·

112 2999 201 3080 letas,
224 3004 312 3083 quasi
334 3003 387 3064 ille
410 3005 534 3084 scripsit
549 3008 663 3063 contra'
672 3002 805 3081 Petrum,
827 3000 1040 3065 volensGale·

112 3091 159 3145 tas
182 3085 364 3147 confirmare
385 3089 416 3147 in
440 3086 524 3167 fide,
558 3093 588 3148 et
612 3091 678 3145 tcto
700 3084 742 3145 ibi
764 3102 911 3165 processu
934 3091 1040 3159 osten,-

113 3167 165 3227 dat
187 3188 220 3229 se
243 3169 404 3249 aequalem
426 3170 522 3230 fuisse
544 3170 698 3247 Petro,et
667 3167 797 3246 ta,liis
819 3168 975 3246 quianon
999 3168 1038 3231 ab

112 3249 246 3332 homine,
269 3273 370 3332 neque
391 3272 446 3334 per
467 3252 622 3314 hominem
644 3251 816 3331 acceperit,
841 3250 920 3347 dieo,
943 3251 1038 3331 quod,

112 3335 137 3393 si
159 3336 345 3396 reverendus
363 3336 454 3397 Pater
477 3344 538 3396 tam
563 3335 694 3417 diligens
724 3340 806 3394 esset
834 3334 1002 3395 veritatis'
994 3355 1038 3395 ιιι-

112 3418 250 3498 quisitor,
273 3420 352 3480 sicut
373 3420 532 3499 promitt,
501 3420 524 3480 it
563 3418 721 3480 didicisset
743 3436 816 3477 vera
836 3416 1038 3480 fundamenta

111 3507 143 3562 et
164 3502 401 3592 intelligentiam
423 3505 662 3583 scripturarum,
696 3509 730 3562 ut
758 3520 821 3563 non
852 3519 931 3581 opus
953 3508 1039 3573 esset

145 3762 177 3826 1)
197 3762 228 3815 ln
249 3761 293 3817 ed.
313 3765 403 3833 oripi
423 3766 451 3816 et
469 3763 592 3817 affirmat
607 3778 638 3816 se
655 3763 755 3830 ipsum.
