2346 4208
360 249 432 311 Xlll.
453 254 488 309 dc
508 259 645 325 potestate
664 254 765 327 Papae.
968 253 1031 329 319

106 438 194 519 ipsas
214 439 247 501 in
269 438 330 501 hac
349 458 385 501 re
412 439 576 501 formatum
599 446 656 503 est.
699 440 748 501 Ex
781 441 818 501 iis
849 441 911 501 iem
939 440 1030 503 focile

108 526 165 601 eat,
186 520 325 585 Decreta
344 523 415 603 ipsa
434 523 581 603 iudicare,
603 542 695 604 quam
711 522 871 585 infirmiter
883 542 939 585 sua
959 545 1029 604 pro·

109 602 194 667 bont.
239 603 332 681 Quod
353 612 388 667 ut
409 606 524 666 clarum
548 608 668 685 faciam,
690 607 810 686 aliquot
832 605 962 669 adduco.

190 686 315 749 Primus
335 696 384 751 est
396 688 459 749 Leo
482 690 550 751 dist.
567 692 613 755 ro.
636 709 661 753 c.
685 691 729 751 lta
743 690 895 751 Dominus
914 697 1029 769 noster,

109 770 223 851 inquit:
245 770 339 833 Jesus
362 771 500 833 Christus
529 773 654 833 humani
684 774 808 855 generis
829 773 964 833 salvator
986 774 1029 834 in-

112 854 219 935 adsuit,
242 862 278 915 ut
298 856 421 933 veritas,
444 873 523 935 quae
545 861 637 917 antea
657 854 735 936 legis
758 864 789 916 et
810 856 1027 935 prophetarum

111 938 281 1017 praeconio
302 938 535 1015 continebatur,
569 956 625 1019 per
646 938 749 999 tubum
772 939 974 1019 apostolicam
997 940 1030 1001 in

113 1020 244 1083 salutem
266 1022 475 1083 universitatis
498 1023 606 1100 exiret,
628 1023 707 1082 sicut
727 1023 872 1101 scriptum
896 1030 960 1082 est:
996 1022 1029 1082 ln

113 1120 234 1165 omnem
258 1112 370 1165 terram
393 1106 490 1165 exivit
510 1123 605 1165 sonus
618 1123 735 1184 eorum,
758 1112 789 1165 et
805 1106 836 1164 in
852 1103 930 1165 fines
947 1103 1029 1167 orbis

114 1192 211 1251 tenue
232 1186 330 1249 verba
342 1205 458 1251 eorum.
502 1187 562 1249 Sed
580 1188 667 1248 huius
690 1189 822 1248 muneris
837 1194 1030 1249 sacramenta

113 1270 151 1331 ilc
169 1268 327 1331 Dominus
348 1269 389 1331 ed
412 1270 548 1331 omnium
572 1270 783 1351 apostolorum
808 1270 941 1331 osticium
963 1291 1029 1351 per-

115 1352 207 1415 tuere
221 1353 332 1433 voluit,
350 1354 424 1413 utin
435 1354 612 1414 beatissimo
631 1353 722 1414 Petro
746 1355 880 1415 omnium
905 1362 1025 1434 aposto·

116 1432 207 1495 lerum
218 1454 340 1498 summo
353 1436 562 1516 principaliter
572 1436 750 1516 collocaret,
765 1444 798 1497 nt
810 1437 849 1499 eb
863 1439 942 1517 ipso,
960 1456 1030 1516 qua-

118 1518 167 1579 sia
186 1519 325 1599 quodem
337 1520 449 1600 capite,
472 1519 555 1581 dona
572 1536 631 1581 sua
651 1519 737 1581 velut
757 1520 787 1580 in
811 1538 922 1599 corpus
937 1539 1028 1580 omne

120 1598 313 1683 diffunderet,
346 1609 381 1664 ut
407 1609 563 1663 exsortem
586 1622 620 1663 se
640 1602 826 1683 intelligeret
847 1602 943 1663 divini
966 1623 1029 1683 my-

120 1685 194 1747 sterii
205 1705 288 1765 esse,
310 1687 361 1765 qui
376 1685 489 1747 aPetri
504 1685 660 1747 soliditate
672 1686 838 1748 recederet.
869 1684 955 1747 Haec
966 1686 1029 1747 ille.

191 1766 280 1845 ouis,
302 1768 450 1845 obsecro,
472 1788 534 1829 non
557 1769 642 1831 videt
663 1773 802 1830 sanctum
826 1776 858 1829 et
880 1768 1029 1837 eruditum

123 1847 192 1919 tune
211 1853 313 1913 virum
335 1852 471 1913 humana
491 1855 637 1932 passum?
670 1852 748 1913 Nam
772 1854 798 1912 si
820 1872 876 1933 per
897 1852 1031 1913 solidita-

124 1938 173 1995 tem
193 1935 275 1997 Petri
296 1935 443 2015 intelligit
464 1933 567 2015 fidem,
590 1954 651 2015 qua
671 1935 779 1996 Petrus
792 1934 944 1995 Christum
958 1954 1029 1997 cou-

124 2014 208 2079 lusaus
228 2026 278 2079 est
298 2018 406 2081 Matth.
420 2020 480 2096 itt,
502 2028 585 2079 recte
600 2025 632 2079 et
647 2018 827 2099 evangelice
840 2018 922 2081 dicit.
945 2018 1030 2079 Haec

126 2101 191 2161 mim
213 2099 293 2163 fides
317 2108 366 2161 est
390 2109 493 2181 petra,
525 2122 546 2162 a
567 2121 628 2181 qua
650 2099 758 2163 Petrus
779 2122 892 2163 nornen
916 2102 1027 2161 hahet:

125 2200 200 2261 equa
215 2186 267 2264 qui
282 2185 454 2263 recesserit,
470 2186 578 2246 merito
590 2204 698 2246 exsors
713 2192 760 2245 est
772 2185 866 2245 divini
881 2186 1027 2265 mysterii.

126 2262 239 2345 lerum,
262 2269 288 2327 si
311 2287 366 2347 per
388 2267 576 2328 soliditatem
598 2269 679 2328 Petri
702 2269 845 2349 intelligit
866 2267 1030 2329 iurisdicti-

127 2363 201 2409 onem
224 2357 257 2411 et
277 2357 463 2430 potestatem
477 2352 558 2411 Petri
578 2358 609 2412 et
623 2353 756 2413 Romani
778 2351 943 2431 pontilicis,
967 2353 1029 2430 qui-

127 2427 187 2495 libet
206 2433 298 2494 facile
320 2436 418 2514 capit,
442 2434 525 2513 quod
548 2433 642 2496 verbo
669 2435 821 2515 evangelii
844 2436 977 2495 abutitur
999 2441 1030 2494 et

125 2510 230 2579 hllitur.
273 2516 387 2577 Nonne
409 2537 517 2578 omnes
528 2518 664 2598 apostoli
677 2518 799 2580 fuerunt
817 2519 848 2577 iu
872 2517 1028 2579 soliditate

126 2593 209 2680 Petri,
231 2607 388 2661 ettamen
411 2601 466 2660 sub
485 2602 626 2661 Romana
648 2601 780 2662 ecclesia
804 2621 866 2661 non
889 2601 1028 2661 luerunt?

125 2676 147 2743 fl.
166 2682 338 2763 Stephanus
366 2691 398 2743 et
429 2684 479 2743 alii
509 2704 528 2743 a
549 2684 644 2746 Paulo
674 2685 923 2765 persecutionem
946 2686 1030 2764 passi

124 2761 317 2829 insoliditate
328 2767 410 2826 Petri
431 2768 561 2843 luerunt,
585 2774 749 2847 aritequam
762 2769 909 2828 Romana
933 2767 1029 2839 eccle:

125 2846 159 2907 sis
175 2848 269 2911 lieret.
315 2849 435 2910 Deinde
458 2850 566 2911 eadem
581 2851 706 2911 humani
724 2851 852 2911 affectus
879 2850 1027 2911 labilitate

124 2926 183 2992 deit
215 2935 245 2992 in
281 2933 426 3013 apostolo
460 2934 550 2994 Petro
591 2935 802 3015 principaliter
841 2933 1027 2993 collocatum

125 3028 217 3077 nunus
231 3015 374 3093 docendi,
397 3017 521 3077 trahens
543 3017 582 3079 ad
596 3018 781 3098 singularem
795 3018 926 3095 Petrum,
944 3017 1026 3095 quod

125 3092 262 3178 Propheta
277 3099 387 3179 plurali
403 3108 433 3160 et
445 3100 610 3162 indiscreto
624 3121 751 3162 numero
774 3098 904 3181 dixit*):
928 3100 1027 3161 Sonus

125 3194 214 3243 corum
237 3191 268 3243 et
290 3183 384 3243 verba
405 3203 520 3245 eorum.

189 3265 249 3326 sm
270 3276 301 3326 et
321 3267 382 3327 hoc
404 3267 566 3327 manifeste
588 3267 699 3327 falsum
722 3273 788 3346 eet,
813 3267 896 3346 quod
918 3267 1026 3326 Petrus

127 3355 201 3434 caput
221 3351 261 3410 sit
283 3351 376 3411 totius
401 3352 556 3431 corporis,
579 3370 598 3409 a
620 3369 679 3429 quo
704 3351 786 3412 dona
808 3370 866 3411 sua
889 3350 1025 3410 Christus

127 3442 148 3484 1¹¹
166 3449 254 3493 omne
288 3453 400 3507 corpus
438 3433 602 3512 diffundat,
637 3436 694 3495 nisi
724 3433 875 3513 intelligat
908 3439 1026 3513 partem

128 3513 274 3594 eeclesiae,
309 3535 388 3596 quae
418 3516 550 3577 docente
571 3519 662 3578 Petro
692 3516 811 3577 erudita
833 3523 896 3595 est,
927 3525 959 3575 ut
982 3524 1028 3577 est

127 3586 216 3659 latim
236 3608 268 3663 et
285 3600 486 3662 occidentalis
499 3601 641 3663 ecclesia.
684 3601 762 3662 Nam
777 3601 868 3661 etiam
883 3619 937 3679 per
949 3598 1026 3660 alios
