<?xml version="1.0" encoding="UTF-8"?>
<!DOCTYPE html PUBLIC "-//W3C//DTD XHTML 1.0 Transitional//EN"
    "http://www.w3.org/TR/xhtml1/DTD/xhtml1-transitional.dtd">
<html xmlns="http://www.w3.org/1999/xhtml" xml:lang="en" lang="en">
 <head>
  <title>
</title>
<meta http-equiv="Content-Type" content="text/html;charset=utf-8" />
  <meta name='ocr-system' content='tesseract 3.04.00' />
  <meta name='ocr-capabilities' content='ocr_page ocr_carea ocr_par ocr_line ocrx_word'/>
</head>
<body>
  <div class='ocr_page' id='page_1' title='image "./dmartinilutheri04luthgoog_0139.png"; bbox 0 0 2346 4208; ppageno 0'>
   <div class='ocr_carea' id='block_1_1' title="bbox 120 284 843 358">
    <p class='ocr_par' dir='ltr' id='par_1_1' title="bbox 120 284 843 358">
     <span class='ocr_line' id='line_1_1' title="bbox 120 284 843 358; baseline -0.004 -17"><span class='ocrx_word' id='word_1_1' title='bbox 120 284 183 352; x_wconf 78' lang='grc'><strong>128</strong></span> <span class='ocrx_word' id='word_1_2' title='bbox 327 286 479 358; x_wconf 76' lang='lat' dir='ltr'><strong>Disputatio</strong></span> <span class='ocrx_word' id='word_1_3' title='bbox 496 286 603 356; x_wconf 80' lang='lat' dir='ltr'><strong>Lipsiae</strong></span> <span class='ocrx_word' id='word_1_4' title='bbox 621 288 759 341; x_wconf 70' lang='lat' dir='ltr'><strong>habilina.</strong></span> <span class='ocrx_word' id='word_1_5' title='bbox 780 284 843 338; x_wconf 78' lang='lat' dir='ltr'><strong>XIX</strong></span> 
     </span>
    </p>
   </div>
   <div class='ocr_carea' id='block_1_2' title="bbox 120 470 1045 783">
    <p class='ocr_par' dir='ltr' id='par_1_2' title="bbox 120 470 1045 783">
     <span class='ocr_line' id='line_1_2' title="bbox 121 470 1044 554; baseline -0.003 -20"><span class='ocrx_word' id='word_1_6' title='bbox 121 480 191 551; x_wconf 86' lang='lat' dir='ltr'><strong>ret,</strong></span> <span class='ocrx_word' id='word_1_7' title='bbox 226 473 309 552; x_wconf 90' lang='lat' dir='ltr'><strong>quod</strong></span> <span class='ocrx_word' id='word_1_8' title='bbox 332 473 382 533; x_wconf 91' lang='lat' dir='ltr'><strong>hic</strong></span> <span class='ocrx_word' id='word_1_9' title='bbox 404 471 561 554; x_wconf 81' lang='lat' dir='ltr'>neglexit,</span> <span class='ocrx_word' id='word_1_10' title='bbox 582 491 651 533; x_wconf 92' lang='lat' dir='ltr'><strong>cum</strong></span> <span class='ocrx_word' id='word_1_11' title='bbox 674 470 806 551; x_wconf 88' lang='lat' dir='ltr'><strong>obierit,</strong></span> <span class='ocrx_word' id='word_1_12' title='bbox 840 470 923 552; x_wconf 86' lang='lat' dir='ltr'><strong>apud</strong></span> <span class='ocrx_word' id='word_1_13' title='bbox 947 471 1044 531; x_wconf 86' lang='lat' dir='ltr'><strong>Deum</strong></span> 
     </span>
     <span class='ocr_line' id='line_1_3' title="bbox 121 555 1045 637; baseline -0.002 -20"><span class='ocrx_word' id='word_1_14' title='bbox 121 559 298 637; x_wconf 89' lang='lat' dir='ltr'><strong>promereri.</strong></span> <span class='ocrx_word' id='word_1_15' title='bbox 329 557 439 617; x_wconf 83' lang='lat' dir='ltr'><strong>Cessat</strong></span> <span class='ocrx_word' id='word_1_16' title='bbox 461 575 535 635; x_wconf 85' lang='lat' dir='ltr'><strong>ergo</strong></span> <span class='ocrx_word' id='word_1_17' title='bbox 559 562 779 636; x_wconf 90' lang='lat' dir='ltr'><strong>postmortem</strong></span> <span class='ocrx_word' id='word_1_18' title='bbox 804 555 953 616; x_wconf 85' lang='lat' dir='ltr'><strong>meritorii</strong></span> <span class='ocrx_word' id='word_1_19' title='bbox 975 572 1045 634; x_wconf 82' lang='lat' dir='ltr'><strong>ope·</strong></span> 
     </span>
     <span class='ocr_line' id='line_1_4' title="bbox 120 639 1045 783; baseline -0.004 -82"><span class='ocrx_word' id='word_1_20' title='bbox 120 641 306 783; x_wconf 59' lang='lat' dir='ltr'><strong>ppnpuctio,</strong></span> <span class='ocrx_word' id='word_1_21' title='bbox 337 648 440 700; x_wconf 88' lang='lat' dir='ltr'><strong>cessat</strong></span> <span class='ocrx_word' id='word_1_22' title='bbox 463 646 494 701; x_wconf 89' lang='lat' dir='ltr'><strong>et</strong></span> <span class='ocrx_word' id='word_1_23' title='bbox 515 640 633 719; x_wconf 84' lang='lat' dir='ltr'><strong>gratiae</strong></span> <span class='ocrx_word' id='word_1_24' title='bbox 655 642 757 698; x_wconf 87' lang='lat' dir='ltr'><strong>auctio</strong></span> <span class='ocrx_word' id='word_1_25' title='bbox 781 639 896 699; x_wconf 83' lang='lat' dir='ltr'><strong>meritis</strong></span> <span class='ocrx_word' id='word_1_26' title='bbox 919 655 1045 717; x_wconf 91' lang='lat' dir='ltr'><strong>respon·</strong></span> 
     </span>
    </p>
   </div>
   <div class='ocr_carea' id='block_1_3' title="bbox 426 887 747 951">
    <p class='ocr_par' dir='ltr' id='par_1_3' title="bbox 426 887 747 951">
     <span class='ocr_line' id='line_1_5' title="bbox 426 887 747 951; baseline -0.003 -4"><span class='ocrx_word' id='word_1_27' title='bbox 426 887 466 951; x_wconf 86' lang='grc' dir='ltr'><strong>Μ.</strong></span> <span class='ocrx_word' id='word_1_28' title='bbox 499 887 747 947; x_wconf 88' lang='lat' dir='ltr'><strong>Lutherus.</strong></span> 
     </span>
    </p>
   </div>
   <div class='ocr_carea' id='block_1_4' title="bbox 120 1051 1067 2543">
    <p class='ocr_par' dir='ltr' id='par_1_4' title="bbox 120 1051 1067 2543">
     <span class='ocr_line' id='line_1_6' title="bbox 186 1051 1046 1135; baseline -0.005 -20"><span class='ocrx_word' id='word_1_29' title='bbox 186 1054 338 1135; x_wconf 82' lang='lat' dir='ltr'>Opposuit</span> <span class='ocrx_word' id='word_1_30' title='bbox 360 1054 502 1134; x_wconf 85' lang='lat' dir='ltr'><strong>egregius</strong></span> <span class='ocrx_word' id='word_1_31' title='bbox 524 1052 558 1111; x_wconf 87' lang='lat' dir='ltr'><strong>D.</strong></span> <span class='ocrx_word' id='word_1_32' title='bbox 573 1052 608 1112; x_wconf 90' lang='lat' dir='ltr'><strong>D.</strong></span> <span class='ocrx_word' id='word_1_33' title='bbox 629 1051 705 1112; x_wconf 90' lang='lat' dir='ltr'><strong>duas</strong></span> <span class='ocrx_word' id='word_1_34' title='bbox 728 1051 850 1112; x_wconf 88' lang='lat' dir='ltr'><strong>divinae</strong></span> <span class='ocrx_word' id='word_1_35' title='bbox 872 1051 1046 1131; x_wconf 85' lang='lat' dir='ltr'><strong>Scripturas</strong></span> 
     </span>
     <span class='ocr_line' id='line_1_7' title="bbox 120 1134 1047 1214; baseline -0.004 -16"><span class='ocrx_word' id='word_1_36' title='bbox 120 1139 314 1214; x_wconf 79' lang='lat' dir='ltr'><strong>autoritates,</strong></span> <span class='ocrx_word' id='word_1_37' title='bbox 341 1144 373 1197; x_wconf 88' lang='lat' dir='ltr'><strong>ct</strong></span> <span class='ocrx_word' id='word_1_38' title='bbox 395 1143 525 1214; x_wconf 87' lang='lat' dir='ltr'><strong>quatuor</strong></span> <span class='ocrx_word' id='word_1_39' title='bbox 546 1134 588 1195; x_wconf 90' lang='lat' dir='ltr'><strong>S.·</strong></span> <span class='ocrx_word' id='word_1_40' title='bbox 601 1134 733 1198; x_wconf 85' lang='lat' dir='ltr'><strong>Petrum.</strong></span> <span class='ocrx_word' id='word_1_41' title='bbox 767 1135 868 1195; x_wconf 87' lang='lat' dir='ltr'><strong>Prima</strong></span> <span class='ocrx_word' id='word_1_42' title='bbox 879 1135 1047 1207; x_wconf 75' lang='lat' dir='ltr'><strong>‚dercmiae</strong></span> 
     </span>
     <span class='ocr_line' id='line_1_8' title="bbox 122 1218 1047 1298; baseline 0 -18"><span class='ocrx_word' id='word_1_43' title='bbox 122 1220 266 1280; x_wconf 85' lang='lat' dir='ltr'><strong>ubiDeus</strong></span> <span class='ocrx_word' id='word_1_44' title='bbox 288 1219 381 1279; x_wconf 92' lang='lat' dir='ltr'><strong>dicit:</strong></span> <span class='ocrx_word' id='word_1_45' title='bbox 405 1218 544 1279; x_wconf 79' lang='lat' dir='ltr'>Reddam</span> <span class='ocrx_word' id='word_1_46' title='bbox 567 1219 611 1277; x_wconf 90' lang='lat' dir='ltr'><strong>eis</strong></span> <span class='ocrx_word' id='word_1_47' title='bbox 634 1220 803 1291; x_wconf 79' lang='lat' dir='ltr'><strong>secundum</strong></span> <span class='ocrx_word' id='word_1_48' title='bbox 817 1237 913 1298; x_wconf 89' lang='lat' dir='ltr'><strong>opera</strong></span> <span class='ocrx_word' id='word_1_49' title='bbox 935 1236 1047 1280; x_wconf 88' lang='lat' dir='ltr'><strong>eorum.</strong></span> 
     </span>
     <span class='ocr_line' id='line_1_9' title="bbox 121 1300 1048 1383; baseline -0.005 -18"><span class='ocrx_word' id='word_1_50' title='bbox 121 1304 218 1365; x_wconf 80' lang='lat' dir='ltr'><strong>Miror</strong></span> <span class='ocrx_word' id='word_1_51' title='bbox 240 1304 336 1378; x_wconf 84' lang='lat' dir='ltr'><strong>satis,</strong></span> <span class='ocrx_word' id='word_1_52' title='bbox 371 1301 454 1381; x_wconf 92' lang='lat' dir='ltr'><strong>quod</strong></span> <span class='ocrx_word' id='word_1_53' title='bbox 488 1302 629 1383; x_wconf 80' lang='lat' dir='ltr'><strong>egregius</strong></span> <span class='ocrx_word' id='word_1_54' title='bbox 652 1302 688 1363; x_wconf 90' lang='lat' dir='ltr'><strong>D.</strong></span> <span class='ocrx_word' id='word_1_55' title='bbox 713 1302 749 1364; x_wconf 92' lang='lat' dir='ltr'><strong>D.</strong></span> <span class='ocrx_word' id='word_1_56' title='bbox 782 1301 861 1361; x_wconf 90' lang='lat' dir='ltr'><strong>haec</strong></span> <span class='ocrx_word' id='word_1_57' title='bbox 885 1305 917 1360; x_wconf 92' lang='lat' dir='ltr'><strong>et</strong></span> <span class='ocrx_word' id='word_1_58' title='bbox 939 1300 1048 1360; x_wconf 81' lang='lat' dir='ltr'><strong>similia</strong></span> 
     </span>
     <span class='ocr_line' id='line_1_10' title="bbox 123 1384 1048 1465; baseline -0.004 -18"><span class='ocrx_word' id='word_1_59' title='bbox 123 1386 288 1448; x_wconf 77' lang='lat' dir='ltr'><strong>arbitretur</strong></span> <span class='ocrx_word' id='word_1_60' title='bbox 309 1392 418 1446; x_wconf 87' lang='lat' dir='ltr'><strong>contra</strong></span> <span class='ocrx_word' id='word_1_61' title='bbox 440 1404 489 1444; x_wconf 91' lang='lat' dir='ltr'><strong>me</strong></span> <span class='ocrx_word' id='word_1_62' title='bbox 510 1403 668 1465; x_wconf 81' lang='lat' dir='ltr'><strong>pugnare,</strong></span> <span class='ocrx_word' id='word_1_63' title='bbox 706 1403 777 1447; x_wconf 89' lang='lat' dir='ltr'><strong>cum</strong></span> <span class='ocrx_word' id='word_1_64' title='bbox 799 1404 859 1465; x_wconf 85' lang='lat' dir='ltr'><strong>ego</strong></span> <span class='ocrx_word' id='word_1_65' title='bbox 881 1385 913 1443; x_wconf 91' lang='lat' dir='ltr'><strong>in</strong></span> <span class='ocrx_word' id='word_1_66' title='bbox 935 1384 1048 1444; x_wconf 75' lang='lat' dir='ltr'><strong>recola</strong></span> 
     </span>
     <span class='ocr_line' id='line_1_11' title="bbox 125 1466 1048 1547; baseline -0.003 -17"><span class='ocrx_word' id='word_1_67' title='bbox 125 1471 204 1531; x_wconf 89' lang='lat' dir='ltr'><strong>torio</strong></span> <span class='ocrx_word' id='word_1_68' title='bbox 227 1487 297 1529; x_wconf 91' lang='lat' dir='ltr'><strong>meo</strong></span> <span class='ocrx_word' id='word_1_69' title='bbox 321 1469 417 1529; x_wconf 88' lang='lat' dir='ltr'><strong>multo</strong></span> <span class='ocrx_word' id='word_1_70' title='bbox 440 1469 543 1547; x_wconf 90' lang='lat' dir='ltr'><strong>plures</strong></span> <span class='ocrx_word' id='word_1_71' title='bbox 559 1466 739 1527; x_wconf 88' lang='lat' dir='ltr'><strong>adduxerim</strong></span> <span class='ocrx_word' id='word_1_72' title='bbox 761 1468 791 1526; x_wconf 92' lang='lat' dir='ltr'><strong>in</strong></span> <span class='ocrx_word' id='word_1_73' title='bbox 806 1468 888 1528; x_wconf 85' lang='lat' dir='ltr'><strong>banc</strong></span> <span class='ocrx_word' id='word_1_74' title='bbox 908 1466 1048 1541; x_wconf 80' lang='lat' dir='ltr'><strong>formam,</strong></span> 
     </span>
     <span class='ocr_line' id='line_1_12' title="bbox 125 1549 1046 1631; baseline -0.003 -17"><span class='ocrx_word' id='word_1_75' title='bbox 125 1559 157 1614; x_wconf 90' lang='lat' dir='ltr'><strong>et</strong></span> <span class='ocrx_word' id='word_1_76' title='bbox 177 1552 391 1631; x_wconf 78' lang='lat' dir='ltr'><strong>exposuerim,</strong></span> <span class='ocrx_word' id='word_1_77' title='bbox 420 1549 578 1630; x_wconf 91' lang='lat' dir='ltr'><strong>quomodo</strong></span> <span class='ocrx_word' id='word_1_78' title='bbox 601 1550 674 1610; x_wconf 90' lang='lat' dir='ltr'><strong>nihil</strong></span> <span class='ocrx_word' id='word_1_79' title='bbox 697 1560 806 1611; x_wconf 85' lang='lat' dir='ltr'><strong>contra</strong></span> <span class='ocrx_word' id='word_1_80' title='bbox 828 1568 877 1610; x_wconf 94' lang='lat' dir='ltr'><strong>me</strong></span> <span class='ocrx_word' id='word_1_81' title='bbox 898 1556 1046 1630; x_wconf 86' lang='lat' dir='ltr'><strong>pugnent.</strong></span> 
     </span>
     <span class='ocr_line' id='line_1_13' title="bbox 125 1633 1048 1714; baseline -0.002 -19"><span class='ocrx_word' id='word_1_82' title='bbox 125 1638 189 1696; x_wconf 88' lang='lat' dir='ltr'><strong>Aut</strong></span> <span class='ocrx_word' id='word_1_83' title='bbox 213 1652 311 1713; x_wconf 88' lang='lat' dir='ltr'><strong>aeque</strong></span> <span class='ocrx_word' id='word_1_84' title='bbox 334 1643 441 1695; x_wconf 86' lang='lat' dir='ltr'><strong>contra</strong></span> <span class='ocrx_word' id='word_1_85' title='bbox 462 1634 674 1714; x_wconf 87' lang='lat' dir='ltr'><strong>purgatorium</strong></span> <span class='ocrx_word' id='word_1_86' title='bbox 696 1639 844 1713; x_wconf 86' lang='lat' dir='ltr'><strong>pugnant.</strong></span> <span class='ocrx_word' id='word_1_87' title='bbox 868 1633 946 1693; x_wconf 82' lang='lat' dir='ltr'><strong>Cum</strong></span> <span class='ocrx_word' id='word_1_88' title='bbox 970 1634 1048 1694; x_wconf 88' lang='lat' dir='ltr'><strong>enim</strong></span> 
     </span>
     <span class='ocr_line' id='line_1_14' title="bbox 126 1714 1048 1800; baseline -0.003 -21"><span class='ocrx_word' id='word_1_89' title='bbox 126 1719 232 1779; x_wconf 83' lang='lat' dir='ltr'><strong>divina</strong></span> <span class='ocrx_word' id='word_1_90' title='bbox 253 1717 409 1798; x_wconf 79' lang='lat' dir='ltr'><strong>Scriptura</strong></span> <span class='ocrx_word' id='word_1_91' title='bbox 430 1726 497 1778; x_wconf 87' lang='lat' dir='ltr'><strong>tota</strong></span> <span class='ocrx_word' id='word_1_92' title='bbox 517 1735 642 1800; x_wconf 84' lang='lat' dir='ltr'><strong>prorsus</strong></span> <span class='ocrx_word' id='word_1_93' title='bbox 665 1715 740 1777; x_wconf 94' lang='lat' dir='ltr'><strong>nihil</strong></span> <span class='ocrx_word' id='word_1_94' title='bbox 768 1716 881 1777; x_wconf 89' lang='lat' dir='ltr'><strong>h&#39;abeat</strong></span> <span class='ocrx_word' id='word_1_95' title='bbox 920 1714 960 1776; x_wconf 93' lang='lat' dir='ltr'><strong>de</strong></span> <span class='ocrx_word' id='word_1_96' title='bbox 982 1716 1048 1776; x_wconf 78' lang='lat' dir='ltr'><strong>Pur</strong></span> 
     </span>
     <span class='ocr_line' id='line_1_15' title="bbox 124 1798 1067 1883; baseline -0.004 -20"><span class='ocrx_word' id='word_1_97' title='bbox 124 1803 256 1883; x_wconf 85' lang='lat' dir='ltr'><strong>gatorio,</strong></span> <span class='ocrx_word' id='word_1_98' title='bbox 278 1801 333 1862; x_wconf 95' lang='lat' dir='ltr'><strong>sed</strong></span> <span class='ocrx_word' id='word_1_99' title='bbox 346 1802 449 1861; x_wconf 87' lang='lat' dir='ltr'><strong>omnia</strong></span> <span class='ocrx_word' id='word_1_100' title='bbox 462 1801 604 1879; x_wconf 89' lang='lat' dir='ltr'><strong>loquatur</strong></span> <span class='ocrx_word' id='word_1_101' title='bbox 626 1800 674 1858; x_wconf 90' lang='lat' dir='ltr'><strong>vel</strong></span> <span class='ocrx_word' id='word_1_102' title='bbox 687 1798 726 1859; x_wconf 91' lang='lat' dir='ltr'><strong>de</strong></span> <span class='ocrx_word' id='word_1_103' title='bbox 743 1799 873 1875; x_wconf 77' lang='lat' dir='ltr'><strong>interno,</strong></span> <span class='ocrx_word' id='word_1_104' title='bbox 887 1799 938 1859; x_wconf 81' lang='lat' dir='ltr'><strong>vel</strong></span> <span class='ocrx_word' id='word_1_105' title='bbox 951 1800 1067 1877; x_wconf 87' lang='lat' dir='ltr'><strong>coslo,-</strong></span> 
     </span>
     <span class='ocr_line' id='line_1_16' title="bbox 125 1882 1050 1962; baseline -0.003 -16"><span class='ocrx_word' id='word_1_106' title='bbox 125 1886 199 1946; x_wconf 84' lang='lat' dir='ltr'><strong>volo</strong></span> <span class='ocrx_word' id='word_1_107' title='bbox 222 1884 282 1945; x_wconf 93' lang='lat' dir='ltr'><strong>hoc</strong></span> <span class='ocrx_word' id='word_1_108' title='bbox 303 1884 363 1944; x_wconf 92' lang='lat' dir='ltr'><strong>hac</strong></span> <span class='ocrx_word' id='word_1_109' title='bbox 389 1901 451 1943; x_wconf 89' lang='lat' dir='ltr'><strong>una</strong></span> <span class='ocrx_word' id='word_1_110' title='bbox 471 1883 675 1962; x_wconf 86' lang='lat' dir='ltr'><strong>responsione</strong></span> <span class='ocrx_word' id='word_1_111' title='bbox 702 1882 741 1942; x_wconf 91' lang='lat' dir='ltr'><strong>ad</strong></span> <span class='ocrx_word' id='word_1_112' title='bbox 770 1901 878 1943; x_wconf 90' lang='lat' dir='ltr'><strong>omnes</strong></span> <span class='ocrx_word' id='word_1_113' title='bbox 907 1883 1050 1943; x_wconf 85' lang='lat' dir='ltr'><strong>autorita·</strong></span> 
     </span>
     <span class='ocr_line' id='line_1_17' title="bbox 128 1965 1050 2047; baseline -0.004 -18"><span class='ocrx_word' id='word_1_114' title='bbox 128 1976 174 2029; x_wconf 86' lang='lat' dir='ltr'><strong>tes</strong></span> <span class='ocrx_word' id='word_1_115' title='bbox 195 1967 414 2047; x_wconf 87' lang='lat' dir='ltr'><strong>respondisse,</strong></span> <span class='ocrx_word' id='word_1_116' title='bbox 452 1965 535 2044; x_wconf 89' lang='lat' dir='ltr'><strong>quod</strong></span> <span class='ocrx_word' id='word_1_117' title='bbox 564 1984 626 2024; x_wconf 89' lang='lat' dir='ltr'><strong>non</strong></span> <span class='ocrx_word' id='word_1_118' title='bbox 648 1965 762 2025; x_wconf 87' lang='lat' dir='ltr'><strong>faciant</strong></span> <span class='ocrx_word' id='word_1_119' title='bbox 784 1965 823 2025; x_wconf 89' lang='lat' dir='ltr'><strong>ad</strong></span> <span class='ocrx_word' id='word_1_120' title='bbox 846 1966 1050 2045; x_wconf 85' lang='lat' dir='ltr'><strong>propositum,</strong></span> 
     </span>
     <span class='ocr_line' id='line_1_18' title="bbox 132 2049 1048 2129; baseline -0.002 -18"><span class='ocrx_word' id='word_1_121' title='bbox 132 2057 297 2129; x_wconf 87' lang='lat' dir='ltr'><strong>sequenter</strong></span> <span class='ocrx_word' id='word_1_122' title='bbox 317 2056 349 2110; x_wconf 91' lang='lat' dir='ltr'><strong>et</strong></span> <span class='ocrx_word' id='word_1_123' title='bbox 369 2050 580 2128; x_wconf 86' lang='lat' dir='ltr'><strong>expositiones</strong></span> <span class='ocrx_word' id='word_1_124' title='bbox 602 2049 738 2108; x_wconf 89' lang='lat' dir='ltr'><strong>omnium</strong></span> <span class='ocrx_word' id='word_1_125' title='bbox 762 2049 894 2124; x_wconf 82' lang='lat' dir='ltr'><strong>Petrum,</strong></span> <span class='ocrx_word' id='word_1_126' title='bbox 916 2050 977 2109; x_wconf 90' lang='lat' dir='ltr'><strong>nisi</strong></span> <span class='ocrx_word' id='word_1_127' title='bbox 1000 2068 1048 2109; x_wconf 88' lang='lat' dir='ltr'><strong>ex-</strong></span> 
     </span>
     <span class='ocr_line' id='line_1_19' title="bbox 133 2131 1052 2215; baseline -0.002 -22"><span class='ocrx_word' id='word_1_128' title='bbox 133 2152 239 2215; x_wconf 87' lang='lat' dir='ltr'><strong>presse</strong></span> <span class='ocrx_word' id='word_1_129' title='bbox 274 2133 467 2191; x_wconf 90' lang='lat' dir='ltr'><strong>meminerint</strong></span> <span class='ocrx_word' id='word_1_130' title='bbox 494 2133 672 2212; x_wconf 87' lang='lat' dir='ltr'><strong>purgatorii.</strong></span> <span class='ocrx_word' id='word_1_131' title='bbox 715 2131 792 2191; x_wconf 85' lang='lat' dir='ltr'><strong>Nam</strong></span> <span class='ocrx_word' id='word_1_132' title='bbox 823 2131 971 2192; x_wconf 77' lang='lat' dir='ltr'><strong>credibile</strong></span> <span class='ocrx_word' id='word_1_133' title='bbox 998 2142 1052 2207; x_wconf 83' lang='lat' dir='ltr'><strong>est,</strong></span> 
     </span>
     <span class='ocr_line' id='line_1_20' title="bbox 129 2213 1051 2296; baseline -0.002 -20"><span class='ocrx_word' id='word_1_134' title='bbox 129 2215 227 2296; x_wconf 86' lang='lat' dir='ltr'><strong>quod,</strong></span> <span class='ocrx_word' id='word_1_135' title='bbox 249 2213 373 2293; x_wconf 86' lang='lat' dir='ltr'><strong>quaudo</strong></span> <span class='ocrx_word' id='word_1_136' title='bbox 396 2221 526 2274; x_wconf 88' lang='lat' dir='ltr'><strong>tractant</strong></span> <span class='ocrx_word' id='word_1_137' title='bbox 547 2214 719 2295; x_wconf 75' lang='lat' dir='ltr'><strong>Scripturas</strong></span> <span class='ocrx_word' id='word_1_138' title='bbox 750 2222 893 2292; x_wconf 88' lang='lat' dir='ltr'><strong>sanctas,</strong></span> <span class='ocrx_word' id='word_1_139' title='bbox 930 2234 1051 2276; x_wconf 90' lang='lat' dir='ltr'><strong>sensum</strong></span> 
     </span>
     <span class='ocr_line' id='line_1_21' title="bbox 129 2297 1053 2377; baseline -0.003 -17"><span class='ocrx_word' id='word_1_140' title='bbox 129 2301 224 2360; x_wconf 89' lang='lat' dir='ltr'><strong>etiarn</strong></span> <span class='ocrx_word' id='word_1_141' title='bbox 248 2298 424 2376; x_wconf 78' lang='lat' dir='ltr'><strong>Scripturas</strong></span> <span class='ocrx_word' id='word_1_142' title='bbox 459 2305 585 2358; x_wconf 90' lang='lat' dir='ltr'><strong>sanctae</strong></span> <span class='ocrx_word' id='word_1_143' title='bbox 608 2306 783 2376; x_wconf 89' lang='lat' dir='ltr'><strong>sequantur.</strong></span> <span class='ocrx_word' id='word_1_144' title='bbox 827 2297 964 2377; x_wconf 89' lang='lat' dir='ltr'><strong>Ideoque</strong></span> <span class='ocrx_word' id='word_1_145' title='bbox 987 2298 1053 2359; x_wconf 84' lang='lat' dir='ltr'><strong>aliis</strong></span> 
     </span>
     <span class='ocr_line' id='line_1_22' title="bbox 131 2380 1054 2460; baseline 0.001 -18"><span class='ocrx_word' id='word_1_146' title='bbox 131 2380 302 2444; x_wconf 87' lang='lat' dir='ltr'><strong>rationibus</strong></span> <span class='ocrx_word' id='word_1_147' title='bbox 334 2385 366 2440; x_wconf 92' lang='lat' dir='ltr'><strong>et</strong></span> <span class='ocrx_word' id='word_1_148' title='bbox 400 2380 612 2441; x_wconf 83' lang='lat' dir='ltr'><strong>autoritatibus</strong></span> <span class='ocrx_word' id='word_1_149' title='bbox 634 2380 739 2441; x_wconf 89' lang='lat' dir='ltr'><strong>doceri</strong></span> <span class='ocrx_word' id='word_1_150' title='bbox 761 2385 904 2460; x_wconf 86' lang='lat' dir='ltr'><strong>oportet,</strong></span> <span class='ocrx_word' id='word_1_151' title='bbox 937 2383 1054 2443; x_wconf 86' lang='lat' dir='ltr'><strong>animas</strong></span> 
     </span>
     <span class='ocr_line' id='line_1_23' title="bbox 131 2465 885 2543; baseline 0 -19"><span class='ocrx_word' id='word_1_152' title='bbox 131 2483 203 2524; x_wconf 89' lang='lat' dir='ltr'><strong>esse</strong></span> <span class='ocrx_word' id='word_1_153' title='bbox 225 2473 333 2543; x_wconf 87' lang='lat' dir='ltr'><strong>certas,</strong></span> <span class='ocrx_word' id='word_1_154' title='bbox 356 2470 387 2524; x_wconf 89' lang='lat' dir='ltr'><strong>et</strong></span> <span class='ocrx_word' id='word_1_155' title='bbox 408 2483 471 2524; x_wconf 89' lang='lat' dir='ltr'><strong>nou</strong></span> <span class='ocrx_word' id='word_1_156' title='bbox 493 2465 598 2543; x_wconf 84' lang='lat' dir='ltr'><strong>augeri</strong></span> <span class='ocrx_word' id='word_1_157' title='bbox 619 2482 673 2524; x_wconf 89' lang='lat' dir='ltr'><strong>eas</strong></span> <span class='ocrx_word' id='word_1_158' title='bbox 697 2466 726 2523; x_wconf 92' lang='lat' dir='ltr'><strong>in</strong></span> <span class='ocrx_word' id='word_1_159' title='bbox 750 2465 885 2525; x_wconf 86' lang='lat' dir='ltr'><strong>caritate.</strong></span> 
     </span>
    </p>
   </div>
   <div class='ocr_carea' id='block_1_5' title="bbox 514 2636 665 2708">
    <p class='ocr_par' dir='ltr' id='par_1_5' title="bbox 514 2636 665 2708">
     <span class='ocr_line' id='line_1_24' title="bbox 514 2636 665 2708; baseline 0.02 -4"><span class='ocrx_word' id='word_1_160' title='bbox 514 2636 665 2708; x_wconf 76' lang='lat' dir='ltr'><strong>Eccius.</strong></span> 
     </span>
    </p>
   </div>
   <div class='ocr_carea' id='block_1_6' title="bbox 132 2799 1057 3637">
    <p class='ocr_par' dir='ltr' id='par_1_6' title="bbox 132 2799 1057 3637">
     <span class='ocr_line' id='line_1_25' title="bbox 198 2799 1055 2880; baseline 0.001 -19"><span class='ocrx_word' id='word_1_161' title='bbox 198 2800 274 2861; x_wconf 79' lang='lat' dir='ltr'><strong>(lum</strong></span> <span class='ocrx_word' id='word_1_162' title='bbox 297 2799 483 2862; x_wconf 89' lang='lat' dir='ltr'><strong>reverendus</strong></span> <span class='ocrx_word' id='word_1_163' title='bbox 506 2799 597 2860; x_wconf 85' lang='lat' dir='ltr'><strong>Pater</strong></span> <span class='ocrx_word' id='word_1_164' title='bbox 617 2800 719 2879; x_wconf 90' lang='lat' dir='ltr'><strong>plures</strong></span> <span class='ocrx_word' id='word_1_165' title='bbox 743 2819 777 2861; x_wconf 91' lang='lat' dir='ltr'><strong>se</strong></span> <span class='ocrx_word' id='word_1_166' title='bbox 798 2799 952 2880; x_wconf 83' lang='lat' dir='ltr'><strong>allegasse</strong></span> <span class='ocrx_word' id='word_1_167' title='bbox 974 2800 1055 2862; x_wconf 82' lang='lat' dir='ltr'><strong>dicat</strong></span> 
     </span>
     <span class='ocr_line' id='line_1_26' title="bbox 132 2882 1055 2963; baseline -0.003 -15"><span class='ocrx_word' id='word_1_168' title='bbox 132 2886 315 2948; x_wconf 86' lang='lat' dir='ltr'><strong>autoritates</strong></span> <span class='ocrx_word' id='word_1_169' title='bbox 326 2886 358 2943; x_wconf 92' lang='lat' dir='ltr'><strong>in</strong></span> <span class='ocrx_word' id='word_1_170' title='bbox 376 2883 560 2944; x_wconf 84' lang='lat' dir='ltr'><strong>resolutorio</strong></span> <span class='ocrx_word' id='word_1_171' title='bbox 584 2889 614 2943; x_wconf 89' lang='lat' dir='ltr'><strong>et</strong></span> <span class='ocrx_word' id='word_1_172' title='bbox 628 2885 819 2963; x_wconf 86' lang='lat' dir='ltr'><strong>exposuisse,</strong></span> <span class='ocrx_word' id='word_1_173' title='bbox 842 2882 983 2961; x_wconf 85' lang='lat' dir='ltr'><strong>vidimus.</strong></span> <span class='ocrx_word' id='word_1_174' title='bbox 1008 2885 1055 2945; x_wconf 82' lang='lat' dir='ltr'><strong>Vi·</strong></span> 
     </span>
     <span class='ocr_line' id='line_1_27' title="bbox 133 2965 1056 3046; baseline -0.003 -15"><span class='ocrx_word' id='word_1_175' title='bbox 133 2970 233 3030; x_wconf 89' lang='lat' dir='ltr'><strong>dimus</strong></span> <span class='ocrx_word' id='word_1_176' title='bbox 258 2984 381 3046; x_wconf 89' lang='lat' dir='ltr'><strong>quoque</strong></span> <span class='ocrx_word' id='word_1_177' title='bbox 401 2966 537 3046; x_wconf 85' lang='lat' dir='ltr'><strong>glossam</strong></span> <span class='ocrx_word' id='word_1_178' title='bbox 553 2984 639 3027; x_wconf 87' lang='lat' dir='ltr'><strong>suam</strong></span> <span class='ocrx_word' id='word_1_179' title='bbox 652 2966 692 3027; x_wconf 89' lang='lat' dir='ltr'><strong>ad</strong></span> <span class='ocrx_word' id='word_1_180' title='bbox 714 2973 830 3028; x_wconf 85' lang='lat' dir='ltr'><strong>textum</strong></span> <span class='ocrx_word' id='word_1_181' title='bbox 853 2965 928 3026; x_wconf 92' lang='lat' dir='ltr'><strong>nihil</strong></span> <span class='ocrx_word' id='word_1_182' title='bbox 941 2966 1056 3041; x_wconf 78' lang='lat' dir='ltr'><strong>lacere,</strong></span> 
     </span>
     <span class='ocr_line' id='line_1_28' title="bbox 134 3049 1055 3133; baseline 0 -21"><span class='ocrx_word' id='word_1_183' title='bbox 134 3052 301 3133; x_wconf 89' lang='lat' dir='ltr'><strong>quodiam</strong></span> <span class='ocrx_word' id='word_1_184' title='bbox 323 3049 530 3110; x_wconf 89' lang='lat' dir='ltr'><strong>ostendemus.</strong></span> <span class='ocrx_word' id='word_1_185' title='bbox 557 3049 625 3110; x_wconf 89' lang='lat' dir='ltr'><strong>Hoc</strong></span> <span class='ocrx_word' id='word_1_186' title='bbox 647 3068 769 3129; x_wconf 86' lang='lat' dir='ltr'><strong>quoque</strong></span> <span class='ocrx_word' id='word_1_187' title='bbox 791 3067 855 3110; x_wconf 91' lang='lat' dir='ltr'><strong>non</strong></span> <span class='ocrx_word' id='word_1_188' title='bbox 877 3051 1055 3131; x_wconf 84' lang='lat' dir='ltr'><strong>accipimus,</strong></span> 
     </span>
     <span class='ocr_line' id='line_1_29' title="bbox 133 3132 1054 3213; baseline -0.002 -16"><span class='ocrx_word' id='word_1_189' title='bbox 133 3139 165 3197; x_wconf 94' lang='lat' dir='ltr'><strong>in</strong></span> <span class='ocrx_word' id='word_1_190' title='bbox 187 3153 276 3198; x_wconf 87' lang='lat' dir='ltr'><strong>sacra</strong></span> <span class='ocrx_word' id='word_1_191' title='bbox 298 3132 453 3212; x_wconf 86' lang='lat' dir='ltr'><strong>Scriptura</strong></span> <span class='ocrx_word' id='word_1_192' title='bbox 475 3132 549 3192; x_wconf 91' lang='lat' dir='ltr'><strong>nihil</strong></span> <span class='ocrx_word' id='word_1_193' title='bbox 571 3133 675 3193; x_wconf 84' lang='lat' dir='ltr'><strong>haberi</strong></span> <span class='ocrx_word' id='word_1_194' title='bbox 698 3133 739 3193; x_wconf 94' lang='lat' dir='ltr'><strong>de</strong></span> <span class='ocrx_word' id='word_1_195' title='bbox 760 3135 950 3213; x_wconf 85' lang='lat' dir='ltr'><strong>purgatorio,</strong></span> <span class='ocrx_word' id='word_1_196' title='bbox 972 3132 1054 3213; x_wconf 87' lang='lat' dir='ltr'><strong>quod</strong></span> 
     </span>
     <span class='ocr_line' id='line_1_30' title="bbox 134 3215 1057 3296; baseline -0.002 -17"><span class='ocrx_word' id='word_1_197' title='bbox 134 3219 247 3279; x_wconf 91' lang='lat' dir='ltr'><strong>dictum</strong></span> <span class='ocrx_word' id='word_1_198' title='bbox 270 3216 393 3296; x_wconf 91' lang='lat' dir='ltr'><strong>quidem</strong></span> <span class='ocrx_word' id='word_1_199' title='bbox 416 3215 542 3276; x_wconf 84' lang='lat' dir='ltr'><strong>Graecis</strong></span> <span class='ocrx_word' id='word_1_200' title='bbox 566 3229 597 3276; x_wconf 88' lang='lat' dir='ltr'><strong>et</strong></span> <span class='ocrx_word' id='word_1_201' title='bbox 617 3215 752 3276; x_wconf 87' lang='lat' dir='ltr'><strong>Picardis</strong></span> <span class='ocrx_word' id='word_1_202' title='bbox 774 3221 857 3276; x_wconf 88' lang='lat' dir='ltr'><strong>esset</strong></span> <span class='ocrx_word' id='word_1_203' title='bbox 877 3215 1057 3291; x_wconf 82' lang='lat' dir='ltr'><strong>favorabile,</strong></span> 
     </span>
     <span class='ocr_line' id='line_1_31' title="bbox 136 3298 1056 3376; baseline -0.004 -11"><span class='ocrx_word' id='word_1_204' title='bbox 136 3322 240 3366; x_wconf 82' lang='lat' dir='ltr'><strong>verum</strong></span> <span class='ocrx_word' id='word_1_205' title='bbox 263 3300 447 3360; x_wconf 87' lang='lat' dir='ltr'><strong>christianae</strong></span> <span class='ocrx_word' id='word_1_206' title='bbox 468 3298 540 3359; x_wconf 86' lang='lat' dir='ltr'><strong>fidei</strong></span> <span class='ocrx_word' id='word_1_207' title='bbox 562 3299 739 3376; x_wconf 89' lang='lat' dir='ltr'><strong>adversum,</strong></span> <span class='ocrx_word' id='word_1_208' title='bbox 761 3307 795 3359; x_wconf 88' lang='lat' dir='ltr'><strong>ut</strong></span> <span class='ocrx_word' id='word_1_209' title='bbox 815 3307 898 3359; x_wconf 89' lang='lat' dir='ltr'><strong>recte</strong></span> <span class='ocrx_word' id='word_1_210' title='bbox 920 3300 1056 3361; x_wconf 82' lang='lat' dir='ltr'><strong>meminit</strong></span> 
     </span>
     <span class='ocr_line' id='line_1_32' title="bbox 133 3381 1056 3462; baseline -0.002 -17"><span class='ocrx_word' id='word_1_211' title='bbox 133 3388 166 3446; x_wconf 92' lang='lat' dir='ltr'><strong>in</strong></span> <span class='ocrx_word' id='word_1_212' title='bbox 188 3384 392 3460; x_wconf 88' lang='lat' dir='ltr'><strong>resolutorio,</strong></span> <span class='ocrx_word' id='word_1_213' title='bbox 414 3381 478 3442; x_wconf 87' lang='lat' dir='ltr'><strong>sed</strong></span> <span class='ocrx_word' id='word_1_214' title='bbox 500 3401 651 3462; x_wconf 88' lang='lat' dir='ltr'><strong>ponamus</strong></span> <span class='ocrx_word' id='word_1_215' title='bbox 673 3383 859 3443; x_wconf 89' lang='lat' dir='ltr'><strong>solutionem</strong></span> <span class='ocrx_word' id='word_1_216' title='bbox 881 3401 969 3443; x_wconf 89' lang='lat' dir='ltr'><strong>suam</strong></span> <span class='ocrx_word' id='word_1_217' title='bbox 994 3385 1056 3443; x_wconf 92' lang='lat' dir='ltr'><strong>uni·</strong></span> 
     </span>
     <span class='ocr_line' id='line_1_33' title="bbox 133 3464 1056 3547; baseline -0.001 -19"><span class='ocrx_word' id='word_1_218' title='bbox 133 3487 204 3529; x_wconf 89' lang='lat' dir='ltr'><strong>cam</strong></span> <span class='ocrx_word' id='word_1_219' title='bbox 226 3466 265 3528; x_wconf 87' lang='lat' dir='ltr'><strong>ad</strong></span> <span class='ocrx_word' id='word_1_220' title='bbox 286 3468 384 3527; x_wconf 87' lang='lat' dir='ltr'><strong>aciem</strong></span> <span class='ocrx_word' id='word_1_221' title='bbox 409 3464 463 3547; x_wconf 84' lang='lat'><strong>¹),</strong></span> <span class='ocrx_word' id='word_1_222' title='bbox 497 3484 558 3544; x_wconf 88' lang='lat' dir='ltr'><strong>qua</strong></span> <span class='ocrx_word' id='word_1_223' title='bbox 579 3464 672 3544; x_wconf 90' lang='lat' dir='ltr'><strong>dicit,</strong></span> <span class='ocrx_word' id='word_1_224' title='bbox 701 3464 835 3525; x_wconf 88' lang='lat' dir='ltr'><strong>adducta</strong></span> <span class='ocrx_word' id='word_1_225' title='bbox 855 3464 932 3526; x_wconf 92' lang='lat' dir='ltr'><strong>nihil</strong></span> <span class='ocrx_word' id='word_1_226' title='bbox 952 3464 1056 3527; x_wconf 83' lang='lat' dir='ltr'><strong>lacere</strong></span> 
     </span>
     <span class='ocr_line' id='line_1_34' title="bbox 135 3548 1056 3637; baseline -0.001 -25"><span class='ocrx_word' id='word_1_227' title='bbox 135 3551 176 3612; x_wconf 91' lang='lat' dir='ltr'><strong>ad</strong></span> <span class='ocrx_word' id='word_1_228' title='bbox 199 3551 399 3633; x_wconf 88' lang='lat' dir='ltr'><strong>propositum,</strong></span> <span class='ocrx_word' id='word_1_229' title='bbox 422 3567 513 3626; x_wconf 86' lang='lat' dir='ltr'><strong>quam</strong></span> <span class='ocrx_word' id='word_1_230' title='bbox 536 3551 687 3610; x_wconf 88' lang='lat' dir='ltr'><strong>concinne</strong></span> <span class='ocrx_word' id='word_1_231' title='bbox 709 3548 878 3629; x_wconf 87' lang='lat' dir='ltr'><strong>respondit.</strong></span> <span class='ocrx_word' id='word_1_232' title='bbox 923 3548 1056 3637; x_wconf 78' lang='lat' dir='ltr'><strong>Aposto</strong></span> 
     </span>
    </p>
   </div>
   <div class='ocr_carea' id='block_1_7' title="bbox 173 3804 912 3880">
    <p class='ocr_par' dir='ltr' id='par_1_7' title="bbox 173 3804 912 3880">
     <span class='ocr_line' id='line_1_35' title="bbox 173 3804 912 3880; baseline -0.005 -14"><span class='ocrx_word' id='word_1_233' title='bbox 173 3811 205 3880; x_wconf 83' lang='lat'><strong>1)</strong></span> <span class='ocrx_word' id='word_1_234' title='bbox 225 3810 365 3865; x_wconf 88' lang='lat' dir='ltr'><strong>Loescher</strong></span> <span class='ocrx_word' id='word_1_235' title='bbox 377 3810 460 3861; x_wconf 79' lang='lat' dir='ltr'><strong>refert</strong></span> <span class='ocrx_word' id='word_1_236' title='bbox 480 3824 516 3861; x_wconf 87' lang='lat' dir='ltr'><strong>ex</strong></span> <span class='ocrx_word' id='word_1_237' title='bbox 536 3806 596 3862; x_wconf 83' lang='lat' dir='ltr'><strong>cod.</strong></span> <span class='ocrx_word' id='word_1_238' title='bbox 616 3807 697 3859; x_wconf 82' lang='lat' dir='ltr'><strong>MSo:</strong></span> <span class='ocrx_word' id='word_1_239' title='bbox 717 3804 753 3858; x_wconf 87' lang='lat' dir='ltr'><strong>ad</strong></span> <span class='ocrx_word' id='word_1_240' title='bbox 773 3821 875 3861; x_wconf 78' lang='lat' dir='ltr'><strong>arcem.</strong></span> <span class='ocrx_word' id='word_1_241' title='bbox 907 3852 912 3861; x_wconf 95' lang='lat'><em>.</em></span> 
     </span>
    </p>
   </div>
   <div class='ocr_carea' id='block_1_8' title="bbox 0 0 1197 4208">
    <p class='ocr_par' dir='ltr' id='par_1_8' title="bbox 0 0 1197 4208">
     <span class='ocr_line' id='line_1_36' title="bbox 0 0 1197 4208; baseline 0 0"><span class='ocrx_word' id='word_1_242' title='bbox 0 0 1197 4208; x_wconf 95' lang='lat' dir='ltr'><strong> </strong></span> 
     </span>
    </p>
   </div>
  </div>
 </body>
</html>
