2346 4208
128 257 195 322 no
419 257 932 329 mm

127 446 160 505 'm
180 443 377 504 annot-tione
394 444 620 507 ammentali.
640 462 733 522 qnam
752 443 912 520 eontritio,
932 442 1048 522 etipsa

127 527 197 589 roh
218 529 293 587 satir
314 539 377 604 est,
398 527 546 606 quidquid
566 529 607 586 sit
627 527 668 587 de
687 527 891 605 contritione,
924 533 1048 603 tantum,

127 612 236 690 inquit,
256 609 365 688 habea,
385 622 534 690 qnantum
554 611 665 671 eredis

210 693 357 755 Addenn:
382 694 448 754 lmo
461 706 530 754 esto
543 714 601 773 per
609 693 813 773 impossibiie,
832 692 920 772 quod
933 691 1051 754 sontes

128 797 183 840 snt
203 797 267 837 non
289 779 331 836 rit
350 780 515 853 contritus,
541 788 594 837 ant
614 777 761 837 noerdos
780 796 848 838 non
866 777 969 855 serio,
998 773 1051 835 sed

128 865 202 922 ioeo
222 860 375 937 abwlrat³
396 863 423 920 si
446 874 549 920 tamen
569 859 675 921 aedat
695 880 731 921 se
751 860 941 938 abnolntrrm,
961 859 1051 920 reti*
1092 859 1097 865 ’

128 946 206 1005 sime
226 954 277 1004 est
296 944 466 1004 absolutas

213 1026 254 1086 Et
273 1027 353 1086 infra
373 1027 462 1086 dicit:
494 1025 597 1100 Quare
629 1029 729 1106 magis
761 1037 808 1086 est
844 1047 865 1086 a
886 1025 1053 1087 oonfitonte

130 1109 367 1189 requirendum,
401 1130 441 1169 an
474 1110 581 1169 eredat
607 1128 642 1169 se
668 1110 806 1187 ahsolri,
837 1129 934 1189 qnam
955 1129 998 1169 an
1017 1110 1054 1167 rit

130 1212 204 1254 rere
223 1193 394 1253 munitus?

213 1276 302 1352 Item,
321 1275 404 1336 idem
426 1295 576 1356 expresse
597 1275 672 1335 dicit
694 1276 733 1336 de
754 1295 921 1337 aooessmo
944 1275 985 1336 ad
1007 1293 1056 1335 re·

132 1358 270 1419 nerabite
292 1368 517 1420 sacramentnm
539 1359 760 1438 eucharistiae,
791 1362 824 1419 in
850 1378 999 1421 sermone
1018 1357 1056 1418 de

133 1444 372 1523 praeparatione
393 1442 434 1501 ad
455 1442 680 1502 eucharistiam.

217 1525 374 1605 Improbat
405 1527 498 1586 etiam
530 1525 656 1585 modum
679 1526 877 1586 examinandi
899 1526 1057 1587 oonsoion

134 1611 212 1670 tiam
235 1620 344 1670 contra
365 1628 408 1668 e:
440 1608 539 1683 Quem
561 1611 668 1690 poeni.
699 1619 731 1670 et
751 1629 906 1670 oenonem
929 1607 1057 1670 Consilii

134 1693 306 1773 generalis,
339 1695 371 1752 in
395 1714 438 1754 e:
474 1692 582 1752 Omnia
604 1695 761 1772 utriusque
781 1714 893 1772 sexus,
925 1691 967 1752 de
989 1710 1056 1772 poe.

133 1783 168 1836 et
185 1795 230 1838 re.

217 1859 308 1919 cirea
320 1859 565 1920 confessionem:
587 1858 657 1918 Non
678 1868 750 1919 sunt
764 1858 946 1919 confitenda
958 1859 1059 1919 omnia

138 1942 291 2021 mortalia,
302 1944 374 2021 quia
387 1941 580 2021 impossibile
591 1952 650 2020 est,
662 1950 694 2001 nt
708 1945 813 2002 omnia
827 1943 976 2003 mortalia
989 1959 1057 2021 nog-

136 2025 981 2170 ”⁰⁸⁰i⁸ts{⁶n³mffii⁸ii¹}3iiss⁰fflii⁰„iffi
1022 2107 1047 2168 s

138 2193 243 2252 mitiva
265 2127 398 2252 ecclesi}
420 2190 661 2269 confitebantur,
687 2194 774 2252 iuxta
794 2192 870 2252 illud
892 2127 1057 2273 Apostgti:

138 2275 303 2334 Manifesta
325 2284 394 2334 eunt
418 2294 513 2354 opera
534 2277 644 2334 earnis.
861 2279 883 2304 ⁸

220 2357 261 2416 Et
282 2357 321 2417 de
342 2357 460 2417 accidia
482 2357 569 2418 dicit:
598 2358 713 2418 Nescio
735 2378 776 2418 nn
797 2361 838 2418 sit
858 2361 969 2419 vitium
992 2376 1058 2417 oon·

138 2438 301 2518 mendum,
330 2441 423 2500 oredo
447 2440 530 2519 quod
552 2460 630 2519 non,
659 2444 730 2520 qnia
752 2451 800 2501 est
820 2442 992 2522 spiritualis
1013 2441 1058 2500 de

138 2523 252 2600 sectus,
286 2525 353 2584 Deo
376 2525 452 2600 soli,
490 2526 541 2603 qni
563 2532 596 2585 et
627 2526 711 2585 solus
733 2525 775 2585 ibi
809 2526 928 2586 mederi
950 2531 1059 2605 potest,

138 2607 331 2687 aperiendus.

220 2690 297 2750 Item
321 2690 393 2750 alibi
416 2689 502 2749 dicit:
526 2689 593 2749 Etsi
616 2710 678 2750 non
701 2693 740 2751 sit
760 2692 971 2752 necessarium
995 2708 1060 2751 oon

140 2771 219 2831 fiteri
243 2773 411 2851 sacerdoti,
440 2775 465 2831 si
488 2773 609 2832 fratrem
633 2793 696 2834 non
719 2776 917 2834 excusaveris
940 2791 1059 2834 aeonia·

139 2862 215 2933 tnm,
228 2856 385 2917 foedatum
394 2856 473 2916 falso
486 2857 674 2935 testimonio,
690 2877 871 2938 oppressum
883 2857 1060 2918 adulatione

143 2937 192 2998 vel
214 2939 420 3018 detractione,
450 2939 529 2998 forte
562 2949 737 3020 contentus,
773 2942 856 3020 quod
885 2949 920 3000 tu
942 2960 1008 3002 non
1028 2957 1061 3001 et

140 3020 266 3102 feceris,
309 3033 391 3084 oerte
415 3042 518 3082 eoram
541 3024 608 3083 Deo
641 3027 779 3104 argueris
800 3044 871 3084 reus
892 3032 958 3084 tam
982 3021 1061 3105 impii

141 3104 269 3183 silentii,
292 3114 322 3166 et
344 3107 424 3165 male
446 3108 570 3166 otiantis
592 3106 729 3187 linguae,
753 3127 831 3187 qnae
852 3110 884 3167 in
907 3108 992 3169 hano
1012 3108 1061 3168 fra·

143 3188 196 3248 trie
219 3191 260 3248 tui
282 3191 499 3249 necessitatem
521 3190 573 3250 tibi
597 3190 671 3250 data
691 3200 747 3252 est.

225 3269 314 3332 Circa
336 3292 409 3332 vero
438 3273 680 3333 satisfactionem
709 3275 796 3335 dicit:
834 3275 920 3353 quod
950 3275 1060 3336 nnllam

142 3373 276 3434 poenam
298 3357 394 3436 exigit
416 3356 499 3415 Deus
520 3358 649 3416 remissa
672 3359 778 3438 eulpa,
804 3376 897 3436 qnam
921 3358 1062 3421 eaoerdos

142 3439 242 3518 possit
263 3439 371 3498 tollere
392 3439 441 3498 vel
465 3441 618 3515 minuere,
642 3444 714 3519 quia
741 3442 810 3501 talis
833 3460 941 3520 poena
962 3461 1061 3504 seoun

143 3519 214 3582 dum
238 3521 371 3583 divinam
394 3524 539 3582 iustitiam
563 3522 665 3583 debita
688 3525 772 3585 nulla
793 3533 856 3602 est,
891 3534 947 3585 ant
968 3529 997 3588 si
1017 3524 1061 3586 ali·

144 3607 275 3682 quasit,
297 3625 359 3665 non
383 3613 485 3685 potest
498 3605 537 3666 ab
552 3606 678 3667 homine
701 3608 778 3686 tolli,
800 3611 882 3688 quia,
906 3618 942 3670 nt
962 3611 1059 3692 inquit,

143 3685 204 3748 hoo
225 3697 309 3748 esset
329 3698 447 3749 mutare
467 3691 515 3749 iun
537 3690 685 3754 divinum.

227 3770 317 3831 Circa
338 3772 483 3833 mandata
502 3773 560 3833 Dei
582 3774 669 3834 dicit:
704 3775 787 3843 Deus
809 3775 888 3856 ligat
909 3777 1058 3841 hominen
