2346 4208
235 263 305 320 Acta
319 263 406 321 dead.
426 265 528 322 chan.
549 272 647 322 contra
665 267 697 322 Μ.
717 266 796 324 Loth.
914 263 976 333 309

55 456 158 517 fessor
178 454 394 535 lovaniensis,
420 458 470 536 qui
493 457 615 538 saepius
639 457 785 537 epistolas
807 456 847 517 ad
868 456 976 518 Luthe·

56 559 123 600 rum
161 538 254 602 dabat
279 540 335 616 (cs.
369 539 456 600 Luth.
485 541 561 620 Epp.
598 539 645 603 ed.
668 540 765 601 Auris.
787 539 810 618 l,
833 541 902 606 253.
938 539 977 601 de

56 622 163 682 Wette
185 621 248 702 lp.
271 622 356 704 432),
379 643 449 683 eum
472 625 697 702 conscripserit.
741 621 977 687 Seclreudorfius

59 703 109 788 (in
133 705 209 765 Hist.
228 705 349 767 Luther.
372 707 384 766 l
409 707 484 781 §.81
509 726 538 786 p.
562 704 639 789 125)
652 708 876 769 Praelationem
889 706 977 766 huius

57 787 154 848 libelli
175 795 320 868 tanquam
343 808 361 848 a
383 789 514 849 Luthero
544 791 748 870 compositam
771 789 809 850 ad
831 789 977 849 Aloandri

58 890 161 932 mores
184 871 405 934 describendos
427 871 523 934 affert.

141 954 206 1015 Nos
239 962 354 1015 textum
391 957 588 1036 repetivimus
622 975 661 1016 ex
694 955 765 1016 edit.
789 956 867 1036 Opp.
891 954 977 1015 Luth.

59 1038 188 1098 lenensi
209 1058 237 1097 a.
262 1041 357 1116 1556,
380 1039 430 1099 ubi
452 1040 605 1100 invenitur
619 1039 734 1099 Toml
757 1059 786 1119 p.
809 1040 878 1103 496.
900 1037 979 1098 Red-

58 1119 139 1180 ditur
160 1120 220 1180 hoc
242 1122 387 1202 seriptum
409 1122 502 1182 latine
524 1123 615 1182 etiam
644 1123 674 1181 in
697 1121 766 1181 coll.
790 1121 868 1202 Opp.
890 1121 978 1180 Luth.

59 1203 204 1263 Wittenb.
228 1203 274 1280 ll,
308 1225 337 1284 p.
359 1207 414 1283 35,
448 1205 623 1286 germanice
651 1206 681 1264 in
705 1204 775 1265 coll.
800 1203 919 1266 Walch.
942 1204 977 1266 T.

56 1286 114 1348 XV
138 1306 167 1367 p.
192 1287 270 1350 1582
294 1305 357 1366 sqq.

80 1535 167 1602 Aeta
188 1535 376 1602 Academiae
397 1536 608 1603 chanlonsis
631 1536 743 1602 contra
765 1490 947 1602 lutherum.

313 1671 491 1732 Candido
513 1671 674 1732 Lectori
697 1670 726 1733 S.
780 1765 782 1772 Ι

142 1869 246 1949 Nova,
269 1890 347 1950 quae
370 1889 451 1931 nunc
472 1877 561 1949 sunt,
583 1879 616 1932 ut
637 1871 771 1930 omnium
794 1871 920 1931 interest
942 1889 980 1930 ea

55 1955 194 2015 maxime
216 1960 291 2015 nota
302 1973 382 2032 esse,
403 1953 511 2016 lubens
522 1973 686 2035 exponam.
731 1954 825 2013 Venit
847 1953 894 2012 his
917 1953 979 2014 die-

54 2037 115 2098 bus
137 2037 341 2117 Hieronymus
364 2037 534 2115 Alcander,
569 2039 615 2097 vir
640 2057 696 2097 sua
717 2037 864 2117 opinione
885 2036 980 2116 longe

55 2121 228 2197 maximus,
254 2139 317 2180 non
339 2121 438 2181 solum
462 2127 587 2201 propter
611 2121 746 2200 linguas,
769 2121 845 2198 quas
868 2120 979 2179 eximie

56 2203 169 2279 callet,
198 2202 348 2282 siquidem
370 2203 492 2264 Ebraea
512 2204 555 2263 illi
578 2203 743 2263 vernacula
764 2209 827 2280 est,
860 2201 980 2262 Graeca

55 2306 77 2346 a
99 2305 195 2366 puero
217 2285 260 2345 illi
285 2287 415 2361 coaluit,
450 2287 556 2348 Leone
587 2294 687 2346 autem
724 2286 828 2347 didicit
864 2285 980 2346 diutina

55 2369 263 2450 professione,
286 2369 340 2428 sed
364 2371 455 2430 etiam
479 2369 624 2429 mirabilis
646 2369 702 2429 sibi
726 2369 845 2429 videtur
867 2368 906 2428 ob
929 2388 980 2427 an·

56 2453 230 2531 tiquitatem
252 2453 380 2532 generis.
426 2451 504 2511 Nam
526 2450 656 2511 Iudaeus
687 2459 862 2528 natusest,
901 2471 980 2530 quae

56 2553 137 2617 gens
160 2533 323 2595 immodice
356 2535 503 2614 gloriatur
530 2533 568 2602 de
590 2534 745 2594 Abraham
775 2535 979 2595 vetustissimo

58 2637 94 2678 se
123 2618 270 2698 originem
302 2617 422 2677 ducere.
466 2618 514 2676 An
543 2635 618 2677 vero
640 2617 809 2695 baptisatus
837 2618 894 2693 sit,
929 2635 980 2675 ne·

58 2701 164 2761 scitur·
208 2701 331 2761 Certum
354 2709 401 2760 est
423 2720 490 2760 eum
514 2720 576 2760 non
599 2718 666 2759 esse
681 2699 887 2776 Pharisaeum,
909 2700 981 2777 quia

57 2802 124 2844 non
142 2782 243 2849 credit
263 2785 517 2844 resurrectionem
536 2789 741 2860 mortuorum,
771 2784 915 2862 quoniam
937 2783 981 2841 vi·

57 2868 103 2926 vit
125 2866 251 2945 perinde
273 2874 364 2946 atque
386 2885 453 2926 oum
485 2885 616 2946 corpore
643 2866 682 2925 sil
715 2872 796 2926 totus
818 2868 979 2946 periturus,

58 2949 140 3010 adeo
163 2949 277 3009 nullum
301 2969 320 3009 a
349 2969 382 3010 se
404 2969 530 3029 pravum
553 2948 693 3009 affectum
727 2947 893 3009 abstinens.
926 2948 980 3009 Us-

60 3050 121 3111 que
142 3030 180 3091 ad
214 3033 363 3093 insaniam
387 3032 548 3094 iracundus
571 3038 635 3109 est,
674 3032 780 3110 quavis
816 3032 980 3091 occasione

59 3117 181 3192 furens,
210 3116 389 3194 impotentis
410 3117 619 3196 arrogantiae,
642 3116 789 3175 avaritiae
812 3113 978 3193 inexplebi-

61 3198 116 3273 lis,
138 3198 289 3259 nefandae
310 3197 444 3258 libidinis
466 3210 496 3257 et
517 3198 718 3275 immodicae,
742 3216 892 3257 summum
915 3197 979 3277 glo-

59 3282 125 3341 riae
147 3282 347 3360 mancipium,
371 3300 543 3360 quonquam
568 3280 699 3359 mollior,
722 3300 811 3360 quam
837 3281 887 3359 qui
910 3297 979 3360 pos·

61 3365 102 3424 sit
124 3364 281 3424 elaborato
305 3364 375 3424 stilo
398 3365 526 3445 gloriam
550 3384 677 3444 parare,
700 3372 731 3424 et
752 3366 855 3443 peior,
888 3381 977 3441 quam

62 3448 114 3526 qui
137 3446 185 3506 vel
209 3453 337 3507 conatur
357 3448 387 3507 iu
411 3455 591 3528 argumento
614 3446 755 3508 honesto.

144 3529 187 3589 At
208 3547 246 3589 nc
282 3531 471 3605 nesciamus,
506 3532 598 3590 cessit
628 3531 804 3590 felicissime
838 3527 980 3589 simulata

62 3612 194 3673 defectio
218 3611 256 3672 ad
280 3612 478 3673 Christianos.
501 3613 616 3674 Nactus
640 3615 720 3675 euim
739 3615 783 3672 sic
805 3619 852 3671 est
873 3629 979 3670 ansam

60 3694 232 3756 illustrandi
253 3695 330 3756 Mcsi
358 3697 405 3755 sui
442 3705 471 3755 et
501 3696 683 3757 obscurandi
708 3695 817 3758 Christi
840 3695 979 3774 gloriam,
1088 3706 1092 3715 “

61 3798 142 3861 quae
163 3778 224 3840 hcc
256 3779 361 3840 seculo
395 3780 499 3858 acepit
526 3779 741 3857 reflorescere,
777 3776 979 3839 flaccescente
