2346 4208
348 259 400 314 pro
419 245 622 301 Laborantibus
641 249 669 300 st
687 244 824 304 Oneratis.
986 241 1049 310 129

147 466 276 547 Oaput
297 467 363 529 Vll.
386 467 430 528 de
452 473 609 549 spectro
632 468 820 549 septimo,
843 458 947 548 quod
969 475 1029 530 est

226 550 368 612 bonum
391 570 617 632 supernum,
639 570 706 612 scu
728 569 841 631 supra
862 570 941 614 nos.

206 686 289 746 Nihil
318 687 357 748 de
387 688 520 747 aeternis
548 693 579 746 et
608 683 793 749 coelestibus
815 685 905 749 bonis
926 687 1048 768 loquor,

123 767 235 848 quibus
259 769 341 831 beati
362 770 528 831 fruuntur
521 789 551 829 ιιι
575 771 694 831 visione
716 771 800 831 clare
821 771 894 848 Dei,
916 777 968 830 aut
990 771 1049 831 sel-

122 860 186 913 tem
215 853 254 914 de
282 855 327 914 eis
354 854 384 914 in
414 853 476 913 fide
505 853 698 932 loquor,et
666 873 786 933 equa
812 854 932 914 ratione
958 853 1048 915 nobie

122 942 256 1017 possunt
286 956 355 997 esse
383 936 684 1016 comprehensibilia.
728 937 774 998 lta
801 928 863 997 h'cc
884 939 1048 1017 septimum

122 1026 278 1098 spectrum
306 1027 355 1080 est
377 1021 458 1080 lesus
488 1018 589 1080 Christ
577 1028 624 1080 tus
655 1038 711 1081 rex
738 1020 856 1100 gloriae
884 1038 1048 1102 resurgens

123 1120 167 1162 ex
184 1103 321 1183 mortuis,
344 1104 422 1163 sicut
442 1101 524 1162 idem
546 1102 602 1163 fuit
623 1105 786 1183 septimum
808 1109 961 1183 spectrum
986 1120 1049 1164 ma·

124 1183 224 1245 lorum
248 1205 367 1266 passus,
389 1186 523 1247 moriens
546 1193 576 1247 et
599 1186 746 1266 sepultus
773 1185 831 1246 Hic
849 1187 954 1247 videre
977 1187 1049 1247 licet

123 1287 274 1328 summum
305 1269 407 1330 cordis
442 1269 540 1330 nostri
567 1269 713 1368 gaudium
741 1277 772 1330 et
799 1270 921 1331 stabilia
949 1269 1047 1331 bona:

124 1351 200 1412 nihil
222 1352 272 1413 bic
295 1372 422 1433 prorsus
443 1352 607 1428 malorum,
630 1354 703 1432 quia
724 1351 862 1414 Christus
884 1371 1047 1434 resurgens

122 1453 164 1495 ex
192 1438 319 1496 mortuis
352 1437 413 1495 iam
444 1454 507 1495 non
529 1440 670 1517 moritur,
702 1454 784 1497 mors
810 1436 855 1496 illi
882 1437 963 1497 ultrs
983 1454 1046 1497 non

123 1516 340 1582 dominabitur
370 1518 496 1579 Hict
448 1525 496 1579 est
517 1521 654 1579 caminus
677 1519 813 1579 caritatis
836 1519 897 1579 et
888 1521 968 1600 rgnis
990 1519 1048 1579 Dei

123 1603 154 1661 in
177 1599 271 1679 Zion,
302 1608 335 1662 ut
362 1600 420 1662 lsa
449 1599 583 1684 dicim),
606 1602 742 1662 Christus
773 1602 853 1661 enim
883 1611 972 1662 natus
1002 1609 1049 1663 est

123 1684 229 1764 nobis,
260 1703 321 1746 non
350 1684 450 1745 solum
479 1693 597 1764 autem,
626 1685 679 1744 sed
708 1691 740 1745 et
767 1683 856 1745 datus
878 1692 927 1745 est
947 1685 1047 1746 nobis.

123 1766 228 1843 Quare
242 1770 425 1828 resurrectio
445 1770 511 1828 eius
533 1787 604 1828 msa
625 1774 682 1847 est,
704 1775 737 1828 et
756 1769 870 1846 omnia,
893 1786 972 1848 quae
994 1787 1049 1847 per

123 1853 381 1913 resurrectionem
404 1871 490 1911 suam
514 1859 658 1931 operetus
680 1858 735 1912 est.
779 1851 819 1911 Et
843 1849 896 1934 (ut
912 1851 1047 1933 Aposto-

123 1934 170 1994 lus
200 1935 288 1998 Rom.
317 1937 344 2000 8.
377 1933 650 1995 exuberantissime
678 1932 861 2016 gloriatur),
890 1933 1047 2013 quomodo

121 2032 187 2078 non
211 2019 315 2078 omnis
336 2016 427 2079 nobis
449 2016 578 2078 donavit
600 2037 668 2079 cum
690 2017 764 2079 illo?

207 2099 287 2176 Quid
318 2108 420 2162 autem
450 2108 595 2181 operatus
617 2108 665 2162 est
692 2100 904 2182 resurgendo?
934 2117 1073 2181 nempe¹

123 2191 285 2265 peccatum
322 2184 487 2261 destruxit
461 2186 668 2245 tinstitiem
703 2185 876 2263 suscitavit,
916 2190 1045 2244 mortem

124 2269 297 2348 absumpsit
319 2275 351 2328 et
372 2269 466 2327 vitam
488 2267 630 2350 reddidit,
651 2268 803 2328 infernum
824 2270 961 2346 visitet
983 2267 1047 2347 glo·

124 2353 201 2411 riam
215 2353 442 2431 sempiternom
465 2348 603 2412 contulit.
643 2351 729 2411 Haec
751 2353 850 2412 sunt
842 2359 943 2411 maest
931 2348 1047 2411 timabi-

123 2434 175 2510 lia,
197 2435 240 2494 ita
257 2444 289 2494 ut
308 2454 394 2494 mens
416 2434 550 2494 hominis
572 2436 624 2495 vix
646 2434 760 2494 audeat
783 2454 820 2495 ea
842 2434 968 2495 credere
990 2433 1047 2494 sibi

124 2517 241 2578 donata
269 2538 353 2596 esse,
381 2518 465 2577 velut
494 2516 586 2578 lncob
614 2515 711 2580 Gens
739 2519 795 2595 45,
829 2537 897 2578 cunr
929 2516 1049 2578 audiret

123 2599 220 2661 fllium
250 2620 338 2661 suum
360 2601 471 2680 loseph
499 2620 629 2681 regnare
650 2602 681 2660 in
703 2601 865 2696 Aegypto,
895 2601 982 2679 quasi
1008 2600 1047 2661 de

123 2685 210 2765 gravi
228 2702 338 2745 somno
357 2685 506 2763 evigilans
532 2703 594 2744 non
619 2683 765 2743 credebat
787 2684 845 2762 eis,
864 2684 966 2745 donec
986 2679 1047 2743 illis

121 2768 332 2864 repetentibus
373 2769 477 2827 omnio
516 2768 652 2847 plaustra
691 2784 815 2845 quoque
849 2765 1048 2827 ostenderent

124 2852 219 2910 missa
240 2850 395 2930 eloseph.
429 2850 474 2910 lta
495 2869 568 2910 vere
590 2848 715 2910 difficile
738 2855 785 2909 est
806 2849 941 2927 credere,
963 2855 1048 2910 tenta

123 2934 207 2996 bona
230 2934 319 2995 nobis
342 2933 476 3013 indignis
497 2935 527 2993 in
552 2933 673 2994 Christo
696 2932 825 3009 collate,
856 2933 915 2992 nisi
945 2933 1046 2992 mul-tis

122 3017 240 3097 verbis,
270 3037 308 3078 ac
335 3025 368 3077 ut
395 3016 498 3077 multis
522 3016 774 3097 epperetionibns
797 3035 867 3076 sese
889 3015 1046 3096 discipulis

123 3100 341 3177 manifestavit,
362 3102 406 3160 ite
430 3119 487 3160 nce
508 3100 642 3179 tandem,
667 3100 750 3160 velut
763 3099 918 3180 plaustris,
940 3119 996 3159 usu
1016 3107 1048 3158 et

122 3186 314 3265 experientia
336 3184 447 3244 doceet
469 3185 512 3243 ita
534 3184 667 3248 credere.

207 3268 379 3329 Plaustrum
409 3286 484 3326 sane
516 3274 563 3327 est
585 3269 815 3345 suavissimum,
844 3265 925 3346 quod
948 3265 1046 3326 fectus

122 3357 172 3411 est
193 3351 282 3412 nobis
305 3351 430 3428 iustitie,
453 3349 667 3428 sanctificatio,
690 3350 873 3430 redemptis,
896 3349 1047 3429 sapientis

122 3455 142 3494 a
165 3434 249 3512 Dec,
278 3442 321 3494 ιιι.
346 3437 373 3496 1.
399 3434 469 3494 Cor.
494 3438 520 3496 1.
545 3434 715 3512 Apostolus
745 3433 832 3493 dicit:
867 3432 935 3512 Ego
965 3434 1046 3491 enim
1157 3497 1159 3501 ,

196 3692 227 3753 ‘l
249 3693 313 3744 lsai.
336 3691 378 3744 31.
416 3690 467 3742 lea.
487 3689 512 3744 9.

151 3797 244 3837 Lutberi
259 3807 309 3845 opp.
325 3796 351 3834 V.
363 3796 389 3834 Α.
404 3795 433 3833 ad
446 3795 487 3833 ref.
501 3794 551 3832 bist.
565 3793 580 3831 l.
595 3803 613 3841 p.
631 3791 679 3832 Vol.
691 3792 729 3832 lV·
847 3760 866 3820 9
