2346 4208
121 245 165 312 40
332 247 489 316 Disputatio
501 240 731 340 mipsiu‘svitxtbita
749 261 773 298 a.
795 242 859 297 xlx

118 437 165 496 ias
193 435 223 496 in
254 434 315 496 hnc
337 440 425 496 totus·
442 440 511 514 ect3¹
536 440 570 495 ut
597 433 870 496 asserooooiltbst
890 434 1043 496 ecelesiae
1069 402 1090 453 ⁰

108 536 207 580 'suum
227 523 330 598 caput
359 524 391 579 et
424 517 739 598 suam-episcopum,
776 535 838 599 iper
854 517 1045 600 suffragium

118 602 227 684 plebis,
250 608 284 662 et
301 601 446 663 iudicium
466 602 874 682 vicinorumopisooporom
897 600 1044 665 ordinari.-

117 685 255 764 Idcoque
277 685 303 744 si
325 689 382 760 est,
404 691 438 744 ut
451 683 489 747 D.
512 685 548 746 D.
575 684 692 766 allegat
714 690 822 746 contra
841 684 1044 762 Novatianos,

120 769 159 830 ds
176 768 327 830 Cornelio
349 767 438 843 dico,
476 771 592 829 certum
607 774 663 829 -sst
685 786 756 829 enm
775 769 910 830 locutum
934 767 981 828 ds'
996 786 1044 828 ca·

119 854 184 933 pite
205 851 293 912 Rom.
317 851 488 930 Ecclesiae,
511 871 574 912 non
596 846 779 912 universalis
801 852 961 912 ecclesiae:
1047 860 1050 865 '

126 980 129 985 -
201 935 277 996 Item
299 941 332 994 et
358 934 434 995 illud
457 933 641 1014 confutavit,
671 935 754 1014 quod
777 934 948 1016 Cyprianus
970 934 1045 996 (ior-
1081 968 1086 978 ·

41 1070 43 1076 ,
119 1018 235 1079 nsiium
257 1036 380 1098 semper
400 1018 569 1098 compellat
596 1017 735 1096 fratrem,
763 1036 917 1098 nunqnam
941 1023 1044 1079 autam

120 1101 294 1179 dominum,
321 1107 356 1161 ut
378 1119 460 1161 nunc
481 1102 620 1182 episcopi
637 1102 771 1181 iaciunt,
793 1108 947 1181 ponentes
968 1100 1045 1161 nala

120 1184 214 1244 tivum
248 1185 314 1244 sine
347 1185 540 1245 correlative.
591 1184 728 1262 Obicoit,
763 1183 845 1263 quod
879 1191 911 1245 et
929 1185 1046 1245 ¹Petras

120 1266 282 1348 apostolos
304 1263 446 1328 habuerit
464 1262 657 1351 frutices-ot}
685 1275 787 1331 temen
811 1273 904 1348 caput
926 1275 957 1328 et
980 1287 1046 1328 ver-

121 1357 174 1411 tex
196 1350 411 1431 apostolorum
432 1351 540 1429 inerit,
561 1352 648 1412 iuxta
670 1351 863 1432 Dionysium.
906 1351 1045 1432 Respon-

120 1433 196 1494 deo:
240 1433 272 1494 Si
293 1435 408 1514 potsn't
430 1434 571 1515 egregius
594 1433 632 1501 D.
654 1433 692 1497 D.
715 1434 857 1514 probare,
885 1434 968 1514 qnod
990 1433 1044 1494 Pc-

119 1523 183 1577 trus
210 1533 346 1597 unquam
375 1537 470 1602 unum
502 1516 716 1597 apostolorum
745 1517 945 1599 ordinaverit,
981 1517 1044 1577 imo

120 1618 213 1660 unum
236 1618 276 1659 ex
303 1601 500 1680 septuaginta
521 1600 696 1680 discipulis,
726 1607 779 1661 aut
805 1599 903 1688 ulium!
922 1600 1044 1661 illorum

67 1749 72 1754 ⁸
120 1696 254 1762 nuquam
276 1683 409 1760 miserit,
432 1683 510 1743 cedo
533 1684 654 1760 omnia,
688 1690 719 1743 et
746 1684 819 1745 volo
843 1701 913 1744 esse
935 1683 1045 1747 victus.

123 1765 153 1826 Si
176 1771 278 1826 autem
303 1785 362 1847 ego
384 1765 574 1847 probavero,
610 1765 693 1844 quod
722 1786 762 1827 ne
776 1782 898 1827 omnes
921 1765 1044 1845 quidem

122 1848 257 1928 apostoli
284 1850 441 1929 potuerint
472 1868 566 1909 unum
600 1849 812 1928 apostolorum
848 1844 969 1910 mittere
996 1849 1045 1909 vai

123 1931 282 2012 ordinare,
312 1950 406 2012 rogo,
435 1928 587 1992 concedat
612 1931 702 2010 mihin,
736 1933 829 1993 Petro
852 1931 927 1992 nihii
950 1933 1045 1992 fuisse

121 2015 284 2094 potestatis
308 2033 400 2094 snper
428 2020 548 2074 ceteros
580 2015 751 2099 apostolos.
795 2015 864 2091 Quo
898 2017 1044 2095 sequitur,

123 2097 219 2158 multo
254 2097 354 2157 minus
388 2098 550 2176 potestatis
590 2116 660 2158 esse
693 2100 844 2180 episcopo
872 2099 1045 2159 successori

54 2246 58 2255 r
121 2181 212 2241 Petro
236 2199 330 2259 super
351 2181 535 2260 episcopos,
566 2198 763 2242 successores
776 2187 947 2243 ceterorum
969 2200 1044 2263 apo·

119 2263 281 2324 stolorum.
573 2270 577 2276 '
747 2271 759 2306 ¹·

202 2345 291 2405 Nunc
309 2350 412 2405 autem
435 2344 622 2407 clarissimus
636 2352 739 2407 textus
763 2354 819 2424 est,
843 2347 911 2408 Act.
933 2348 1044 2429 primo,

122 2427 204 2505 quod
225 2425 369 2488 Matthias
391 2428 553 2508 apostolus
575 2429 615 2489 ab
636 2430 781 2490 universo
804 2434 1044 2510 coetu-aposto·
1070 2430 1075 2441 “

121 2508 221 2571 lorum
249 2517 281 2571 et
302 2511 521 2591 discipulorum
545 2511 680 2573 ordinali
702 2530 764 2573 non
788 2514 903 2593 potuit,
925 2513 981 2573 aad
1004 2513 1044 2574 de

121 2594 231 2670 coslo,
259 2595 338 2653 sicut
360 2600 391 2654 st
418 2595 512 2654 ceteri
535 2612 662 2673 omnes,
690 2595 806 2656 electus
831 2603 862 2656 et
884 2596 1046 2658 ordinatus

121 2682 169 2736 est
195 2696 215 2737 a
240 2676 377 2756 Christo,
406 2679 450 2738 ita
479 2683 511 2738 et
532 2679 634 2758 capite
657 2679 704 2742 13.
734 2678 844 2739 Saulus
879 2688 914 2739 ct¹
930 2678 1044 2740 Barna

120 2758 175 2820 bas
208 2766 393 2840 segregante
426 2759 539 2840 Spiritu
586 2762 694 2823 sancto
730 2763 880 2842 assumpti
915 2763 976 2823 sint
1011 2763 1043 2823 in

120 2861 227 2922 opum
251 2842 345 2903 Error
373 2859 448 2924 ergo
479 2850 529 2904 est
559 2844 786 2924 apertissimum
815 2844 907 2923 ⁴quod
935 2845 1042 2906 Petrus

119 2924 260 2986 habuerit
276 2931 461 3005 potestatem
484 2944 577 3006 snper
597 2927 768 3006 apostolos,
812 2927 881 2988 Hoc
902 2941 979 2988 sane
999 2929 1041 2988 ia-

119 3013 202 3086 teor,
238 3008 413 3088 apostolum
436 3009 558 3070 Petrum
587 3008 682 3070 fuisse
702 3010 834 3089 primum
861 3012 892 3071 in
914 3028 1042 3073 numero

119 3090 349 3171 apostolorum,
384 3098 415 3152 st
442 3093 469 3152 ei
500 3091 605 3152 deberi
634 3091 761 3154 honoris
783 3094 1042 3174 praerogativam,

119 3173 174 3233 sed
196 3192 259 3234 non
281 3175 454 3256 potestatis,
479 3173 649 3253 aequaliter
670 3174 760 3236 electi
782 3184 861 3253 sunt,
885 3183 1043 3256 etaaqua-

118 3255 179 3315 lem
213 3263 400 3337 potestatem
422 3263 617 3337 acceperunt.
659 3257 707 3318 Ita
728 3264 759 3319 et
780 3257 819 3318 ds
840 3259 930 3325 Rom.
963 3260 1043 3320 Pon·

118 3337 340 3419 tifioesentio‚
363 3339 445 3419 quod
467 3338 594 3401 honoria
616 3342 833 3422 praerogativa
857 3344 968 3403 ceteris
991 3342 1042 3404 de-

118 3420 191 3482 beat
211 3424 370 3500 emeterii,
392 3423 479 3482 salva
500 3423 647 3503 cuiusque
668 3425 791 3505 aequali
812 3431 985 3506 potestate,
1003 3414 1043 3488 'et

118 3523 179 3565 non
202 3506 281 3567 siout
301 3505 444 3586 Pelagius
475 3505 506 3565 in
532 3505 733 3586 frigidissimo
766 3526 822 3569 sno
853 3508 979 3570 decreto
996 3509 1041 3570 in·

116 3587 189 3647 i'crt:
233 3587 292 3650 Ubi
321 3588 418 3648 maior
435 3589 612 3669 autoritas,
633 3588 677 3651 ibi
702 3592 980 3673 maiorpotestas,
1009 3600 1042 3655 ct

118 3677 223 3730 manet
244 3678 364 3733 ceteros
389 3671 580 3752 obsequendi
601 3675 780 3738 necessitas.

201 3752 250 3813 Ad
273 3754 430 3834 quintam,
464 3755 516 3818 ubi
544 3756 738 3819 electionem:
760 3757 898 3839 episcopi
921 3776 962 3819 ex
977 3754 1041 3841 05·
