2346 4208
269 281 320 334 pru
338 265 544 320 Laborantibus
563 270 591 319 et
610 260 747 318 onoma
915 259 977 326 123

57 453 185 515 summis
208 454 296 515 malis
319 474 438 515 summa
473 453 556 516 bone
588 453 697 529 videri,
728 461 761 513 et
789 453 896 514 laetari
919 472 976 514 nos

55 537 205 616 possein
227 539 353 598 summis
376 537 474 615 malis,
496 556 558 598 non
581 544 707 617 propter
721 537 789 616 ipsa
811 537 900 613 mala,
922 536 975 597 sed

55 625 184 700 propter
195 639 345 681 summam
359 620 527 682 bonitatem
549 622 692 698 iustitiae,
714 639 772 680 uos
784 620 976 683 vindicantis.

56 818 237 901 CaputV.
262 822 486 903 despectro
511 825 666 904 quinto,
705 821 803 901 quod
833 819 977 880 estbo·
1017 886 1023 897 Ι

161 924 244 964 ιιιιιιι
266 906 475 967 sinistrum
500 927 567 967 seu
591 906 634 966 ad
657 907 867 966 sinistram.
978 902 982 911 ’

140 1038 318 1101 Adversarii
339 1042 390 1102 hic
411 1048 482 1102 sunt
500 1045 531 1103 in
561 1045 624 1103 vita
651 1041 751 1103 adhuc
773 1042 865 1121 positi
889 1049 977 1110 (nam

56 1121 263 1202 praecedente
299 1124 338 1185 de
366 1127 411 1186 eis
443 1127 505 1186 iarn
534 1126 685 1186 damnetis
712 1144 750 1186 ao
777 1123 980 1185 daemonibus

57 1205 236 1266 assimilatis
258 1207 518 1268 consideravimus
535 1209 605 1287 ¹l),
627 1209 686 1270 hos
712 1209 775 1268 alio
797 1206 908 1268 affectu
930 1207 980 1264 in-

56 1289 133 1348 tueri
153 1287 252 1364 decet,
273 1291 469 1372 videndaque
481 1293 614 1373 duplicia
631 1310 736 1352 eorum
751 1292 843 1353 bona.
866 1290 979 1366 Primo,

57 1370 142 1450 quod
165 1373 385 1453 temporalibus
407 1374 574 1455 abundant,
596 1378 638 1436 ita
659 1382 693 1435 ιιι
714 1374 884 1455 prophetae
906 1389 979 1451 quo·

57 1472 119 1532 que
142 1474 248 1516 eorum
269 1456 359 1518 bonis
379 1476 478 1538 prope
500 1458 657 1521 adiumnti
677 1457 737 1517 sint
762 1456 801 1516 ad
824 1455 979 1530 invidiam,

59 1543 94 1598 ιιι
113 1536 193 1598 Psal.
216 1541 256 1603 72
272 1537 326 1622 ²):
355 1541 415 1602 Mei
436 1559 536 1622 paene
560 1541 634 1601 moti
656 1547 726 1600 sunt
747 1539 857 1620 pedes,
880 1556 981 1618 paene

58 1617 147 1680 effusi
169 1629 240 1683 sunt
261 1642 385 1704 gressus
408 1627 486 1701 mei,
516 1628 588 1704 quia
609 1624 707 1684 zelavi
731 1641 822 1702 super
848 1623 980 1700 iniquos,

59 1721 168 1784 paoem
193 1708 391 1784 peccatorum
412 1707 538 1786 videns3
571 1715 603 1768 et
623 1706 715 1767 inira:
738 1704 821 1767 Ecce
835 1705 893 1785 ipsi
911 1707 979 1783 pet

58 1792 180 1847 catores
203 1792 234 1848 et
255 1788 447 1851 abundantes
474 1792 505 1852 in
539 1791 643 1852 seculo
676 1789 872 1851 obtinuerunt
903 1786 979 1846 divi·

58 1869 232 1947 tias31ere.
258 1874 311 1936 12:
333 1872 434 1934 Iustus
456 1875 578 1954 quidem
599 1894 631 1934 es
654 1881 685 1933 tu
707 1873 849 1945 Domine,
871 1871 896 1930 si
919 1868 979 1929 dis-

58 1957 163 2031 putem
207 1960 323 2034 tecum,
367 1966 565 2018 veruntamen
609 1959 688 2016 iusta
736 1956 846 2034 loquer
872 1952 911 2012 ad
940 1959 977 2013 te.

59 2033 163 2108 Quare
175 2037 224 2096 via
235 2038 398 2118 impiorum
416 2040 635 2121 prosperatur?
659 2040 741 2099 Rene
763 2046 810 2098 est
828 2034 979 2113 omnibus,

59 2118 110 2196 qui
133 2123 382 2197 praevaricantur
403 2132 434 2185 et
454 2127 557 2203 inique
579 2131 683 2204 agunt.

143 2201 204 2262 Gur
226 2205 308 2264 enim
331 2212 416 2266 tauta
437 2227 529 2287 super
557 2225 612 2267 eos
633 2207 715 2266 bona
737 2202 864 2265 effundit
885 2202 978 2280 gratis

59 2289 92 2343 et
113 2284 233 2363 perdit?
266 2289 324 2347 nisi
358 2296 391 2349 ut
420 2310 477 2351 nos
500 2291 617 2351 soletur
638 2295 669 2349 et
691 2286 850 2364 ostendat,
888 2302 978 2363 quam

59 2366 159 2427 bouus
192 2369 231 2428 sit
264 2372 317 2448 iis,
352 2374 402 2450 qui
445 2381 529 2434 recto
567 2380 637 2433 suut
679 2370 789 2446 corde,
824 2375 856 2428 ιιι
897 2366 989 2426 idem.

58 2449 141 2510 Psal.
165 2451 248 2521 72²)
274 2453 362 2514 dicit:
385 2455 443 2530 Qui
466 2456 553 2515 malis
576 2460 638 2516 tam
661 2455 761 2515 bonus
784 2459 840 2525 est,
864 2456 978 2530 quanto

60 2533 159 2613 magis
192 2533 280 2595 bonis
314 2536 412 2599 bonus
443 2539 518 2598 erit?
550 2540 608 2597 nisi
642 2537 723 2616 quod
758 2535 855 2595 malos
893 2533 989 2593 nullo
1031 2549 1044 2566 ⁴

59 2616 142 2676 malo
165 2624 267 2691 vexat,
291 2619 390 2680 bonos
413 2641 486 2682 vero
501 2622 601 2681 multis
618 2620 708 2680 malis
732 2624 838 2696 teritat,
861 2622 977 2676 utnon

58 2705 176 2759 tautum
205 2701 236 2760 iu
264 2700 353 2763 bonis
384 2703 611 2783 praesentibus,
649 2702 704 2763 aed
736 2703 767 2761 in
789 2699 979 2761 absconditis

57 2799 183 2860 quoque
216 2789 247 2843 et
276 2786 307 2844 in
333 2785 440 2846 futuris
469 2808 536 2846 eum
571 2789 743 2868 agnoscent
774 2783 978 2843 essebonum

57 2862 126 2941 sibi,
149 2863 314 2945 dicantque
335 2888 403 2929 cum
427 2871 537 2931 eodem
555 2871 652 2930 Psal:
674 2868 747 2928 Mihi
771 2883 843 2926 vero
868 2864 978 2925 adhae-

56 2947 208 3009 reraDeo
220 2949 335 3011 bonum
358 2962 413 3029 est,
437 2973 552 3033 ponere
573 2956 604 3013 in
619 2953 751 3013 Domino
764 2968 850 3028 spem
867 2967 977 3022 meam,

57 3031 146 3108 quasi
168 3030 298 3093 diceret:
322 3033 388 3095 Etsi
411 3037 527 3115 aliquid
549 3038 665 3116 patiar,
690 3053 750 3113 quo
773 3032 843 3091 illos
864 3029 978 3090 liberos

57 3111 160 3189 video,
182 3121 284 3176 tamen
309 3117 442 3198 confido,
466 3120 547 3197 quod
571 3120 642 3179 mihi
656 3118 739 3178 Deus
763 3115 858 3175 multo
882 3115 978 3192 magia

56 3194 157 3256 bonus
180 3199 219 3256 sit
240 3216 331 3277 quarn
352 3201 423 3263 illis.

141 3280 245 3359 Atque
265 3284 309 3343 ita
330 3283 412 3345 bona
434 3285 568 3345 visibilia
589 3285 738 3345 malorum
763 3282 851 3343 nobis
873 3281 979 3339 incita-

56 3361 162 3422 bulum
185 3370 256 3423 sunt
283 3368 426 3446 sperandi
465 3369 549 3429 bona
575 3367 754 3442 invisibilia,
784 3372 815 3427 et
842 3369 978 3423 contem·

57 3446 152 3506 nendi
174 3448 271 3523 mala,
302 3453 545 3531 quaepatimu1·:
585 3470 647 3511 non
670 3468 759 3510 secus
781 3467 819 3509 ac
840 3446 978 3506 Christus

56 3527 164 3592 Matth.
189 3533 217 3594 6.
240 3550 299 3592 nos
327 3534 466 3594 volatilia
496 3535 576 3593 coeli
600 3541 632 3594 et
653 3533 717 3593 lilia
738 3534 802 3613 agii
825 3531 990 3610 respicere·

56 3612 152 3692 iubet,
175 3615 295 3675 dicens:
334 3615 365 3677 Si
388 3636 462 3696 ergo
485 3617 619 3695 foenum,
642 3615 725 3696 quod
747 3614 841 3675 hodie
864 3620 926 3689 est,
949 3622 978 3675 ct

131 3785 162 3856 1)
185 3786 216 3842 lu
235 3786 280 3843 ed.
299 3789 384 3860 orig-z
406 3739 622 3842 consideramus.
661 3787 692 3853 2)
714 3785 744 3840 lu
765 3784 807 3842 ed.
825 3783 898 3850 lena
917 3784 960 3842 73.
