2346 4208
165 270 229 334 354
395 269 488 324 Rasol.
507 269 538 324 L.
559 284 644 338 super
661 270 854 340 Propositinne

166 457 258 533 bolo,
290 459 339 519 vel
361 458 489 538 rapina?
531 458 572 518 Et
600 457 650 540 ubi
673 463 735 535 est,
769 455 860 535 quod.
887 454 1089 535 supradixit,

164 559 329 620 personam
360 542 515 621 loquentis
539 538 767 619 attendendam,
790 538 872 618 quod
889 539 995 599 Petrus
1011 536 1091 597 haec

169 625 326 704 scripserit
356 626 419 685 suis
451 624 604 684 subditis?
654 622 713 698 Qui
746 630 815 683 sunt
844 623 926 682 Petri
957 619 1091 683 subditi?

166 708 213 766 An
245 708 304 767 soli
333 708 424 768 laici?
470 707 531 767 Cur
560 725 633 787 ergo
657 726 765 768 omnes
796 704 871 766 ores
893 705 1005 766 Christi
1033 703 1090 764 sibi

166 791 346 850 commissas
370 792 401 849 in
425 790 515 851 Petro
539 790 654 849 iactat?
686 790 769 870 Ergo
790 809 897 849 omnes
915 807 991 848 oves
1007 784 1091 848 Chri·

165 873 214 952 sti,
236 871 267 933 id
292 881 347 952 est,
372 893 479 934 omnes
502 872 613 934 subditi
635 873 739 953 Papae
761 873 826 933 sive
841 872 922 951 laici,
946 872 1012 931 sive
1029 869 1091 931 ole-

164 956 229 1032 rici,
252 975 288 1015 ac
310 976 366 1036 per
387 957 448 1015 hoc
477 963 508 1016 et
543 958 610 1036 ipse
633 956 695 1016 dux
718 975 755 1015 ac
775 962 896 1036 pastor,
927 962 958 1015 et
978 955 1090 1014 arietes

166 1039 278 1119 gregis,
303 1039 415 1099 subditi
439 1046 509 1098 sunt
530 1040 706 1119 imperatori
727 1047 756 1098 et
772 1038 909 1100 ducibus.
944 1037 995 1100 sic
1008 1037 1091 1097 enim

166 1123 327 1202 ipsiusmet
349 1122 563 1182 decretalistae
585 1123 673 1181 huius
702 1122 798 1183 verba
819 1121 877 1183 sibi
906 1121 1020 1181 collata
1041 1138 1093 1180 co-

166 1211 253 1286 gunt.
298 1207 361 1265 Aut
383 1225 457 1285 ergo
480 1225 543 1265 non
566 1207 624 1264 nisi
652 1206 755 1265 clerici
777 1212 847 1264 sunt
869 1223 944 1266 oves
969 1203 1092 1283 Christi,

167 1287 257 1347 Petro
282 1290 447 1362 commissi,
479 1296 532 1348 aut
554 1289 656 1349 clerici
680 1288 792 1348 subditi
815 1296 886 1348 sunt
912 1287 1091 1367 imperatori

165 1369 255 1431 simul
278 1390 345 1431 cum
375 1372 479 1451 laicis,
510 1373 582 1451 quia
616 1391 724 1432 omnes
753 1372 843 1433 Petro
876 1370 992 1432 subditi
1022 1367 1091 1431 sub-

166 1453 277 1531 duntur
307 1475 326 1514 a
347 1455 437 1516 Petro
469 1455 649 1535 imperatori
671 1463 702 1516 et
724 1454 863 1516 ducibus.

247 1553 308 1615 Sed
330 1556 471 1634 pontifex
497 1558 527 1615 in
558 1555 765 1635 spiritualibus
798 1554 975 1633 antecellit,
1032 1572 1091 1614 uae

167 1643 252 1699 tanto
279 1646 367 1734 'sunt
427 1639 583 1719 digniora,
638 1646 754 1719 quanto
805 1639 909 1699 anima
955 1645 1093 1719 praestat

165 1739 297 1800 corpori.

183 1861 196 1866 ·’
246 1839 288 1898 Et
309 1858 363 1899 cur
383 1840 434 1899 hic
464 1859 527 1899 non
556 1839 690 1900 additur:
727 1839 885 1900 Duntariat
915 1838 1006 1916 illos,
1040 1837 1092 1917 qui

166 1922 335 2002 spiritualia
357 1923 395 1982 ab
416 1942 454 1983 eo
478 1922 668 2002 suscipiunt?
710 1922 840 2002 Nempe,
864 1921 947 2003 quod
969 1922 1000 1981 in
1017 1926 1093 1981 tem-

164 2004 321 2085 poralibus
343 2006 498 2066 excellere
519 2008 598 2085 vult,
629 2026 669 2066 ne
700 2007 879 2085 imperatori
912 2005 975 2066 ulla
1003 2009 1093 2084 parte

166 2096 294 2169 cogatur
315 2088 413 2168 subdi,
437 2108 527 2168 quem
550 2090 657 2150 Petrus
685 2090 716 2148 in
739 2095 837 2149 totum
866 2088 969 2151 subdit
996 2089 1091 2168 impe·

165 2173 275 2232 ratori:
310 2173 353 2230 ita
388 2175 507 2252 cogitur
541 2192 660 2232 sacrum
683 2180 714 2233 et
737 2174 929 2234 tremendum
962 2169 1090 2232 verbum

165 2254 223 2314 Dei
244 2262 401 2334 postremo
425 2256 495 2316 loeo
519 2256 644 2334 sedere,
669 2258 834 2317 et-nostris
856 2255 1016 2317 affectibus
1039 2273 1089 2314 oe—

165 2336 246 2398 dere.
290 2337 350 2397 Sed
374 2337 478 2400 dicito.

248 2438 296 2496 An
309 2438 416 2498 Petrus
438 2438 601 2518 ignorabat
623 2439 794 2516 spiritualia
808 2438 997 2520 praecellere
1014 2443 1088 2498 tem-

165 2520 344 2600 poralibus?
394 2521 455 2582 Cur
479 2540 554 2601 ergo
579 2540 613 2581 se
638 2523 793 2600 ipsomet
824 2541 932 2583 omnes
965 2518 1089 2582 subiicit

165 2605 385 2683 temporalibus
401 2604 736 2664 administrationibus?
768 2606 883 2666 Verum
898 2604 975 2665 illud
991 2604 1087 2684 longe

165 2689 298 2748 suavius.
342 2687 461 2749 subditi
490 2688 572 2747 Petri
600 2694 632 2748 et
666 2687 769 2767 Papae
801 2696 872 2749 sunt
903 2687 1088 2768 spirituales,

164 2768 235 2832 ideo
258 2789 320 2830 non
344 2770 457 2831 subditi
478 2771 666 2851 imperatori,
689 2790 728 2831 ex
751 2790 812 2850 quo
835 2772 981 2850 sequitur,
1004 2770 1088 2849 quod

165 2853 253 2931 laici,
276 2855 347 2932 quia
369 2855 543 2934 spirituales
566 2874 628 2915 non
652 2861 738 2933 sunt,
772 2874 832 2915 nec
860 2853 974 2915 subditi
994 2853 1088 2932 Petri,

165 2954 227 2997 non
251 2938 312 2996 sint
334 2956 408 2998 oves
430 2937 561 3017 Christi,
591 2938 664 3017 quia
689 2938 745 2999 has
775 2958 883 2999 omnes
904 2938 996 2998 Petro
1019 2937 1087 2998 sub-

164 3021 245 3082 iecit.
290 3020 366 3080 Cum
389 3028 491 3080 autem
510 3022 616 3081 Petrus
641 3019 720 3102 (hoc
741 3028 848 3082 autore
871 3020 1086 3098 decretalisto)

166 3105 228 3165 suis
251 3103 379 3164 subditis
402 3105 481 3165 haec
502 3106 666 3184 scripserit,
689 3124 822 3184 sequens
836 3106 902 3180 erit,
923 3104 1010 3165 solos
1028 3103 1088 3164 ols-

164 3188 245 3247 ricos
268 3186 400 3266 debere,
423 3196 455 3248 et
483 3189 585 3249 nullos
608 3189 715 3266 laicos,
749 3189 876 3250 subesse
898 3187 1089 3267 imperatori,

144 3277 227 3348 ,aut,
249 3269 331 3348 quod
355 3273 487 3332 maxime
509 3272 646 3346 horrent,
670 3291 731 3332 non
756 3291 864 3334 omnes
888 3289 962 3331 oves
976 3270 1089 3331 Christi

165 3371 220 3431 per
242 3353 387 3414 mundum
416 3355 472 3417 sub
494 3355 585 3416 Petro
608 3360 694 3433 sunt,
725 3362 778 3415 aut
804 3373 913 3417 omnes
945 3353 1089 3415 subditos

164 3454 232 3497 esse
254 3444 377 3516 oportet
403 3439 574 3517 aequaliter
600 3439 789 3518 spirituales,
822 3439 848 3500 si
878 3456 987 3499 omnes
1011 3455 1087 3499 oves

164 3524 196 3579 et
216 3519 329 3581 subditi
350 3529 422 3582 sunt
434 3522 535 3599 Petro,
558 3540 595 3581 ac
617 3541 674 3601 per
688 3522 749 3583 hoc
764 3521 919 3584 distinctio
935 3521 996 3581 ista
1013 3526 1087 3582 tem·

163 3603 316 3681 poralium
338 3611 370 3665 et
391 3605 590 3684 spiritualium
613 3624 739 3685 prorsus
762 3605 884 3666 corruit.

246 3702 324 3778 Quid
347 3705 429 3765 aliud
451 3712 613 3784 mereatur,
636 3703 689 3785 qui
707 3724 811 3766 sacras
824 3705 930 3766 literas
943 3704 1086 3765 humanis

161 3785 376 3851 traditionibus
397 3795 530 3852 tractare
560 3794 592 3850 et
613 3790 829 3852 contaminare
850 3787 959 3868 audet,
993 3804 1086 3868 quam
