2346 4208
121 256 184 322 112
343 257 454 312 Taeter.
475 257 589 311 Consol.
608 255 642 311 D.
662 255 697 313 n
718 256 832 313 Lutlreri
866 257 869 261 ’

122 445 247 508 lioribns
270 446 367 527 pollet
387 448 514 507 internis
536 445 636 523 bonis,
659 445 689 506 id
712 455 769 525 eet,
791 445 853 508 fide
864 445 989 519 Christi,
1004 444 1041 506 dc

122 549 184 608 qua
212 529 325 590 dictum
358 540 420 608 est,
453 530 533 590 Psal.
556 528 659 613 44¹):
703 529 811 590 Omnis
844 530 948 611 gloria
980 531 1041 591 eins

121 611 203 673 filiae
224 611 307 693 regis
329 613 368 674 ab
395 615 476 674 intus
504 615 535 673 in
558 612 684 674 fimbriis
707 614 824 689 aureis,
856 611 1043 673 circumdate

121 697 278 758 varietate.
323 695 408 758 Sicut
438 697 519 757 enim
553 696 702 776 deprimi
725 697 839 776 spectri
862 695 947 758 malo
969 695 1042 757 dixi·

122 798 199 857 mus‚
221 779 337 839 nullum
366 799 436 840 esee
457 787 574 840 tanturn
604 781 634 839 in
656 779 782 841 homine
804 778 920 840 malum
943 797 1044 859 posce,

122 862 205 942 quod
228 864 393 942 pessimum
417 865 456 923 sit
478 881 600 933 eorum,
633 881 713 942 quae
736 864 767 923 in
790 864 859 942 ipso
879 872 969 923 sunt:
1003 863 1044 923 ita

122 948 271 1026 optirnnrn
305 946 474 1023 bonorum,
509 945 592 1025 qnod
622 946 653 1005 in
678 946 853 1006 Christiano
880 953 947 1022 est,
979 944 1051 1024 ipse,

93 1063 95 1068 ,
122 1048 185 1088 non
207 1035 311 1109 potest
333 1029 446 1089 videre.
490 1028 522 1088 Si
544 1030 624 1088 enirn
648 1031 784 1107 sentiret,
807 1048 880 1088 mox
902 1029 935 1089 in
954 1027 1044 1091 coela

121 1120 219 1190 esset,
242 1130 310 1171 cum
333 1132 460 1192 reguum
483 1113 652 1187 coelorum,
676 1122 709 1171 ut
730 1111 869 1172 Christus
891 1113 946 1187 ait,
966 1111 1045 1171 intra

122 1214 180 1255 noe
202 1197 250 1255 sit.
293 1193 415 1255 Habere
442 1196 522 1255 enim
557 1194 648 1255 fidem
670 1203 719 1254 est
738 1197 898 1257 veritatem
922 1200 955 1255 et
983 1213 1045 1254 ver·

121 1278 194 1338 bum
216 1278 272 1337 Dei
303 1276 431 1338 habere:
471 1279 586 1339 habere
617 1277 742 1338 verbum
766 1279 840 1355 Dei,
873 1277 1044 1338 est'Denm

122 1363 258 1421 omniurn
281 1360 429 1423 factorem
448 1361 571 1422 habere.
614 1359 703 1436 Quae
724 1361 811 1422 bona
826 1368 944 1440 quanta
964 1369 1045 1437 sunt

123 1445 148 1504 si
171 1447 294 1508 animae
315 1445 536 1520 revelarentur,
558 1446 587 1503 in
613 1455 770 1504 momento
791 1464 809 1503 e
831 1462 965 1524 corpure
987 1443 1046 1504 ccl·

123 1534 246 1587 veretur
284 1547 358 1607 prae
394 1530 488 1587 nimia
517 1526 705 1589 abnndantia
735 1529 906 1589 suavitatis.
957 1518 1046 1587 Unde

122 1619 206 1671 recte
229 1618 333 1671 cetera
355 1611 452 1688 bona,
475 1630 555 1690 quae
577 1609 727 1681 diximus,
748 1620 820 1670 sunt
841 1610 927 1670 velut
949 1610 1045 1670 moni-

123 1696 203 1754 toria
224 1713 330 1754 curum
354 1693 522 1769 bonorum,
554 1712 635 1772 quae
656 1695 737 1754 intus
765 1694 934 1769 hahemus,
967 1710 1046 1771 qnae

123 1778 212 1838 nohis
241 1796 297 1856 per
326 1777 381 1836 illa
407 1777 473 1837 vult
499 1775 730 1853 commendata,
764 1775 848 1855 qnod
880 1775 963 1839 haec
986 1777 1046 1836 vite

122 1881 185 1922 non
209 1862 359 1920 sustineat
379 1880 416 1920 ea
438 1861 578 1936 revelari,
600 1858 655 1920 sed
678 1859 917 1920 misericorditer
939 1878 959 1919 a
979 1857 1046 1925 Dec

122 1942 369 2018 absconduntur,
403 1942 505 2004 dcuec
531 1944 683 2003 creverint
710 1943 741 2002 in
765 1942 935 2022 perfectum
957 1960 1046 2003 annm

124 2027 267 2087 modum:
298 2045 360 2087 non
374 2046 462 2087 secus
485 2046 522 2086 ac
543 2028 585 2107 pii
608 2036 752 2105 parentes
773 2024 843 2085 filiis
865 2025 931 2084 suis
953 2042 1046 2104 quan

121 2110 223 2189 doque
252 2109 368 2170 ludicra
400 2117 431 2170 et
464 2111 579 2170 minuta
608 2109 737 2170 donaria
766 2109 901 2183 donant,
936 2109 1046 2187 quibus

120 2196 241 2253 animos
264 2191 397 2252 liliorum
418 2193 555 2253 alliciant
577 2192 616 2253 ad
639 2212 725 2271 spem
750 2193 911 2252 maiorum.

110 2306 114 2314 ·
203 2275 378 2336 Ostendent
399 2285 501 2336 tamen
524 2297 558 2336 se
579 2295 818 2354 nunnunquam,
840 2284 873 2334 et
892 2273 1046 2355 prodeunt

122 2359 207 2438 foris,
229 2359 301 2418 dum
323 2360 495 2420 exhilarata
524 2360 714 2420 couscientia
743 2358 859 2439 gaudet
879 2358 911 2416 in
934 2355 1046 2419 fidncia

122 2442 188 2518 Dei,
210 2441 340 2503 libenter
363 2440 402 2503 de
424 2461 462 2503 ec
487 2442 629 2521 loquitur,
651 2461 720 2501 cunr
743 2442 895 2501 suavitate
920 2440 1045 2502 verbum

122 2527 188 2586 eins
211 2525 311 2603 audit,
336 2533 493 2605 prompte,
528 2535 559 2586 et
579 2524 713 2585 iucunda
733 2523 768 2586 fit
788 2524 827 2584 ad
849 2522 1044 2585 serviendum

121 2611 165 2685 ei,
199 2608 237 2669 ed
261 2609 343 2670 bona
372 2629 481 2690 opera,
513 2609 553 2668 ad
582 2608 708 2669 serenda
738 2608 821 2668 ruala
857 2613 918 2668 etc.
960 2606 1046 2682 Quae

121 2694 225 2753 omnia
246 2703 316 2752 sunt
346 2694 459 2752 indicia
480 2692 585 2752 fidelia
607 2693 730 2752 latentis
752 2691 793 2751 ibi
815 2689 927 2750 infiniti
949 2699 983 2750 et
1004 2693 1045 2752 in·

122 2776 339 2855 comparabilis
362 2776 445 2852 boni,
468 2775 551 2855 quod
574 2776 629 2834 has
647 2774 783 2855 guttulas
805 2786 836 2833 et
857 2773 958 2834 stillas
982 2793 1046 2854 par·

122 2878 177 2918 vas
204 2860 287 2919 lorus
323 2860 413 2919 mittit
436 2861 518 2919 tenni
552 2859 746 2938 scaturigine.
790 2855 940 2932 Quamvis
974 2853 1045 2918 no'n

122 2961 276 3022 nunquam
300 2940 369 3019 fiat,
392 2952 425 3002 nt
446 2941 748 3022 contemplatricibus
770 2939 934 3000 animabus
955 2940 1046 3001 latius

68 3079 76 3096 ,
122 3027 290 3102 reveletur,
325 3029 367 3086 ita
397 3034 429 3085 ut
461 3024 630 3105 absorptae
659 3026 812 3101 nesciant,
844 3022 896 3082 uhi
920 3024 1047 3100 luerint3

123 3110 225 3189 qualia
248 3108 278 3171 S.
293 3109 483 3190 Augustinus
506 3117 537 3170 et
549 3117 646 3168 mater
667 3107 777 3168 suade
798 3126 833 3166 se
851 3101 1047 3181 confitentur,

122 3193 261 3253 etmulti
284 3192 346 3253 elii.

123 3376 303 3458 Caputll.
343 3376 391 3436 de
426 3383 591 3455 spectro
624 3372 816 3450 secundo,
850 3373 953 3452 quod
990 3383 1048 3436 eat

274 3459 412 3521 bonurn
435 3460 622 3529 futurum,
645 3478 710 3516 seu
734 3465 828 3516 ante
850 3476 900 3515 se.

205 3594 275 3674 His,
304 3598 355 3675 qui
378 3596 541 3656 Christiani
564 3614 627 3654 non
649 3601 737 3672 sunt,
765 3592 938 3654 defuturis
962 3594 1048 3656 boni·

195 3770 225 3835 1)
246 3770 275 3819 ln
293 3768 336 3820 ed.
353 3767 429 3819 len:
449 3767 493 3821 lc.
