2346 4208
284 227 349 295 264
515 232 609 285 Resol.
629 232 656 285 L.
673 248 758 300 anper
776 232 964 300 Pronoaifion.

288 439 352 481 non
374 419 586 480 iustificabitur
622 437 728 479 coram
762 419 877 480 indicio
899 420 958 480 Dei
995 426 1032 480 ut
1055 418 1096 481 lrir

286 504 351 564 Cur
371 502 442 579 hoo,
462 501 604 582 quasso?
621 501 655 563 Si
678 504 746 562 sine
760 512 891 583 peceato
903 504 1096 585 antinoum

290 606 352 646 non
375 596 479 665 potest
501 585 642 645 damnari
663 605 683 644 a
708 586 798 659 Deo,
834 587 886 665 qni
905 587 1026 647 institia
1052 590 1096 647 eal

288 668 362 729 nihil
387 670 485 748 magis
505 688 632 745 amans,
652 688 745 747 quam
766 670 931 747 iustitiam
951 688 1013 729 nan
1033 670 1096 731 lint

289 751 370 831 ‹quod
393 752 490 811 iustus
511 751 605 812 iudex
626 752 773 811 iustitiam
795 751 931 828 damnet,
952 754 979 812 si
1000 758 1096 815 ula!

290 843 396 908 natur,
427 837 489 894 iarn
510 836 577 895 sine
602 844 733 914 peceato
755 853 818 896 non
840 840 904 912 est,
927 843 960 896 at
979 842 1092 897 oonln

291 919 349 979 Dei
384 918 539 979 invenitur
571 919 683 998 egisse.
725 916 796 977 Non
828 919 910 978 enim
943 917 1096 981 damnaui

289 1002 340 1081 qui
363 999 425 1080 legi
447 1000 505 1060 Dei
529 1019 591 1063 non
613 1000 756 1062 satileait

372 1082 464 1158 Quod
494 1085 520 1143 si
553 1085 580 1143 is
601 1103 663 1144 non
684 1082 900 1144 iustificabitur
933 1081 967 1143 in
997 1082 1096 1145 iudiot

291 1168 343 1245 qui
367 1185 474 1226 servus
495 1167 552 1226 Dei
573 1174 633 1241 est,
655 1185 714 1226 neo
736 1185 846 1226 omnes
866 1167 1019 1243 viventes,
1039 1168 1096 1229 inlt

291 1249 1096 1328 rreaessaestsanolissimosaliquolessaa'aoalasiu

292 1346 364 1405 tant,
377 1332 560 1393 Sanctorum
578 1334 828 1393 communionem
847 1334 877 1391 in
890 1332 980 1393 terris
993 1334 1096 1395 vivan

293 1433 370 1490 mus,
391 1417 442 1494 qui
455 1424 556 1475 tamen
571 1416 671 1496 legem
695 1415 834 1495 implent
858 1414 1096 1496 qualisnam-li

294 1517 419 1574 altrum,
455 1500 506 1576 qui
535 1500 613 1559 oltra
632 1499 763 1578 gratiam
785 1508 818 1558 et
838 1504 928 1558 extra
948 1498 1096 1559 eoalesitir

295 1582 396 1657 munt,
434 1580 534 1661 legem
557 1601 651 1660 posse
672 1580 792 1660 impleri
816 1600 856 1640 ex
876 1581 1096 1643 naturalibus*

295 1663 398 1740 ‹guoad
422 1671 519 1723 totam
544 1664 746 1724 substantiam
770 1664 853 1740 santi,
875 1664 948 1724 licet
969 1682 1033 1726 non
1055 1662 1096 1741 ad

295 1747 411 1806 tionem
435 1746 674 1826 praecipientis?
696 1745 745 1805 Ad
768 1746 839 1823 hoo,
861 1751 894 1806 ul
913 1748 1023 1811 ilerum
1045 1746 1087 1809 ul

294 1829 355 1888 lum
368 1829 555 1890 Hassitionm
569 1831 770 1891 Constantine
783 1829 960 1889 damnatum
976 1829 1096 1891 redeam

292 1925 534 1993 insonarent,
567 1920 669 1973 uotum
692 1920 833 1973 neutrum
855 1920 889 1973 et
907 1932 970 1973 non
994 1912 1096 1975 malun

293 1996 347 2053 niri
370 1994 491 2073 dicere,
514 1995 638 2072 qnando
656 1997 903 2055 actusiustorum
916 2014 978 2056 non
1002 1996 1096 2057 eslii

293 2077 361 2136 bilis
374 2082 479 2137 ourani
495 2078 584 2138 Deo?
606 2078 724 2153 Quibus
742 2085 826 2138 reate
836 2077 912 2137 illud
925 2079 1040 2142 leram.
1051 2080 1095 2143 ta

294 2168 412 2237 potest:
434 2160 518 2219 ane
539 2160 648 2238 quibus
670 2159 814 2220 iudicium
836 2179 900 2221 non
922 2168 997 2232 erat,
1019 2160 1096 2223 urbi

290 2242 428 2302 bibentes
449 2242 570 2315 bibent,
604 2252 636 2304 et
656 2251 688 2303 tu
709 2244 860 2303 innocens
887 2243 968 2304 aris?
989 2243 1061 2304 lion
1088 2264 1096 2303 t

289 2343 421 2398 rmaans3
443 2332 474 2384 et
497 2329 525 2387 1.
547 2326 613 2387 Pet.
635 2328 673 2387 4:
697 2325 728 2386 Si
751 2327 847 2386 iustus
867 2327 920 2386 vix
941 2325 1095 2387 salvabitu

288 2417 376 2466 oator
398 2416 430 2466 et
452 2408 564 2487 impius
588 2407 639 2468 ubi
661 2407 833 2488 parebunt?

377 2489 417 2549 Et
435 2490 508 2551 vide
531 2499 678 2568 monstra,
701 2510 779 2570 quae
800 2491 873 2551 hino
894 2498 1073 2570 sequuntur.

287 2581 375 2631 extra
396 2575 524 2653 gratiam
559 2575 590 2633 in
613 2593 669 2633 suo
693 2593 788 2653 opere
809 2574 893 2635 bono
914 2574 1052 2636 tribuunt
1082 2594 1096 2635 n

290 2655 370 2714 niala
393 2667 572 2735 praeatum,
606 2657 660 2717 aad
698 2656 895 2718 solummodo
925 2676 986 2717 non
1012 2658 1096 2719 merit

287 2758 355 2797 uum
377 2737 427 2798 hio
449 2741 530 2799 iusto
553 2741 582 2798 in
607 2759 702 2819 opere
723 2738 806 2801 bono
831 2740 977 2800 tribuatur
1000 2740 1082 2803 adan

287 2830 361 2896 tum,
383 2829 425 2899 ut,
448 2824 472 2881 si
495 2822 607 2882 iudioio
619 2824 676 2882 Dei
696 2826 830 2901 sistatur,
852 2810 915 2884 noli
938 2825 1039 2904 possit
1051 2825 1096 2909 iun

289 2904 366 2965 ihoo
382 2912 438 2979 est,
461 2905 592 2966 mortale
612 2909 643 2965 et
655 2905 860 2974 damnabile).
883 2905 1007 2980 Quanto
1022 2926 1096 2989 orgo

287 2988 369 3066 impii
384 3007 478 3065 opera
491 2988 575 3048 bona
588 2997 659 3059 sunt
673 2988 859 3049 damnabilia
873 2999 905 3049 et
922 2989 1076 3066 mortalia,

287 3089 378 3146 quam
400 3071 550 3131 neutralia
572 3091 625 3131 seu
645 3071 756 3131 media.
779 3071 929 3133 Etadlrno
945 3071 1096 3154 glorianti

286 3152 421 3232 alogiam
434 3152 650 3213 scholast-isam
668 3173 729 3214 non
743 3173 812 3213 ease
829 3162 938 3215 oontra
959 3155 1096 3235 theologi

287 3254 381 3312 oram,
402 3254 471 3295 aum
494 3235 552 3295 hau
565 3238 686 3297 rationo
703 3236 812 3297 melior
826 3246 909 3298 esset
919 3237 1058 3299 conditio
1066 3256 1096 3319 pt

286 3320 335 3391 ris,
348 3337 438 3396 quam
456 3319 535 3395 iusti,
550 3319 599 3379 ubi
612 3319 733 3379 illenon
746 3327 899 3398 peooaret,
913 3322 1014 3400 inquo
1026 3322 1096 3383 insti

284 3411 375 3461 naret.
415 3400 495 3460 Hino
523 3403 582 3461 iam
601 3402 761 3479 ¹videmus,
790 3403 871 3464 unda
899 3402 996 3464 fluant
1022 3403 1056 3467 S.
1081 3422 1096 3485 ι

283 3484 464 3547 sententiae.

364 3565 552 3645 Augustinus
565 3566 617 3628 lib.
640 3570 668 3632 9.
683 3565 840 3631 confess:
861 3569 928 3630 Vae
943 3569 1096 3631 hominurn

430 3688 484 3693 —-
492 3687 520 3693 --
526 3688 582 3694 .--
625 3690 706 3697 ..—

320 3739 352 3801 1)
372 3736 403 3790 ln
424 3736 487 3791 edd.
508 3740 579 3807 orig.
599 3737 688 3791 deest:
708 3737 751 3793 ta.
