2346 4208
174 268 238 337 152
380 271 538 342 Disputatio
557 273 665 341 Lipsiae
683 274 779 327 habits
797 290 822 329 a.
842 272 901 327 XIX

174 459 285 519 remitti
298 458 415 539 absque
427 465 593 539 augmento
610 459 738 539 gratiae,
752 458 981 537 noneonccdo,
997 458 1098 523 donec

175 541 295 623 probet.
339 541 404 602 Ima
427 549 475 602 est
495 547 604 602 contra
624 561 803 621 expressum
826 549 955 621 textum,
973 542 1016 605 ad
1035 544 1095 607 Ra·

176 644 233 687 ma.
256 627 285 702 7,
309 624 376 685 Gal.
388 628 417 704 5,
439 624 489 685 ubi
511 625 671 705 apostolus
694 625 780 686 dicit:
806 626 1009 688 venundatus
1031 628 1097 689 sum

177 707 233 768 sub
260 715 407 788 peccato,
435 709 502 787 quis
532 706 674 770 liberabit
700 729 750 768 me
776 708 816 769 de
838 717 936 771 morte
957 710 1098 791 corporis

175 791 284 851 huius?
307 791 502 872 Respondet:
525 790 633 851 Gratia
655 792 712 851 Dei
733 804 789 872 pe'r
809 793 914 853 lesum
931 792 1100 865 Obrialunr,¹

66 928 75 940 .
176 875 299 936 Certum
322 882 370 935 est
390 881 493 949 autern
516 874 691 954 apostolum
717 894 779 936 non
798 875 894 936 fuisse
914 877 1098 957 inpeccatis

177 957 369 1019 mortalibus.
393 955 506 1021 Cetera
527 957 667 1037 relinquo
689 957 808 1018 futurae
830 958 1034 1040 disputationi
1053 960 1098 1021 iu·

175 1050 222 1101 ter
243 1043 399 1122 egregium
413 1040 628 1101 D.Doctorem
651 1039 846 1120 Andream1)
871 1048 902 1102 et
919 1042 1097 1105 labeonem

176 1124 312 1184 Eccium.
354 1123 396 1184 Et
416 1124 477 1184 hoc
499 1142 660 1184 erroneum
684 1131 747 1204 est,
775 1124 858 1204 quod
880 1125 1007 1187 veniale
1024 1144 1096 1209 pac

177 1214 278 1267 catum
289 1208 386 1267 Deum
409 1227 471 1267 non
483 1205 629 1284 offendat,
652 1226 720 1267 cum
744 1207 983 1288 displicestDeo
1006 1226 1098 1271 omne

174 1290 379 1361 immundum,
403 1297 434 1350 et
455 1291 600 1370 reprobet
621 1309 707 1368 eum,
737 1292 788 1370 qui
812 1292 937 1351 minima
959 1291 1100 1369 solverit,

174 1374 280 1437 Matth.
303 1378 332 1438 b.
366 1374 432 1434 Nee
454 1374 597 1453 probavit
618 1372 654 1435 D.
679 1374 721 1434 D:
740 1373 895 1449 sufficere,
917 1374 1003 1454 quod
1024 1376 1099 1437 satis

216 1458 339 1517 tiantur.
1087 1476 1092 1483 ·

174 1477 214 1537 pn
257 1538 400 1601 Secundo
428 1539 626 1618 criminatur,
660 1538 743 1618 quod
770 1559 829 1600 nec
854 1559 947 1599 unam
975 1539 1098 1625 literam

97 1660 102 1684 .
174 1641 229 1702 pro
253 1642 321 1683 mea
344 1622 497 1683 sententia
518 1620 710 1698 induxerim,
734 1624 892 1702 cumipse
914 1641 970 1702 pro
992 1642 1098 1684 reeen-

118 1732 131 1759 ι
175 1707 286 1767 tiorum
309 1706 462 1766 sententia
479 1711 524 1765 tot
546 1703 722 1784 Scripturae
744 1711 784 1779 et·
797 1706 918 1765 Patrurn
940 1703 1098 1768 induxerit

175 1789 365 1851 autoritates.
408 1786 611 1868 Respondeo:
644 1788 692 1847 Eo
727 1789 824 1869 magis
858 1788 932 1848 mihi
952 1794 1098 1870 snapactn

175 1874 239 1933 eius
262 1873 425 1948 sententia,
448 1889 509 1950 quo
554 1870 634 1930 lures
656 1871 785 1946 induxit,
808 1872 947 1951 quiaper
968 1870 1099 1952 capillos

172 1962 204 2015 et
224 1955 348 2017 obtorto
373 1954 456 2015 collo
480 1954 517 2013 ad
542 1953 629 2030 uxit,
665 1955 745 2014 sieut
775 1955 806 2013 in
837 1954 1097 2033 praecedentibus

172 2040 247 2099 satis
269 2037 344 2099 dixi.
367 2038 467 2097 Minus
491 2042 610 2116 peccat,
633 2037 685 2115 qui
709 2036 827 2098 dubitat
847 2039 879 2098 in
900 2036 1096 2119 cogitationi·

172 2121 228 2182 bus
251 2123 324 2198 suis,
347 2140 437 2199 quam
462 2120 513 2199 qui
537 2117 630 2179 dubia
652 2139 708 2178 sua
729 2120 830 2181 verbis
853 2120 964 2180 divinis
988 2121 1097 2183 nititur

175 2210 320 2265 statuere.

257 2287 339 2347 Dicit
360 2286 470 2362 etiam,
493 2304 556 2345 non
580 2291 723 2346 constare
746 2284 815 2364 sibi,
840 2286 891 2364 qui
912 2304 967 2365 pro
988 2287 1099 2347 artion-

173 2370 213 2430 lis
235 2369 311 2430 iidei
330 2369 493 2448 opiniones
510 2367 650 2428 Thomae
678 2369 728 2427 vel
762 2368 892 2428 aliorum
924 2370 1097 2447 statuerint,

175 2454 246 2532 quia
267 2452 418 2513 ecelesiae
440 2452 554 2511 lumina
577 2469 646 2512 cum
659 2449 815 2531 Scriptura
837 2451 1011 2513 adduxerit.
1032 2451 1097 2514 Mo·

175 2541 228 2601 net
250 2555 346 2617 ergo,
378 2542 410 2594 ut
430 2534 573 2609 videam,
605 2552 683 2611 quos
705 2533 859 2613 appellem
883 2534 1098 2615 theologistap.

173 2619 244 2679 Dixi
266 2618 370 2696 hodie,
394 2623 424 2678 et
448 2619 555 2677 iterum
571 2615 657 2676 dico:
681 2615 827 2677 Permitto
840 2618 1005 2697 opiniones
1025 2612 1098 2685 ess'e

176 2703 337 2782 opiniones
367 2701 542 2781 neminique
574 2699 635 2759 hoo
657 2700 732 2761 vitio
756 2706 863 2778 verto,
892 2699 948 2777 sed¹
975 2698 1098 2763 trahere

174 2793 396 2865 repugnantem
421 2782 606 2862 scripturam
636 2783 667 2840 in
700 2782 836 2843 alienum
860 2802 1008 2861 sensum,
1039 2778 1097 2879 pro

173 2867 390 2929 confirmandis
424 2863 643 2946 opinionibus,
681 2871 712 2924 et
734 2866 766 2925 in
796 2865 856 2926 hoo
898 2866 1097 2947 pertinaciter

175 2958 267 3026 stare,
288 2951 350 3012 hoe
372 2950 442 3010 dieo
466 2948 724 3029 theologistarum
747 2967 816 3009 esse
838 2947 983 3010 officium.

257 3033 306 3094 Ad
330 3032 431 3111 aliud,
455 3032 493 3093 de
516 3049 636 3092 canone
659 3031 817 3109 librorum,
839 3031 889 3091 ubi
914 3033 1004 3092 nixus
1027 3030 1096 3093 Hie·

174 3119 295 3197 ronymi
329 3124 360 3177 et
387 3115 509 3176 concilii
532 3114 665 3176 Floreat.
699 3115 864 3175 autoritate
887 3114 1004 3175 mavult
1025 3132 1096 3193 cre·

174 3200 246 3261 dere
269 3199 423 3277 concilio,
445 3197 527 3278 quod
550 3217 569 3256 a
591 3195 703 3275 Spiritu
726 3203 834 3257 sancto
856 3198 981 3279 regitur,
1003 3216 1095 3278 quam

174 3284 256 3361 mihi,
280 3291 310 3343 et
331 3284 445 3363 gratias
468 3301 538 3362 ago.
573 3280 626 3339 Pie
648 3281 729 3339 cuim
752 3280 842 3360 sapit,
863 3299 1022 3360 nunquam
1043 3299 1097 3349 ¹vo·

174 3367 214 3426 lui
239 3366 312 3426 mihi
342 3365 435 3426 credi.
480 3363 540 3424 Sed
564 3362 739 3442 respondeo
764 3363 911 3424 breviter:
942 3362 1097 3425 conciliet

173 3451 240 3531 ipse
263 3450 391 3529 primum
416 3448 637 3526 Hieronymum
661 3445 739 3524 sibi,
763 3447 814 3525 qui
835 3447 866 3507 in
887 3445 1022 3529 prologo
1043 3464 1096 3529 ga·

172 3532 256 3594 leato
278 3531 533 3592 Maohabaeorum
558 3528 654 3590 libros
688 3536 719 3589 et
740 3529 907 3591 nonnullos
929 3529 1009 3591 alios
1032 3548 1095 3591 ma·

210 3727 240 3789 1)
262 3727 432 3779 Praenomen
454 3725 701 3781 Oarolostadii
726 3714 882 3781 restitutum
902 3744 938 3782 ex
957 3727 1024 3782 adit.
1042 3728 1095 3783 orl·

173 3796 271 3866 ginali,
291 3799 319 3849 in
339 3797 383 3851 ed.
403 3798 463 3852 Jen.
483 3798 600 3867 legitur:
623 3799 658 3855 N.
782 3804 786 3815 '
