2346 4208
375 277 410 330 ud
428 275 594 332 schedulam
611 276 793 333 luhlbitiouie.
980 275 1046 342 147

123 463 287 525 Doccbunt
308 482 367 525 nos
397 464 462 524 sine
491 463 602 543 dubio,
636 463 708 543 quid
731 465 846 545 sit-pro
873 463 993 527 honore
1015 464 1047 528 S.

122 548 275 609 ccclesiae
312 555 342 608 et
379 549 550 616 animarum
571 547 669 608 salute
699 546 894 610 laudabiliter
919 559 1047 610 certare.

207 631 340 691 Primum
362 633 456 710 aiunt,
481 649 552 690 essa
572 632 730 691 novissimi
745 631 962 692 Laterauensis
974 649 1046 692 cou-

123 715 185 775 cilii
208 719 371 791 statutum,
408 721 441 773 nt
462 733 524 773 una
549 716 670 794 specics
698 715 784 775 laicis
807 721 926 775 tautum
948 713 1045 777 detur.

123 798 156 859 Si
179 798 258 859 haec
280 798 409 859 Bohemi
432 797 553 877 legant,
588 805 678 877 putas
715 798 788 877 quid
822 805 893 858 sunt
916 797 1045 859 dicturi?

121 881 202 942 Nam
234 881 325 941 huius
360 880 526 940 schedulae
553 879 625 940 idea
653 880 847 961 doctissima,
879 881 1046 961 Bohemos‚

123 964 235 1040 credo,
259 984 323 1026 non
345 962 659 1024 arbitraturhominss
682 981 767 1041 esse,
796 965 849 1024 sed
873 983 974 1026 meros
997 965 1047 1025 sti·

122 1049 202 1129 pites
226 1054 257 1108 et
286 1055 423 1108 truncos.
467 1045 548 1121 Quid
575 1048 656 1106 enim
688 1047 825 1128 tigidius
848 1055 878 1108 et
905 1047 1046 1108 stolidius

122 1132 228 1212 potuit
255 1131 365 1192 adduci
403 1130 551 1191 adversus
583 1129 716 1191 schisma
749 1151 803 1192 seu
829 1137 879 1206 (ut
914 1133 1043 1210 vocant)

123 1232 260 1274 errorem
275 1220 398 1275 centum
421 1232 581 1293 annorum,
605 1232 695 1292 quam
709 1221 854 1274 statutum
867 1216 917 1274 vix
938 1215 1047 1275 decem

122 1297 300 1358 annorum?
331 1305 395 1357 tum
424 1298 489 1356 eius
512 1297 654 1375 concilii,
689 1298 771 1377 quod
793 1298 941 1358 Romanis
973 1299 1048 1378 ipsis

122 1378 255 1441 ludibrio
277 1381 413 1458 vertitur
435 1397 473 1439 ac
492 1381 547 1440 toti
569 1394 670 1459 paene
693 1381 768 1441 orbi.
792 1379 883 1455 Quod
905 1383 931 1440 si
953 1384 1045 1441 ctiam

122 1464 243 1524 Nicsno
276 1483 332 1545 par
367 1469 464 1543 esset,
497 1481 601 1522 nonne
637 1462 737 1522 adhuc
757 1462 920 1524 ridiculum
943 1461 1046 1546 eall),

121 1564 259 1608 errorem
282 1566 345 1608 uon
367 1565 462 1626 posse
483 1544 735 1642 antiquioribus
727 1566 795 1643 ipso
812 1547 970 1607 confutare
992 1547 1047 1607 do·
1070 1577 1074 1601 t

122 1630 298 1690 sumentis?
320 1629 406 1704 Quae
429 1628 587 1688 haeresis?
610 1630 678 1707 quis
691 1631 817 1690 errorin
841 1629 973 1690 ecclesia
995 1646 1047 1689 un-

123 1733 219 1793 quam
240 1715 339 1773 victus
362 1719 409 1772 est
396 1711 578 1772 tdtocrinis
604 1718 675 1791 post
697 1732 730 1772 ae
751 1713 847 1791 natis,
870 1719 961 1772 etex
984 1713 1047 1793 qui-

124 1797 182 1858 bus
208 1799 275 1877 ipse
296 1803 385 1856 natus
407 1800 469 1855 hon
493 1795 563 1855 est?
597 1793 685 1869 Quas
706 1803 811 1855 autem·
831 1795 931 1877 gloria
952 1797 1048 1856 victo·

121 1883 197 1957 riae,
220 1882 245 1940 si
267 1887 403 1940 veterem
417 1896 553 1938 errorem
575 1897 738 1960 oppugnes
758 1897 820 1940 non
843 1880 905 1939 alia
925 1881 965 1957 vi,
989 1881 1047 1938 nisi

122 1962 208 2043 quod
230 1982 312 2024 nove
333 1963 516 2022 contrariam
532 1963 640 2022 statuis
652 1962 817 2022 humanam
841 1961 1047 2023 sententiam?

123 2051 269 2107 Attamen
291 2047 350 2106 ista
379 2063 447 2105 mos
470 2044 562 2106 hodie
592 2055 702 2126 regnat
723 2045 946 2107 vincendorum
967 2064 1047 2107 erro·

121 2149 207 2206 rum,
229 2128 301 2190 ideo
324 2136 385 2188 tam
408 2126 538 2190 feliciter
569 2148 757 2209 pugnamus,
780 2129 841 2189 hoc
860 2135 925 2208 est,
946 2128 1051 2189 irride·

123 2233 191 2274 mur
202 2212 235 2292 ²)
258 2212 446 2273 foedissime.

208 2297 277 2357 Non
300 2296 379 2356 haec
392 2294 472 2371 dico,
496 2295 578 2374 qnod
592 2295 734 2356 damnem
749 2296 872 2357 aoncilii
890 2301 1046 2371 statutum,

121 2380 180 2441 aed
202 2377 285 2459 qnod
306 2378 447 2458 indigner
479 2377 526 2438 his
550 2379 699 2458 capitibus
729 2380 957 2459 gravedinosis,
995 2380 1045 2457 qui

123 2483 180 2524 aua
202 2464 419 2544 intempestiva
441 2479 577 2521 errorum
600 2468 631 2520 et
645 2463 731 2521 nihili
754 2464 844 2523 contu
847 2465 965 2523 tatione
987 2481 1044 2521 nos

120 2565 232 2626 omnes
256 2546 388 2607 ludibrio
412 2553 572 2624 exponunt
593 2545 737 2604 Bohemis
747 2565 856 2624 ,quos
879 2564 947 2605 cum
970 2546 1044 2604 scia-

120 2649 190 2691 mus
203 2636 385 2710 exspectare
398 2629 592 2688 autoritatem
606 2627 782 2724 Scripturas
799 2636 830 2688 ct
851 2630 1044 2707 antiquorum

121 2715 255 2789 Panum,
279 2713 464 2792 opponimus
476 2730 538 2771 non
561 2712 619 2770 nisi
631 2713 869 2771 novissimorum
888 2712 1044 2772 hominum

120 2798 306 2858 novissimas
323 2796 512 2874 quisquilias
557 2794 669 2854 Verum
690 2795 830 2868 Bohemi
853 2795 937 2873 nolo,
960 2813 1046 2873 prae-

123 2886 249 2941 sumant
281 2898 339 2939 nec
371 2878 493 2938 rideant
526 2896 634 2939 omnes
656 2886 782 2959 propter
816 2879 873 2937 hoa
895 2877 974 2938 duos
996 2884 1049 2937 sut

123 2971 188 3024 tres
211 2962 391 3022 rudissimos
424 2961 653 3042 sycophantam
689 2967 761 3023 sunt
781 2963 848 3039 alii,
881 2963 931 3040 qui
959 2962 1047 3020 nnius

121 3047 239 3127 speciei
253 3065 344 3106 usum
357 3044 517 3122 suadeant,
540 3044 717 3106 melioribus
730 3045 933 3122 documentis,
956 3062 1046 3123 quam

121 3133 172 3190 isti
194 3130 324 3189 fartores
347 3128 474 3190 iaciunt.

206 3213 269 3272 Iam
303 3229 376 3271 vero
406 3211 558 3272 Achillem
594 3231 681 3271 suum
714 3210 902 3290 producunt,
935 3229 1047 3290 nempe

121 3297 196 3358 illud
217 3296 386 3376 Sapientis:
410 3295 519 3355 Melior
541 3305 589 3355 est
610 3295 787 3355 obedientia
801 3312 892 3372 quam
916 3295 1048 3353 victima.

122 3380 172 3440 Ex
197 3397 257 3457 quo
280 3398 335 3458 pro
374 3377 554 3439 admiranda
584 3378 744 3438 dialectica
774 3395 829 3436 sua
853 3377 1050 3452 concludunt,

120 3465 293 3524 novissimo
320 3461 452 3521 concilio
467 3462 764 3523 esaeobedicndum.
808 3459 838 3521 si
863 3461 1051 3540 hisquaerat

120 3546 297 3623 Bohemus,
321 3544 371 3604 ubi
395 3564 469 3624 ergo
491 3545 549 3604 suit
571 3545 747 3605 obedientia
768 3544 823 3604 illa
846 3551 916 3604 ante
939 3544 1046 3606 decem

195 3735 225 3800 1)
248 3735 277 3785 lu
297 3733 341 3787 ed.
363 3733 436 3786 len:
455 3739 537 3786 essct.
576 3733 606 3796 2)
627 3731 708 3785 lbid.:
729 3730 887 3786 irridemus.

195 3805 225 3874 ¹⁵)
246 3805 341 3858 Matth.
367 3807 405 3860 15.
492 3848 493 3851 η
797 3877 837 3941 10
