2346 4208
206 255 268 329 tto
439 250 443 259 “
481 259 639 328 &sponsa
667 258 697 311 o.
718 257 753 313 a.
772 257 883 319 suasa

207 445 280 529 quid
301 447 419 511 ambira
440 445 575 509 leolam?
597 465 635 511 aa
656 445 801 507 lalieitats
818 445 976 511 dsssoent
997 442 1127 517 verbnm

206 549 267 612 qus
287 531 345 595 Dei
366 528 556 608 necabunt,
582 534 617 591 nt
640 529 749 595 malles
777 547 833 591 eos
854 546 919 591 non
941 527 1051 595 minos
1065 545 1128 589 esse

207 621 309 677 mutos
330 612 372 675 ad
393 612 619 688 disserendum,
649 630 744 691 quom.
762 616 833 675 sunt
854 611 895 673 ad
917 629 977 673 sua
1003 608 1129 691 proben-

206 696 289 773 dnm.
332 695 401 772 Qua
422 696 503 757 enim
526 695 713 774 eruditione,
734 693 812 775 lide,
844 690 1130 765 dexteritate-linos

205 779 310 843 lnoum
333 779 509 860 Sariptsraa
528 778 601 841 huis
620 784 806 858 aptaverunt
825 778 1003 859 proposito,
1024 774 1129 845 aadsro

205 863 274 929 sina
296 861 390 925 dubio
414 881 483 933 msa
504 861 731 939 denintunam,
752 867 785 925 et
805 862 861 923 suis
883 854 1087 942 probassent
1100 857 1129 923 id

207 944 290 1027 qnod
312 964 374 1009 non
396 944 591 1026 ignorabant,
612 944 746 1025 ideoque
766 963 830 1007 non
847 942 1018 1023 audebant,
1039 960 1129 1025 qnos·

209 1037 301 1099 taonn
324 1047 363 1091 ue
379 1029 551 1099 temeritate
573 1036 746 1108 agerentur.
791 1027 881 1089 Tanti
903 1026 1057 1095 momenti
1075 1032 1130 1105 ast,

206 1109 292 1191 qnod
302 1047 540 1173 {salamantinis
561 1112 619 1173 ait:
642 1110 771 1191 Semper
792 1110 965 1191 praesumit
985 1128 1083 1177 saera
1101 1114 1130 1171 at

206 1193 384 1275 perturbata
405 1194 606 1257 oonsoientia.

283 1309 320 1370 Hl
356 1311 588 1393 santiliagistri
623 1311 736 1386 nostri,
771 1309 829 1371 hos
863 1306 988 1371 noeirs
1010 1306 1129 1391 Lipsiae

205 1392 321 1454 indices
343 1410 444 1455 rernm
473 1410 626 1455 saerarum
650 1391 780 1474 urgebat
801 1392 890 1474 eligi,
927 1391 1049 1473 alloqui
1068 1404 1128 1455 non

203 1475 423 1557 disputaturus,
446 1490 576 1556 quonrnr
593 1476 746 1556 inseitlatn
769 1483 799 1536 el
820 1477 1028 1539 temeritatem
1050 1468 1128 1537 hod

203 1558 365 1641 ignorans,
410 1576 472 1621 non
512 1560 624 1621 frustra
655 1559 831 1621 onnntahar.
878 1554 920 1619 lit
954 1556 1032 1639 qnid
1051 1566 1128 1619 'non

203 1643 323 1723 vineat,
358 1642 430 1723 quid
459 1660 522 1704 non
552 1644 697 1724 impetret
735 1642 774 1704 ab
803 1640 892 1703 huius
926 1641 1050 1703 farinas
1068 1646 1126 1702 ton

204 1723 313 1807 doniis,
335 1734 398 1788 tam
420 1725 619 1806 prudentibus
640 1725 833 1803 horninibus,
866 1725 917 1805 qni
947 1722 1127 1787 damnamus

203 1822 267 1906 pro·
282 1809 448 1890 probamus
470 1811 502 1870 in
525 1828 579 1885 ore
602 1809 732 1890 habent,
767 1800 901 1907 etaliud
925 1806 1029 1868 nihil?
1070 1805 1127 1869 oet

202 1892 465 2037 thilia?
485 1889 1127 2054 talliatlztlsttttlt

203 2057 336 2120 seribere
360 2061 400 2120 sit
420 2074 566 2139 neoesss,
590 2059 691 2121 donea
713 2076 790 2120 maa·
804 2057 1044 2120 oonllrtaverint.

242 2191 368 2256 interim
381 2212 487 2263 eorum
500 2194 792 2256 condemnationem
807 2212 872 2255 non
884 2191 968 2255 aliud
980 2192 1124 2271 habituri,

203 2294 293 2355 quam
317 2277 343 2338 si
366 2277 564 2341 nobisebria
591 2279 701 2341 mulier
722 2276 943 2340 maledixisset
987 2274 1124 2352 Quodsi

202 2360 295 2425 etiam
322 2361 352 2421 vi
374 2368 406 2422 et
427 2361 620 2424 multitudine
643 2360 885 2442 praevaluerint,
920 2377 970 2420 me
993 2361 1124 2437 vivente,

203 2460 295 2522 qnam
322 2445 403 2507 viam
431 2445 529 2508 solnm
551 2446 583 2506 in
618 2464 668 2507 me
696 2443 856 2522 affectant,
893 2450 965 2522 post
995 2449 1124 2505 mortam

205 2531 309 2591 aman
332 2533 531 2608 utrorumque
551 2527 708 2609 prohiberi
731 2546 793 2587 non
815 2525 944 2608 poterit,
967 2525 1043 2604 quin
1066 2526 1123 2587 vim

202 2607 276 2675 mihi
297 2609 409 2671 fenam
431 2611 514 2675 lama
534 2611 627 2690 ierat,
650 2630 709 2671 nso
728 2609 824 2673 luisse
844 2627 981 2689 unquam
1003 2608 1123 2677 sonnio

204 2696 280 2757 lam.
330 2692 453 2759 interim
480 2694 647 2757 doetrinae
678 2713 766 2765 meaa
799 2691 1035 2755 fundamentum
1066 2696 1124 2755 stat

202 2773 427 2857 firmissimum,
448 2776 567 2839 habens
589 2777 779 2858 signaculum
801 2775 876 2843 hoo:
903 2774 1004 2837 Novit
1022 2774 1122 2838 Domi·

204 2876 271 2936 nus,
289 2858 340 2937 qui
363 2865 394 2921 st
416 2878 495 2940 ques
518 2868 588 2922 sunt
611 2861 686 2923 eius.
729 2859 762 2921 si
784 2878 824 2920 ex
844 2858 911 2921 Deo
935 2864 994 2937 ast,
1016 2856 1122 2927 dissat

202 2940 234 3003 vi
256 2959 318 3003 non
341 2949 462 3022 potest,
496 2944 522 3004 si
545 2960 586 3005 ax
615 2943 751 3022 homine,
785 2941 900 3003 servari
923 2959 988 3003 non
1013 2947 1121 3022 potest

201 3020 282 3097 Quin
304 3023 334 3083 id
349 3026 439 3087 unice
452 3026 585 3106 gaudeo,
602 3025 740 3087 damnari
754 3026 877 3084 vivente
889 3043 939 3109 me
950 3031 1015 3085 tam
1028 3040 1122 3107 oport

204 3124 295 3186 quam
318 3107 413 3171 rerba
433 3128 503 3171 mea
525 3108 636 3188 abhis,
659 3109 709 3189 qui
731 3109 772 3187 ri,
795 3108 995 3169 nonnatione
1008 3109 1120 3190 agitan-

201 3195 257 3250 tur.
301 3190 409 3253 Dones
433 3194 514 3255 enim
534 3191 704 3259 rationibus
717 3211 780 3253 non
792 3191 928 3269 vineunt,
948 3197 983 3253 et
1004 3192 1037 3253 vi
1050 3209 1120 3273 pug-

200 3278 291 3350 nant,
319 3276 531 3339 oonsoientiae
561 3275 703 3337 lidnsiam
734 3294 772 3337 au
796 3284 850 3336 ent
876 3274 996 3354 potius,
1033 3292 1120 3355 qnam

199 3360 328 3436 tonent,
343 3364 389 3421 et
408 3358 481 3421 mihi
502 3377 573 3421 mea
593 3357 727 3439 probant
746 3294 902 3421 noirandus
923 3356 984 3418 hae
1007 3359 1038 3419 vi
1059 3374 1120 3432 sus,

199 3456 290 3518 quom
313 3459 373 3520 ego
395 3444 515 3505 ratione
529 3439 659 3523 probavi
673 3460 816 3522 unquam.
860 3439 953 3501 Odiat
973 3459 1053 3523 ergo
1074 3439 1120 3503 rel

198 3522 292 3599 smel,
314 3524 367 3602 qui
389 3524 483 3603 volet,
496 3525 634 3587 Christus
658 3543 746 3587 meus
766 3524 850 3603 vivit,
872 3529 904 3584 el
924 3541 986 3605 ego
1010 3525 1119 3601 vivam,

200 3602 301 3665 dones
324 3607 369 3666 vis
392 3607 521 3669 indocta
540 3615 574 3671 et
592 3609 691 3671 insoia
714 3627 834 3671 mesum
855 3613 984 3688 pugnat
1006 3606 1119 3671 Soitnm

197 3693 246 3753 est
266 3687 341 3759 illud
365 3688 586 3772 chrysostomi:
608 3692 740 3755 Armate
761 3710 795 3753 se
815 3690 1003 3753 Pharisaeos
1025 3690 1119 3753 multi·

197 3769 318 3852 asos,
333 3773 472 3854 arando
493 3794 529 3847 ss
550 3774 650 3843 nudos
672 3794 745 3843 assa
763 3772 1118 3855 veriats·nrottsrm;
