2346 4208
425 259 461 314 de
478 261 668 315 matrimonio.
948 257 1009 322 eal
1071 229 1077 301 ¹,

86 441 194 521 εον)
216 443 329 505 iecisse
348 443 476 522 dieitur,
510 445 560 523 qui
587 463 656 504 oum
679 444 709 504 in
733 444 856 504 sirmate
877 442 1010 522 quadam

88 524 209 588 videret
229 527 364 606 puellam
383 527 572 607 elegantem,
594 534 727 606 atquae
748 527 777 586 ai
798 526 943 606 plenemt,
964 545 1010 589 ra-

87 627 195 669 vsrsus
216 609 257 670 ad
279 617 440 690 parentes,
477 611 566 683 Vidi,
593 611 707 690 inquit,
739 609 890 689 puellam,
918 627 1008 688 quam

89 709 172 771 amo,
191 711 270 773 rogo
293 712 360 771 vos,
386 692 458 755 date
480 693 552 753 mihi
573 693 657 753 illam
680 695 710 753 in
734 710 871 758 uxorem.

171 774 306 837 Tertium
328 776 444 838 bonum
466 777 651 837 matrimonii
672 777 786 836 fruetus
809 775 935 844 dieitur„
957 775 1010 854 qni

86 855 158 918 linis
177 865 211 918 st
232 857 368 920 ofiioium
388 860 574 920 matrimonii
596 860 793 938 praeeipuam
816 866 872 919 est.
901 859 1007 937 Porro,

89 947 123 1000 ut
143 939 287 1004 doetores
309 942 349 1002 de
369 942 469 1003 iruotn
490 943 670 1021 loquuntur,
706 961 775 1002 oum
805 941 912 1003 dieunt
932 942 1008 1001 frue-

87 1030 151 1083 tum
180 1042 330 1086 exousare
358 1032 542 1105 peeoatum5
576 1044 637 1086 non
671 1027 745 1085 satis
777 1032 824 1085 est
851 1025 1010 1105 eoaepisse

86 1104 217 1168 finolam
238 1109 434 1187 matrimonii,
456 1109 515 1185 nisi
537 1108 684 1169 adunatur
705 1108 744 1168 ad
763 1107 886 1169 laudem
909 1116 940 1168 et
954 1107 1009 1170 -ho-

88 1207 196 1249 norem
232 1191 305 1269 Dei,
339 1191 454 1271 alioqui
485 1191 616 1272 gentiles
645 1192 727 1251 huno
759 1191 888 1252 sinotum
914 1192 1009 1252 etiam

88 1271 213 1335 hahent.
236 1273 315 1337 Sunt
336 1275 387 1353 qui
409 1275 510 1334 solum
532 1275 682 1337 haeredes
705 1282 864 1354 quaerunt,
885 1274 934 1334 val
959 1273 1009 1334 de·

88 1352 348 1418 laetationom⁰ex
370 1360 488 1437 pueris,
518 1358 593 1418 nihil
620 1365 761 1418 ourantes
788 1357 919 1446 gloriam
941 1357 1011 1436 Deis

87 1437 128 1500 ad
151 1457 243 1518 quam
265 1446 424 1519 oporteret
444 1461 568 1521 semper
589 1449 740 1521 spectare.
784 1441 824 1500 llt
844 1449 925 1519 sunt,
948 1441 1009 1520 qui,

86 1539 157 1581 omn
178 1522 323 1602 ignorent
344 1532 511 1603 praerepta
532 1524 600 1602 Dei,
621 1525 765 1604 ignorent
786 1524 931 1603 pietatem
955 1543 1007 1603 pu·

78 1600 148 1665 'eas
170 1606 384 1668 ineuloandam
406 1607 588 1687 praecipue,
624 1615 768 1686 parentes
798 1615 900 1666 tamen
923 1604 1009 1668 liunt.

86 1686 156 1748 Hoo
177 1688 312 1767 audiant,
334 1690 385 1769 qui
407 1691 438 1750 in
458 1691 653 1750 matrimonio
665 1689 803 1768 oopnlati
824 1697 904 1763 sunt,
926 1688 1026 1767 quod·

87 1771 205 1831 nullum
234 1791 312 1852 opus
342 1773 410 1833 Deo
437 1775 570 1853 gratius,
605 1772 797 1832 Christianae
822 1772 1011 1851 reipublioae
1097 1794 1099 1802 ¹

86 1853 163 1914 nihil
190 1855 309 1933 utilius,
344 1855 520 1935 parentibus
556 1863 587 1916 et
617 1855 722 1917 liberis
758 1854 832 1915 nihil
860 1855 1009 1915 salubrius

86 1938 270 2017 oonnngere
292 1945 409 2018 polest,
442 1958 534 2018 quam
562 1941 587 1998 si
610 1940 695 2018 pueri
722 1939 772 2018 pie
802 1939 1009 1998 instituantur.

86 2019 354 2099 Peregrinationes
376 2022 416 2081 ad
439 2023 587 2099 Ronmm,
616 2022 835 2099 Hierusalem‚'
859 2021 898 2081 ad
920 2019 1009 2081 Gom-

86 2103 251 2182 postellam
287 2103 316 2167 S.
339 2105 461 2182 larabi,
497 2105 573 2165 nihil
602 2114 672 2165 sunt
700 2105 834 2165 collatae
868 2104 907 2164 ad
940 2104 1009 2182 hoc,

87 2185 171 2264 quod
198 2194 245 2248 est
273 2206 329 2248 oen
361 2189 448 2268 rogia
476 2190 526 2248 via
547 2189 724 2268 parentibus
749 2187 946 2268 perveniendi
970 2187 1008 2247 ad

86 2289 216 2348 regnum
238 2270 304 2331 Dei.
349 2272 511 2332 Praeterea
539 2272 599 2331 hoo
622 2271 723 2332 oflioio
747 2292 852 2332 carere
874 2279 935 2330 tam
959 2271 1008 2330 ab·

87 2353 212 2412 surdum
242 2353 374 2432 videtur,
403 2373 499 2433 ⁸quam
527 2356 630 2434 ignem
659 2375 720 2415 non
752 2375 859 2432 urere,
896 2373 1008 2434 aquam

85 2454 149 2497 non
173 2436 359 2497 humectare.

170 2519 211 2580 Ut
232 2540 305 2600 ergo
339 2521 370 2579 in
394 2520 495 2580 liberis
524 2522 581 2579 tuis
613 2521 751 2597 eoelum,
788 2523 833 2581 sie
854 2522 1006 2580 infernum

87 2620 211 2680 quoque
232 2604 379 2663 citissime
401 2604 546 2663 meruisti.
584 2603 666 2662 Nihil
688 2604 846 2681 abientius,
869 2623 1008 2663 exsecra·

88 2684 219 2746 biliusve
246 2687 370 2762 feceris,
406 2706 497 2764 quam
527 2688 552 2746 si
578 2687 769 2766 negligenter
799 2706 910 2765 pueros
939 2693 1008 2746 tuoe
1058 2688 1059 2694 ’
1137 2669 1140 2677 ¹

85 2768 219 2845 educas,
250 2769 332 2847 quod
362 2777 425 2831 tum
447 2768 498 2845 fit,
534 2769 657 2848 qnando
686 2771 761 2829 sinis
786 2769 1008 2848 blasphemare,

86 2850 280 2930 impudenter
311 2852 415 2930 loqui,
448 2854 583 2931 impnraa
613 2852 783 2912 cantilenas
806 2854 943 2930 dissere,
979 2858 1009 2911 et

84 2936 171 2993 iuxta
194 2954 319 3013 pravam
343 2954 447 2995 eorum
471 2937 660 2998 uoluntatem
684 2937 797 2996 vivere.

29 3084 33 3092 ‚
169 3016 260 3079 Tales
283 3026 354 3079 sunt
370 3018 504 3096 quidam,
527 3021 577 3098 qui
594 3039 707 3098 pueros
719 3019 872 3079 indecenti
896 3019 1007 3077 amietu

86 3098 126 3159 ad
149 3100 294 3161 mundum
317 3102 472 3179 alliciunt,
501 3103 540 3162 ad
562 3121 708 3182 pompam
731 3110 762 3162 et
782 3104 893 3162 fastum
917 3102 1008 3177 vitae,

61 3182 125 3243 .ad
146 3183 268 3244 divitias
291 3186 448 3264 instigant,
471 3185 509 3245 ad
533 3186 678 3262 honores,
701 3187 799 3265 inagis
821 3185 945 3246 solliciti
968 3183 1007 3243 de
1120 3238 1121 3242 ,

87 3284 217 3345 corpore
242 3286 332 3345 qnam
355 3270 457 3328 anima
480 3288 658 3347 puerorum,
690 3288 790 3347 neque
807 3267 1007 3329 oonsideran-

87 3354 133 3408 tes
157 3351 320 3409 maximam
353 3352 501 3411 iacturam
522 3353 683 3421 imminere
705 3352 795 3412 rebus
819 3352 1008 3428 Christianis,

86 3451 141 3510 per
163 3452 274 3511 pueros
297 3452 457 3512 perperam
480 3437 659 3514 institutos,
682 3455 760 3514 quae
783 3436 808 3493 si
831 3433 944 3495 debent
962 3455 1007 3493 re·

86 3516 229 3593 tenuari,
251 3535 380 3577 neeesse
402 3524 465 3595 eet,
489 3524 520 3577 ut
543 3520 614 3578 olim
639 3540 658 3580 a
681 3520 781 3597 pneris
804 3517 857 3577 liat
877 3519 1006 3578 initium.

169 3598 237 3660 Hoo
269 3601 389 3660 tertium
423 3600 536 3662 bonum
564 3603 747 3664 matrimonii
772 3603 937 3660 maximum
962 3609 1008 3660 est

159 3740 501 3853 ·›‘'1la‘0s1lss⁶*”

730 3861 799 3927 aa·
