2346 4208
133 249 176 318 88
350 252 509 322 Disputatio
529 253 636 321 Lipsiae
654 252 747 308 habita
764 269 787 306 a.
806 251 872 308 XIX

131 440 298 519 eoolesiae,
325 439 378 500 ille
406 439 488 500 enim
518 442 566 499 est
587 418 765 519 principalis
788 439 948 502 Dominus.
992 440 1056 504 Sed

132 525 204 604 quia
225 524 347 584 Petrum
378 521 537 583 constituit
558 522 722 595 doarium,
755 529 787 584 et
808 530 997 604 potestatem
1026 525 1055 588 ei

129 625 223 688 super
236 612 302 668 tota
314 604 446 668 eeclesia
458 603 598 680 eontulit,
620 604 824 679 uti1)S.Leo
847 627 915 669 oen.
937 607 1053 677 ItaDo·

131 691 230 751 minus
253 692 303 754 21.
326 688 395 749 dist.
419 693 556 748 testatur.
579 688 619 748 Et
642 689 735 750 miror
755 689 939 771 plurimum,
971 691 1056 771 quod

129 774 237 835 relioto
262 778 348 834 textu
371 771 401 834 S.
424 770 538 831 Leonis
559 771 746 833 reverendus
767 772 858 835 Pater
887 775 994 855 arripit
1012 774 1055 837 ibi

129 876 220 918 unam
243 856 380 938 glossam
402 855 500 915 textui
521 856 714 919 eontrarium.
750 855 816 918 Imo
838 863 957 918 tanturn
979 876 1052 919 oon-

127 940 186 1001 fert
207 939 328 1002 Christo
350 937 528 999 aseendenti
550 937 589 998 ad
612 939 741 1019 eoelos,
763 943 796 1001 ut
816 940 887 1002 looo
909 942 957 1002 sui
979 960 1051 1003 oon·

127 1024 268 1084 stitueret
288 1023 339 1082 hio
361 1022 506 1082 vinarium
529 1027 642 1101 eaput,
674 1021 714 1082 ad
741 1022 824 1103 quod
847 1034 930 1085 esset
951 1043 1053 1087 recur-

128 1126 179 1168 sus
200 1107 232 1167 in
254 1105 354 1167 dubiis
376 1110 409 1165 et
428 1104 496 1165 aliis
518 1103 640 1166 casibus
662 1106 900 1188 emergentibus,
922 1124 965 1170 ue
987 1113 1055 1169 tota

127 1189 239 1250 Christi
258 1186 392 1250 ecelesia
413 1194 496 1248 esset
516 1205 609 1247 uuum
632 1189 792 1250 confusum
814 1190 910 1252 ohaoa
928 1190 1053 1252 Anaxa-

126 1272 387 1354 gorioum.1stum
409 1271 593 1331 sententiam
617 1276 683 1332 tota
704 1278 789 1333 tenet
811 1272 952 1355 ousiosis,
974 1275 1054 1336 siout

127 1357 224 1416 estin
245 1355 457 1435 responsorio,
480 1372 541 1432 quo
565 1353 698 1416 eeclesia
717 1354 756 1416 de
778 1354 808 1418 S.
831 1357 922 1417 Petro
945 1357 1054 1419 utitur:

126 1439 172 1500 du
200 1458 242 1499 es
263 1442 369 1519 pastor
391 1437 516 1513 ovium,
544 1437 689 1517 princeps
716 1438 939 1518 apostolorum.
983 1439 1052 1502 Tibi

126 1521 251 1583 tradidit
278 1521 362 1582 Deus
385 1520 490 1580 omnia
516 1520 750 1600 ragnemundi.
795 1522 841 1583 lta
874 1541 1000 1584 oramus
1023 1524 1055 1584 in

124 1605 267 1666 eoelesia.
289 1604 355 1664 Imo
379 1602 500 1663 divinus
522 1603 714 1682 Fraudisous,
744 1604 852 1686 sigiliis
874 1607 1052 1686 stigmatum

125 1687 333 1769 approbatus,
359 1687 469 1747 tratres
502 1704 575 1746 suos
602 1692 751 1747 ettotam
773 1688 879 1749 orbem
904 1696 1051 1771 terrarum

126 1770 231 1832 doouit
252 1768 380 1831 obedire
408 1787 529 1829 summo
552 1768 707 1848 Pontifici,
741 1776 773 1831 et
799 1771 830 1832 in
856 1772 965 1853 regula
992 1771 1055 1835 hoo

124 1854 293 1934 praeoepit.
336 1851 412 1914 Ideo
444 1851 482 1912 de
511 1870 549 1911 eo
580 1853 661 1912 oanit
689 1853 835 1914 eoolesia:
876 1855 1063 1919 Fraudisous.

124 1937 172 1997 vir
193 1935 363 1998 natholious
388 1941 419 1995 et
433 1940 517 1995 totus
529 1934 718 2014 apostoliens
740 1936 950 1999 tenerefidem
963 1938 1054 2002 Rom.
1096 1974 1098 1979 ·

126 2019 279 2081 eoolesiae
307 2017 422 2080 doouit.
450 2017 496 2077 ltu
517 2017 638 2096 plurimi
667 2021 776 2080 summi
798 2020 978 2097 Pontifloes,
1011 2023 1056 2085 ita

127 2120 215 2164 saura
243 2099 375 2162 oonailia
407 2098 632 2179 definiverunt,
660 2121 740 2182 quae
770 2103 930 2166 brevitatis
951 2104 1054 2168 studio

124 2204 187 2247 uon
210 2184 340 2246 adduoo.
357 2182 515 2271 'Plurimae
539 2202 662 2263 quoque
684 2184 714 2246 S.
738 2187 859 2249 Petrum
882 2189 1055 2251 sententiae

122 2269 205 2330 idem
234 2272 348 2329 sonant
377 2273 409 2327 et
429 2266 610 2347 approbant.
650 2266 737 2343 Quae
764 2272 876 2332 omnia
897 2290 954 2332 suo
977 2277 1055 2334 tem·

124 2370 219 2432 pore,
250 2368 319 2410 oum
341 2349 448 2411 videro
470 2350 631 2411 reverendi
653 2351 750 2413 Patris
772 2359 934 2415 traomtum
957 2373 1057 2435 super

122 2435 183 2495 hoo
205 2434 333 2512 negotio
354 2431 508 2493 adduoere
529 2451 591 2493 non
615 2434 779 2516 negligam,

205 2517 237 2579 si
258 2522 360 2577 tamen
382 2517 529 2597 primatus
551 2515 641 2577 Rom.
669 2517 826 2579 Pontiflois
855 2525 974 2580 tantum
996 2521 1057 2585 iuri

121 2601 259 2661 innititur
277 2599 423 2678 humano,
446 2604 477 2659 et
497 2598 635 2660 elevatur
656 2618 809 2662 consensu
831 2603 946 2682 populi,
970 2602 1054 2665 unde

121 2692 194 2744 tuno
215 2681 376 2743 reverendi
388 2681 484 2742 Patris
507 2682 711 2744 mendicitatis
727 2685 943 2767 privilegium?
963 2685 1054 2748 Unde
1080 2720 1083 2725 ·

122 2767 180 2827 iste
215 2765 374 2844 religionis
412 2764 565 2826 habitus?
617 2765 707 2827 Unde
749 2774 887 2848 potestas
934 2769 1054 2831 uouiss-
1082 2842 1085 2850 Α

122 2851 226 2911 aiones
263 2845 422 2925 audiendi,
452 2846 666 2926 praedicandi,
700 2867 769 2910 oum
803 2850 871 2911 aliis
905 2852 1053 2914 inumeris

120 2931 300 3012 privilegiis,
322 2928 431 3010 quibus
455 2949 473 2989 a
496 2930 571 2991 sede
592 2930 767 3011 apostoliea
787 2933 966 3010 obruuntur,
989 2936 1054 3015 epi·

121 3016 240 3095 soopis,
271 3012 511 3093 archiepiscopis
541 3020 572 3074 et
594 3015 705 3075 curatis
727 3015 902 3094 frequenter
930 3024 1052 3079 eontra·

123 3095 323 3159 dioeutibus?
362 3094 421 3171 Qui
443 3102 545 3156 tamen
582 3102 615 3156 ut
643 3095 699 3157 filii
728 3097 925 3160 obedieutiae
961 3098 1052 3162 Rom.

119 3179 301 3241 Pontificem
324 3178 460 3258 audiunt,
484 3186 515 3238 et
535 3179 566 3237 iu
579 3198 617 3239 eo
633 3178 796 3259 Christum,
821 3188 853 3242 ut
875 3182 1053 3264 sioperpa·

120 3263 245 3324 tientiae
272 3262 387 3323 bonum
418 3263 512 3321 vitam
541 3260 748 3342 adipiaoantur
774 3271 941 3327 aeternam.

202 3346 287 3406 Haeo
308 3344 413 3406 brevia
437 3343 518 3404 votui
541 3343 676 3406 adiicere
712 3347 742 3406 in
772 3349 927 3428 praesenti
950 3347 1051 3430 dispu-

119 3430 245 3489 tationis
268 3427 413 3508 negotio,
437 3432 585 3505 quantum
607 3433 727 3509 tempus
750 3429 843 3510 dedit,
866 3430 955 3512 plura
975 3432 1052 3493 alio·

120 3513 192 3591 quin
215 3510 370 3586 allaturus,
394 3510 451 3569 nisi
473 3510 628 3571 fastidium
651 3531 700 3573 me
721 3512 907 3575 absterreret
929 3520 961 3575 et
982 3515 1051 3577 illu·

121 3595 260 3671 dirissimi
282 3593 430 3673 Principis
452 3593 561 3658 iussus,

158 3752 190 3821 1)
211 3754 241 3808 ln
259 3753 302 3809 ed.
323 3757 413 3827 orig:
433 3758 489 3813 ubi.
