<?xml version="1.0" encoding="UTF-8"?>
<!DOCTYPE html PUBLIC "-//W3C//DTD XHTML 1.0 Transitional//EN"
    "http://www.w3.org/TR/xhtml1/DTD/xhtml1-transitional.dtd">
<html xmlns="http://www.w3.org/1999/xhtml" xml:lang="en" lang="en">
 <head>
  <title>
</title>
<meta http-equiv="Content-Type" content="text/html;charset=utf-8" />
  <meta name='ocr-system' content='tesseract 3.04.00' />
  <meta name='ocr-capabilities' content='ocr_page ocr_carea ocr_par ocr_line ocrx_word'/>
</head>
<body>
  <div class='ocr_page' id='page_1' title='image "./dmartinilutheri04luthgoog_0427.png"; bbox 0 0 2346 4208; ppageno 0'>
   <div class='ocr_carea' id='block_1_1' title="bbox 188 232 828 298">
    <p class='ocr_par' dir='ltr' id='par_1_1' title="bbox 188 232 828 298">
     <span class='ocr_line' id='line_1_1' title="bbox 188 232 828 298; baseline -0.016 0"><span class='ocrx_word' id='word_1_1' title='bbox 188 232 251 298; x_wconf 87' lang='grc'><strong>416</strong></span> <span class='ocrx_word' id='word_1_2' title='bbox 471 235 502 288; x_wconf 90' lang='lat' dir='ltr'><strong>ll.</strong></span> <span class='ocrx_word' id='word_1_3' title='bbox 522 235 626 294; x_wconf 83' lang='lat' dir='ltr'><strong>Coneio</strong></span> <span class='ocrx_word' id='word_1_4' title='bbox 646 235 683 289; x_wconf 66' lang='lat' dir='ltr'><strong>D.</strong></span> <span class='ocrx_word' id='word_1_5' title='bbox 698 235 731 290; x_wconf 80' lang='lat' dir='ltr'><strong>u.</strong></span> <span class='ocrx_word' id='word_1_6' title='bbox 750 235 828 290; x_wconf 89' lang='lat' dir='ltr'><strong>Luth.</strong></span> 
     </span>
    </p>
   </div>
   <div class='ocr_carea' id='block_1_2' title="bbox 188 422 1110 752">
    <p class='ocr_par' dir='ltr' id='par_1_2' title="bbox 189 422 1110 647">
     <span class='ocr_line' id='line_1_2' title="bbox 189 422 1109 502; baseline -0.002 -19"><span class='ocrx_word' id='word_1_7' title='bbox 189 440 264 483; x_wconf 87' lang='lat' dir='ltr'><strong>crux</strong></span> <span class='ocrx_word' id='word_1_8' title='bbox 285 422 380 501; x_wconf 90' lang='lat' dir='ltr'><strong>ipsius</strong></span> <span class='ocrx_word' id='word_1_9' title='bbox 402 428 455 482; x_wconf 93' lang='lat' dir='ltr'><strong>tua</strong></span> <span class='ocrx_word' id='word_1_10' title='bbox 477 423 537 482; x_wconf 92' lang='lat' dir='ltr'><strong>sint</strong></span> <span class='ocrx_word' id='word_1_11' title='bbox 558 430 701 502; x_wconf 91' lang='lat' dir='ltr'><strong>peecata,</strong></span> <span class='ocrx_word' id='word_1_12' title='bbox 724 442 802 502; x_wconf 89' lang='lat' dir='ltr'><strong>quae</strong></span> <span class='ocrx_word' id='word_1_13' title='bbox 826 441 895 482; x_wconf 91' lang='lat' dir='ltr'><strong>eum</strong></span> <span class='ocrx_word' id='word_1_14' title='bbox 917 423 947 481; x_wconf 90' lang='lat' dir='ltr'><strong>in</strong></span> <span class='ocrx_word' id='word_1_15' title='bbox 971 441 1005 482; x_wconf 90' lang='lat' dir='ltr'><strong>se</strong></span> <span class='ocrx_word' id='word_1_16' title='bbox 1026 440 1109 483; x_wconf 90' lang='lat' dir='ltr'><strong>reee-</strong></span> 
     </span>
     <span class='ocr_line' id='line_1_3' title="bbox 189 503 1110 647; baseline 0 -83"><span class='ocrx_word' id='word_1_17' title='bbox 189 506 268 647; x_wconf 56' lang='lat' dir='ltr'><strong>Eqrit</strong></span> <span class='ocrx_word' id='word_1_18' title='bbox 294 503 449 581; x_wconf 90' lang='lat' dir='ltr'><strong>Christus,</strong></span> <span class='ocrx_word' id='word_1_19' title='bbox 483 524 539 584; x_wconf 95' lang='lat' dir='ltr'><strong>pro</strong></span> <span class='ocrx_word' id='word_1_20' title='bbox 577 507 621 566; x_wconf 89' lang='lat' dir='ltr'><strong>eis</strong></span> <span class='ocrx_word' id='word_1_21' title='bbox 653 525 775 585; x_wconf 91' lang='lat' dir='ltr'><strong>quoque</strong></span> <span class='ocrx_word' id='word_1_22' title='bbox 812 504 971 568; x_wconf 78' lang='lat' dir='ltr'><strong>satisfecit.</strong></span> <span class='ocrx_word' id='word_1_23' title='bbox 1024 504 1110 566; x_wconf 87' lang='lat' dir='ltr'><strong>Sieut</strong></span> 
     </span>
    </p>

    <p class='ocr_par' dir='ltr' id='par_1_3' title="bbox 188 589 1110 752">
     <span class='ocr_line' id='line_1_4' title="bbox 232 589 1109 668; baseline -0.001 -20"><span class='ocrx_word' id='word_1_24' title='bbox 232 589 270 651; x_wconf 88' lang='lat' dir='ltr'><strong>ai.</strong></span> <span class='ocrx_word' id='word_1_25' title='bbox 294 590 343 651; x_wconf 76' lang='lat'><strong>53.</strong></span> <span class='ocrx_word' id='word_1_26' title='bbox 365 590 420 649; x_wconf 88' lang='lat' dir='ltr'><strong>ait:</strong></span> <span class='ocrx_word' id='word_1_27' title='bbox 444 589 550 648; x_wconf 92' lang='lat' dir='ltr'><strong>Posuit</strong></span> <span class='ocrx_word' id='word_1_28' title='bbox 561 589 710 649; x_wconf 87' lang='lat' dir='ltr'><strong>Dominus</strong></span> <span class='ocrx_word' id='word_1_29' title='bbox 733 591 763 648; x_wconf 93' lang='lat' dir='ltr'><strong>iu</strong></span> <span class='ocrx_word' id='word_1_30' title='bbox 787 608 824 649; x_wconf 91' lang='lat' dir='ltr'><strong>eo</strong></span> <span class='ocrx_word' id='word_1_31' title='bbox 847 590 1025 668; x_wconf 76' lang='lat' dir='ltr'><strong>iniquitates</strong></span> <span class='ocrx_word' id='word_1_32' title='bbox 1047 607 1109 648; x_wconf 92' lang='lat' dir='ltr'><strong>om-</strong></span> 
     </span>
     <span class='ocr_line' id='line_1_5' title="bbox 188 670 1110 752; baseline -0.001 -21"><span class='ocrx_word' id='word_1_33' title='bbox 188 671 271 731; x_wconf 86' lang='lat' dir='ltr'><strong>nium</strong></span> <span class='ocrx_word' id='word_1_34' title='bbox 294 680 441 732; x_wconf 91' lang='lat' dir='ltr'><strong>nostrum.</strong></span> <span class='ocrx_word' id='word_1_35' title='bbox 485 670 525 731; x_wconf 83' lang='lat' dir='ltr'><strong>Et</strong></span> <span class='ocrx_word' id='word_1_36' title='bbox 548 675 574 732; x_wconf 89' lang='lat' dir='ltr'><strong>l.</strong></span> <span class='ocrx_word' id='word_1_37' title='bbox 597 672 661 732; x_wconf 91' lang='lat' dir='ltr'><strong>Pet.</strong></span> <span class='ocrx_word' id='word_1_38' title='bbox 684 674 718 733; x_wconf 81' lang='lat'><strong>2:</strong></span> <span class='ocrx_word' id='word_1_39' title='bbox 748 672 818 752; x_wconf 92' lang='lat' dir='ltr'><strong>lpse</strong></span> <span class='ocrx_word' id='word_1_40' title='bbox 843 673 875 731; x_wconf 91' lang='lat' dir='ltr'><strong>in</strong></span> <span class='ocrx_word' id='word_1_41' title='bbox 898 690 954 732; x_wconf 92' lang='lat' dir='ltr'><strong>suo</strong></span> <span class='ocrx_word' id='word_1_42' title='bbox 978 688 1110 750; x_wconf 90' lang='lat' dir='ltr'><strong>corpore</strong></span> 
     </span>
    </p>
   </div>
   <div class='ocr_carea' id='block_1_3' title="bbox 99 753 1108 835">
    <p class='ocr_par' dir='ltr' id='par_1_4' title="bbox 99 753 1108 835">
     <span class='ocr_line' id='line_1_6' title="bbox 99 753 1108 835; baseline -0.003 -21"><span class='ocrx_word' id='word_1_43' title='bbox 99 779 103 786; x_wconf 90' lang='lat'>·</span> <span class='ocrx_word' id='word_1_44' title='bbox 188 761 295 815; x_wconf 85' lang='lat' dir='ltr'><strong>nostra</strong></span> <span class='ocrx_word' id='word_1_45' title='bbox 315 763 444 833; x_wconf 89' lang='lat' dir='ltr'><strong>peecata</strong></span> <span class='ocrx_word' id='word_1_46' title='bbox 467 754 590 832; x_wconf 91' lang='lat' dir='ltr'><strong>pertulit</strong></span> <span class='ocrx_word' id='word_1_47' title='bbox 618 755 648 814; x_wconf 92' lang='lat' dir='ltr'><strong>in</strong></span> <span class='ocrx_word' id='word_1_48' title='bbox 679 754 764 835; x_wconf 88' lang='lat' dir='ltr'><strong>ligno</strong></span> <span class='ocrx_word' id='word_1_49' title='bbox 788 756 895 816; x_wconf 91' lang='lat' dir='ltr'><strong>crucis.</strong></span> <span class='ocrx_word' id='word_1_50' title='bbox 939 753 979 813; x_wconf 81' lang='lat' dir='ltr'><strong>Et</strong></span> <span class='ocrx_word' id='word_1_51' title='bbox 996 753 1108 814; x_wconf 89' lang='lat' dir='ltr'><strong>Paulus</strong></span> 
     </span>
    </p>
   </div>
   <div class='ocr_carea' id='block_1_4' title="bbox 142 836 1110 1747">
    <p class='ocr_par' dir='ltr' id='par_1_5' title="bbox 142 836 1110 1664">
     <span class='ocr_line' id='line_1_7' title="bbox 188 836 1108 916; baseline -0.007 -14"><span class='ocrx_word' id='word_1_52' title='bbox 188 839 218 902; x_wconf 89' lang='lat'><strong>2.</strong></span> <span class='ocrx_word' id='word_1_53' title='bbox 242 836 376 898; x_wconf 81' lang='lat' dir='ltr'><strong>Corinth.</strong></span> <span class='ocrx_word' id='word_1_54' title='bbox 400 842 433 900; x_wconf 67' lang='grc' dir='ltr'><strong>ὃς</strong></span> <span class='ocrx_word' id='word_1_55' title='bbox 455 836 550 914; x_wconf 87' lang='lat' dir='ltr'><strong>Eum,</strong></span> <span class='ocrx_word' id='word_1_56' title='bbox 580 836 630 916; x_wconf 84' lang='lat' dir='ltr'><strong>qui</strong></span> <span class='ocrx_word' id='word_1_57' title='bbox 657 844 818 916; x_wconf 87' lang='lat' dir='ltr'><strong>peceatum</strong></span> <span class='ocrx_word' id='word_1_58' title='bbox 842 857 905 898; x_wconf 90' lang='lat' dir='ltr'><strong>uon</strong></span> <span class='ocrx_word' id='word_1_59' title='bbox 928 838 1029 916; x_wconf 90' lang='lat' dir='ltr'><strong>novit,</strong></span> <span class='ocrx_word' id='word_1_60' title='bbox 1052 855 1108 915; x_wconf 91' lang='lat' dir='ltr'><strong>pro</strong></span> 
     </span>
     <span class='ocr_line' id='line_1_8' title="bbox 188 919 1108 1000; baseline -0.001 -20"><span class='ocrx_word' id='word_1_61' title='bbox 188 920 277 980; x_wconf 90' lang='lat' dir='ltr'><strong>nobis</strong></span> <span class='ocrx_word' id='word_1_62' title='bbox 290 921 373 980; x_wconf 90' lang='lat' dir='ltr'><strong>Deus</strong></span> <span class='ocrx_word' id='word_1_63' title='bbox 395 926 556 1000; x_wconf 88' lang='lat' dir='ltr'><strong>peceatum</strong></span> <span class='ocrx_word' id='word_1_64' title='bbox 578 920 660 997; x_wconf 87' lang='lat' dir='ltr'><strong>fecit,</strong></span> <span class='ocrx_word' id='word_1_65' title='bbox 684 926 716 980; x_wconf 92' lang='lat' dir='ltr'><strong>ut</strong></span> <span class='ocrx_word' id='word_1_66' title='bbox 738 940 794 981; x_wconf 90' lang='lat' dir='ltr'><strong>nos</strong></span> <span class='ocrx_word' id='word_1_67' title='bbox 814 919 1005 998; x_wconf 86' lang='lat' dir='ltr'><strong>efficeremur</strong></span> <span class='ocrx_word' id='word_1_68' title='bbox 1026 920 1108 979; x_wconf 89' lang='lat' dir='ltr'><strong>iusti-</strong></span> 
     </span>
     <span class='ocr_line' id='line_1_9' title="bbox 188 1003 503 1082; baseline -0.003 -19"><span class='ocrx_word' id='word_1_69' title='bbox 188 1004 233 1064; x_wconf 84' lang='lat' dir='ltr'><strong>tia</strong></span> <span class='ocrx_word' id='word_1_70' title='bbox 253 1004 311 1063; x_wconf 89' lang='lat' dir='ltr'><strong>Dei</strong></span> <span class='ocrx_word' id='word_1_71' title='bbox 333 1003 503 1082; x_wconf 86' lang='lat' dir='ltr'><strong>perillum.</strong></span> 
     </span>
     <span class='ocr_line' id='line_1_10' title="bbox 193 1085 1109 1166; baseline -0.001 -22"><span class='ocrx_word' id='word_1_72' title='bbox 193 1124 197 1136; x_wconf 80' lang='lat'><em>·</em></span> <span class='ocrx_word' id='word_1_73' title='bbox 271 1085 394 1160; x_wconf 79' lang='lat' dir='ltr'><strong>Quanto</strong></span> <span class='ocrx_word' id='word_1_74' title='bbox 416 1087 507 1165; x_wconf 84' lang='lat' dir='ltr'><strong>igitur</strong></span> <span class='ocrx_word' id='word_1_75' title='bbox 533 1087 631 1166; x_wconf 86' lang='lat' dir='ltr'><strong>magis</strong></span> <span class='ocrx_word' id='word_1_76' title='bbox 661 1094 690 1146; x_wconf 92' lang='lat' dir='ltr'><strong>te</strong></span> <span class='ocrx_word' id='word_1_77' title='bbox 718 1094 770 1147; x_wconf 88' lang='lat' dir='ltr'><strong>tua</strong></span> <span class='ocrx_word' id='word_1_78' title='bbox 792 1087 982 1146; x_wconf 85' lang='lat' dir='ltr'><strong>conscientia</strong></span> <span class='ocrx_word' id='word_1_79' title='bbox 1003 1102 1109 1145; x_wconf 85' lang='lat' dir='ltr'><strong>exeru-</strong></span> 
     </span>
     <span class='ocr_line' id='line_1_11' title="bbox 189 1167 1108 1247; baseline -0.005 -18"><span class='ocrx_word' id='word_1_80' title='bbox 189 1169 265 1247; x_wconf 87' lang='lat' dir='ltr'><strong>eist,</strong></span> <span class='ocrx_word' id='word_1_81' title='bbox 289 1175 373 1229; x_wconf 90' lang='lat' dir='ltr'><strong>tanto</strong></span> <span class='ocrx_word' id='word_1_82' title='bbox 396 1176 428 1229; x_wconf 93' lang='lat' dir='ltr'><strong>tu</strong></span> <span class='ocrx_word' id='word_1_83' title='bbox 449 1167 564 1228; x_wconf 86' lang='lat' dir='ltr'><strong>firmius</strong></span> <span class='ocrx_word' id='word_1_84' title='bbox 587 1187 624 1228; x_wconf 85' lang='lat' dir='ltr'><strong>ae</strong></span> <span class='ocrx_word' id='word_1_85' title='bbox 646 1168 904 1229; x_wconf 84' lang='lat' dir='ltr'><strong>constantiushis</strong></span> <span class='ocrx_word' id='word_1_86' title='bbox 926 1175 1018 1247; x_wconf 88' lang='lat' dir='ltr'><strong>atque</strong></span> <span class='ocrx_word' id='word_1_87' title='bbox 1041 1168 1108 1232; x_wconf 79' lang='lat' dir='ltr'><strong>aliis</strong></span> 
     </span>
     <span class='ocr_line' id='line_1_12' title="bbox 188 1248 1110 1329; baseline -0.002 -18"><span class='ocrx_word' id='word_1_88' title='bbox 188 1248 336 1313; x_wconf 80' lang='lat' dir='ltr'><strong>similibus</strong></span> <span class='ocrx_word' id='word_1_89' title='bbox 359 1254 517 1312; x_wconf 80' lang='lat' dir='ltr'><strong>sententiis</strong></span> <span class='ocrx_word' id='word_1_90' title='bbox 539 1253 678 1312; x_wconf 88' lang='lat' dir='ltr'><strong>inniteris</strong></span> <span class='ocrx_word' id='word_1_91' title='bbox 701 1271 738 1312; x_wconf 92' lang='lat' dir='ltr'><strong>ae</strong></span> <span class='ocrx_word' id='word_1_92' title='bbox 760 1252 876 1314; x_wconf 86' lang='lat' dir='ltr'><strong>credes.</strong></span> <span class='ocrx_word' id='word_1_93' title='bbox 906 1251 983 1311; x_wconf 86' lang='lat' dir='ltr'><strong>Nam</strong></span> <span class='ocrx_word' id='word_1_94' title='bbox 997 1252 1033 1311; x_wconf 82' lang='lat' dir='ltr'><strong>si</strong></span> <span class='ocrx_word' id='word_1_95' title='bbox 1055 1270 1110 1329; x_wconf 91' lang='lat' dir='ltr'><strong>per</strong></span> 
     </span>
     <span class='ocr_line' id='line_1_13' title="bbox 188 1333 1108 1397; baseline -0.005 -1"><span class='ocrx_word' id='word_1_96' title='bbox 188 1336 404 1397; x_wconf 75' lang='lat' dir='ltr'><strong>contritionem</strong></span> <span class='ocrx_word' id='word_1_97' title='bbox 427 1343 509 1394; x_wconf 90' lang='lat' dir='ltr'><strong>tuam</strong></span> <span class='ocrx_word' id='word_1_98' title='bbox 535 1342 564 1395; x_wconf 89' lang='lat' dir='ltr'><strong>et</strong></span> <span class='ocrx_word' id='word_1_99' title='bbox 577 1336 801 1395; x_wconf 80' lang='lat' dir='ltr'><strong>satisfactiones</strong></span> <span class='ocrx_word' id='word_1_100' title='bbox 823 1333 933 1396; x_wconf 72' lang='lat' dir='ltr'><strong>dedere</strong></span> <span class='ocrx_word' id='word_1_101' title='bbox 950 1333 1108 1395; x_wconf 90' lang='lat' dir='ltr'><strong>conscien-</strong></span> 
     </span>
     <span class='ocr_line' id='line_1_14' title="bbox 187 1415 1109 1497; baseline -0.005 -18"><span class='ocrx_word' id='word_1_102' title='bbox 187 1419 261 1479; x_wconf 83' lang='lat' dir='ltr'><strong>tiam</strong></span> <span class='ocrx_word' id='word_1_103' title='bbox 284 1425 394 1497; x_wconf 90' lang='lat' dir='ltr'><strong>tentes,</strong></span> <span class='ocrx_word' id='word_1_104' title='bbox 416 1437 571 1496; x_wconf 87' lang='lat' dir='ltr'><strong>nunquam</strong></span> <span class='ocrx_word' id='word_1_105' title='bbox 596 1422 696 1478; x_wconf 89' lang='lat' dir='ltr'><strong>certus</strong></span> <span class='ocrx_word' id='word_1_106' title='bbox 719 1420 793 1495; x_wconf 91' lang='lat' dir='ltr'><strong>eris,</strong></span> <span class='ocrx_word' id='word_1_107' title='bbox 819 1417 874 1479; x_wconf 94' lang='lat' dir='ltr'><strong>sed</strong></span> <span class='ocrx_word' id='word_1_108' title='bbox 896 1423 1043 1497; x_wconf 88' lang='lat' dir='ltr'><strong>perpetuo</strong></span> <span class='ocrx_word' id='word_1_109' title='bbox 1067 1415 1109 1475; x_wconf 85' lang='lat' dir='ltr'><strong>la-</strong></span> 
     </span>
     <span class='ocr_line' id='line_1_15' title="bbox 142 1499 1108 1580; baseline -0.005 -17"><span class='ocrx_word' id='word_1_110' title='bbox 142 1514 145 1519; x_wconf 89' lang='lat'>&#39;</span> <span class='ocrx_word' id='word_1_111' title='bbox 189 1500 264 1562; x_wconf 92' lang='lat' dir='ltr'><strong>bore</strong></span> <span class='ocrx_word' id='word_1_112' title='bbox 293 1501 476 1578; x_wconf 84' lang='lat' dir='ltr'><strong>exhaustus,</strong></span> <span class='ocrx_word' id='word_1_113' title='bbox 509 1499 633 1560; x_wconf 85' lang='lat' dir='ltr'><strong>tandem</strong></span> <span class='ocrx_word' id='word_1_114' title='bbox 663 1503 756 1561; x_wconf 90' lang='lat' dir='ltr'><strong>etiam</strong></span> <span class='ocrx_word' id='word_1_115' title='bbox 783 1500 822 1561; x_wconf 87' lang='lat' dir='ltr'><strong>ad</strong></span> <span class='ocrx_word' id='word_1_116' title='bbox 859 1500 1108 1580; x_wconf 83' lang='lat' dir='ltr'><strong>desperationem</strong></span> 
     </span>
     <span class='ocr_line' id='line_1_16' title="bbox 187 1583 329 1664; baseline 0.014 -20"><span class='ocrx_word' id='word_1_117' title='bbox 187 1583 329 1664; x_wconf 84' lang='lat' dir='ltr'><strong>adigeris.</strong></span> 
     </span>
    </p>

    <p class='ocr_par' dir='ltr' id='par_1_6' title="bbox 268 1662 1110 1747">
     <span class='ocr_line' id='line_1_17' title="bbox 268 1662 1110 1747; baseline -0.006 -20"><span class='ocrx_word' id='word_1_118' title='bbox 268 1667 375 1747; x_wconf 88' lang='lat' dir='ltr'><strong>Neque</strong></span> <span class='ocrx_word' id='word_1_119' title='bbox 397 1667 588 1743; x_wconf 75' lang='lat' dir='ltr'><strong>conscientia</strong></span> <span class='ocrx_word' id='word_1_120' title='bbox 607 1668 777 1727; x_wconf 88' lang='lat' dir='ltr'><strong>consistere</strong></span> <span class='ocrx_word' id='word_1_121' title='bbox 797 1673 910 1746; x_wconf 89' lang='lat' dir='ltr'><strong>potest,</strong></span> <span class='ocrx_word' id='word_1_122' title='bbox 933 1685 1001 1726; x_wconf 89' lang='lat' dir='ltr'><strong>eum</strong></span> <span class='ocrx_word' id='word_1_123' title='bbox 1024 1662 1110 1723; x_wconf 89' lang='lat' dir='ltr'><strong>videt</strong></span> 
     </span>
    </p>
   </div>
   <div class='ocr_carea' id='block_1_5' title="bbox 89 1747 1109 1830">
    <p class='ocr_par' dir='ltr' id='par_1_7' title="bbox 89 1747 1109 1830">
     <span class='ocr_line' id='line_1_18' title="bbox 89 1747 1109 1830; baseline -0.006 -19"><span class='ocrx_word' id='word_1_124' title='bbox 89 1761 92 1765; x_wconf 88' lang='grc'>’</span> <span class='ocrx_word' id='word_1_125' title='bbox 186 1758 367 1830; x_wconf 84' lang='lat' dir='ltr'><strong>peccatum,</strong></span> <span class='ocrx_word' id='word_1_126' title='bbox 406 1750 497 1828; x_wconf 90' lang='lat' dir='ltr'><strong>quale</strong></span> <span class='ocrx_word' id='word_1_127' title='bbox 525 1750 555 1809; x_wconf 91' lang='lat' dir='ltr'><strong>in</strong></span> <span class='ocrx_word' id='word_1_128' title='bbox 579 1769 613 1811; x_wconf 90' lang='lat' dir='ltr'><strong>sc</strong></span> <span class='ocrx_word' id='word_1_129' title='bbox 644 1757 704 1826; x_wconf 89' lang='lat' dir='ltr'><strong>est,</strong></span> <span class='ocrx_word' id='word_1_130' title='bbox 739 1751 881 1830; x_wconf 86' lang='lat' dir='ltr'><strong>agnoscit</strong></span> <span class='ocrx_word' id='word_1_131' title='bbox 910 1749 991 1808; x_wconf 87' lang='lat' dir='ltr'><strong>enirn</strong></span> <span class='ocrx_word' id='word_1_132' title='bbox 1013 1747 1109 1826; x_wconf 85' lang='lat' dir='ltr'><strong>longe</strong></span> 
     </span>
    </p>
   </div>
   <div class='ocr_carea' id='block_1_6' title="bbox 143 1831 1110 3741">
    <p class='ocr_par' dir='ltr' id='par_1_8' title="bbox 143 1831 1110 2494">
     <span class='ocr_line' id='line_1_19' title="bbox 187 1831 1108 1912; baseline -0.008 -17"><span class='ocrx_word' id='word_1_133' title='bbox 187 1835 335 1901; x_wconf 86' lang='lat' dir='ltr'><strong>maiorem</strong></span> <span class='ocrx_word' id='word_1_134' title='bbox 358 1833 419 1892; x_wconf 89' lang='lat' dir='ltr'><strong>vim</strong></span> <span class='ocrx_word' id='word_1_135' title='bbox 443 1834 563 1912; x_wconf 86' lang='lat' dir='ltr'><strong>peceati</strong></span> <span class='ocrx_word' id='word_1_136' title='bbox 586 1851 669 1910; x_wconf 89' lang='lat' dir='ltr'><strong>esse,</strong></span> <span class='ocrx_word' id='word_1_137' title='bbox 704 1852 795 1912; x_wconf 90' lang='lat' dir='ltr'><strong>quarn</strong></span> <span class='ocrx_word' id='word_1_138' title='bbox 826 1840 858 1892; x_wconf 89' lang='lat' dir='ltr'><strong>ut</strong></span> <span class='ocrx_word' id='word_1_139' title='bbox 880 1838 1005 1893; x_wconf 83' lang='lat' dir='ltr'><strong>nostroe</strong></span> <span class='ocrx_word' id='word_1_140' title='bbox 1027 1831 1108 1889; x_wconf 90' lang='lat' dir='ltr'><strong>vires</strong></span> 
     </span>
     <span class='ocr_line' id='line_1_20' title="bbox 143 1913 1110 1996; baseline -0.005 -20"><span class='ocrx_word' id='word_1_141' title='bbox 143 1924 146 1931; x_wconf 87' lang='lat'>&#39;</span> <span class='ocrx_word' id='word_1_142' title='bbox 185 1915 266 1978; x_wconf 86' lang='lat' dir='ltr'><strong>ferre</strong></span> <span class='ocrx_word' id='word_1_143' title='bbox 290 1917 419 1996; x_wconf 87' lang='lat' dir='ltr'><strong>possint.</strong></span> <span class='ocrx_word' id='word_1_144' title='bbox 475 1915 527 1975; x_wconf 82' lang='lat' dir='ltr'><strong>Sin</strong></span> <span class='ocrx_word' id='word_1_145' title='bbox 559 1924 660 1977; x_wconf 87' lang='lat' dir='ltr'><strong>autern</strong></span> <span class='ocrx_word' id='word_1_146' title='bbox 692 1916 802 1976; x_wconf 92' lang='lat' dir='ltr'><strong>viderit</strong></span> <span class='ocrx_word' id='word_1_147' title='bbox 831 1917 972 1976; x_wconf 88' lang='lat' dir='ltr'><strong>coniecta</strong></span> <span class='ocrx_word' id='word_1_148' title='bbox 1004 1913 1110 1977; x_wconf 82' lang='lat' dir='ltr'><strong>omnia</strong></span> 
     </span>
     <span class='ocr_line' id='line_1_21' title="bbox 187 1997 1110 2079; baseline -0.008 -18"><span class='ocrx_word' id='word_1_149' title='bbox 187 2000 324 2071; x_wconf 87' lang='lat' dir='ltr'><strong>omnium</strong></span> <span class='ocrx_word' id='word_1_150' title='bbox 353 2007 483 2078; x_wconf 88' lang='lat' dir='ltr'><strong>peecata</strong></span> <span class='ocrx_word' id='word_1_151' title='bbox 516 2000 546 2058; x_wconf 92' lang='lat' dir='ltr'><strong>in</strong></span> <span class='ocrx_word' id='word_1_152' title='bbox 569 1997 740 2077; x_wconf 82' lang='lat' dir='ltr'><strong>Christum,</strong></span> <span class='ocrx_word' id='word_1_153' title='bbox 773 2006 803 2059; x_wconf 92' lang='lat' dir='ltr'><strong>et</strong></span> <span class='ocrx_word' id='word_1_154' title='bbox 832 2019 887 2079; x_wconf 94' lang='lat' dir='ltr'><strong>per</strong></span> <span class='ocrx_word' id='word_1_155' title='bbox 921 2004 1049 2058; x_wconf 90' lang='lat' dir='ltr'><strong>mortem</strong></span> <span class='ocrx_word' id='word_1_156' title='bbox 1079 2003 1110 2055; x_wconf 90' lang='lat' dir='ltr'><strong>et</strong></span> 
     </span>
     <span class='ocr_line' id='line_1_22' title="bbox 185 2078 1108 2159; baseline -0.003 -16"><span class='ocrx_word' id='word_1_157' title='bbox 185 2082 440 2143; x_wconf 87' lang='lat' dir='ltr'><strong>resurrectionem</strong></span> <span class='ocrx_word' id='word_1_158' title='bbox 480 2080 643 2143; x_wconf 84' lang='lat' dir='ltr'><strong>crediderit</strong></span> <span class='ocrx_word' id='word_1_159' title='bbox 680 2102 718 2143; x_wconf 86' lang='lat' dir='ltr'><strong>ea</strong></span> <span class='ocrx_word' id='word_1_160' title='bbox 750 2078 850 2159; x_wconf 85' lang='lat' dir='ltr'><strong>victa,</strong></span> <span class='ocrx_word' id='word_1_161' title='bbox 889 2088 952 2141; x_wconf 89' lang='lat' dir='ltr'><strong>tum</strong></span> <span class='ocrx_word' id='word_1_162' title='bbox 988 2080 1108 2154; x_wconf 85' lang='lat' dir='ltr'><strong>sentiet,</strong></span> 
     </span>
     <span class='ocr_line' id='line_1_23' title="bbox 185 2161 1109 2245; baseline -0.004 -20"><span class='ocrx_word' id='word_1_163' title='bbox 185 2183 278 2244; x_wconf 85' lang='lat' dir='ltr'><strong>quam</strong></span> <span class='ocrx_word' id='word_1_164' title='bbox 312 2165 396 2223; x_wconf 91' lang='lat' dir='ltr'><strong>nulla</strong></span> <span class='ocrx_word' id='word_1_165' title='bbox 432 2165 461 2223; x_wconf 93' lang='lat' dir='ltr'><strong>iu</strong></span> <span class='ocrx_word' id='word_1_166' title='bbox 496 2172 625 2245; x_wconf 89' lang='lat' dir='ltr'><strong>peccato</strong></span> <span class='ocrx_word' id='word_1_167' title='bbox 662 2166 708 2225; x_wconf 90' lang='lat' dir='ltr'><strong>vis</strong></span> <span class='ocrx_word' id='word_1_168' title='bbox 743 2166 790 2225; x_wconf 89' lang='lat' dir='ltr'><strong>sit.</strong></span> <span class='ocrx_word' id='word_1_169' title='bbox 839 2161 1109 2238; x_wconf 76' lang='lat' dir='ltr'><strong>Quemadmodum</strong></span> 
     </span>
     <span class='ocr_line' id='line_1_24' title="bbox 184 2246 1109 2327; baseline -0.001 -19"><span class='ocrx_word' id='word_1_170' title='bbox 184 2250 267 2309; x_wconf 87' lang='lat' dir='ltr'><strong>enim</strong></span> <span class='ocrx_word' id='word_1_171' title='bbox 290 2247 374 2307; x_wconf 91' lang='lat' dir='ltr'><strong>nulla</strong></span> <span class='ocrx_word' id='word_1_172' title='bbox 396 2267 496 2326; x_wconf 91' lang='lat' dir='ltr'><strong>neque</strong></span> <span class='ocrx_word' id='word_1_173' title='bbox 520 2248 690 2322; x_wconf 88' lang='lat' dir='ltr'><strong>vulnerum,</strong></span> <span class='ocrx_word' id='word_1_174' title='bbox 714 2267 814 2327; x_wconf 90' lang='lat' dir='ltr'><strong>neque</strong></span> <span class='ocrx_word' id='word_1_175' title='bbox 838 2246 954 2308; x_wconf 91' lang='lat' dir='ltr'><strong>doloris</strong></span> <span class='ocrx_word' id='word_1_176' title='bbox 977 2246 1109 2326; x_wconf 84' lang='lat' dir='ltr'><strong>vestigia</strong></span> 
     </span>
     <span class='ocr_line' id='line_1_25' title="bbox 184 2331 1108 2412; baseline -0.003 -21"><span class='ocrx_word' id='word_1_177' title='bbox 184 2332 317 2410; x_wconf 89' lang='lat' dir='ltr'><strong>amplius</strong></span> <span class='ocrx_word' id='word_1_178' title='bbox 338 2331 369 2389; x_wconf 91' lang='lat' dir='ltr'><strong>in</strong></span> <span class='ocrx_word' id='word_1_179' title='bbox 393 2349 522 2409; x_wconf 91' lang='lat' dir='ltr'><strong>corpore</strong></span> <span class='ocrx_word' id='word_1_180' title='bbox 535 2331 646 2391; x_wconf 81' lang='lat' dir='ltr'><strong>Christi</strong></span> <span class='ocrx_word' id='word_1_181' title='bbox 668 2331 806 2410; x_wconf 84' lang='lat' dir='ltr'><strong>haerent,</strong></span> <span class='ocrx_word' id='word_1_182' title='bbox 829 2331 873 2390; x_wconf 93' lang='lat' dir='ltr'><strong>sic</strong></span> <span class='ocrx_word' id='word_1_183' title='bbox 889 2335 1019 2412; x_wconf 86' lang='lat' dir='ltr'><strong>peecata</strong></span> <span class='ocrx_word' id='word_1_184' title='bbox 1034 2347 1108 2408; x_wconf 90' lang='lat' dir='ltr'><strong>quo-</strong></span> 
     </span>
     <span class='ocr_line' id='line_1_26' title="bbox 185 2414 794 2494; baseline -0.002 -19"><span class='ocrx_word' id='word_1_185' title='bbox 185 2433 247 2494; x_wconf 88' lang='lat' dir='ltr'><strong>que</strong></span> <span class='ocrx_word' id='word_1_186' title='bbox 269 2415 373 2476; x_wconf 88' lang='lat' dir='ltr'><strong>omnia</strong></span> <span class='ocrx_word' id='word_1_187' title='bbox 395 2432 451 2473; x_wconf 90' lang='lat' dir='ltr'><strong>ceu</strong></span> <span class='ocrx_word' id='word_1_188' title='bbox 473 2414 572 2473; x_wconf 86' lang='lat' dir='ltr'><strong>sumus</strong></span> <span class='ocrx_word' id='word_1_189' title='bbox 596 2421 794 2474; x_wconf 89' lang='lat' dir='ltr'><strong>evanuerunt.</strong></span> 
     </span>
    </p>

    <p class='ocr_par' dir='ltr' id='par_1_9' title="bbox 182 2494 1110 3059">
     <span class='ocr_line' id='line_1_27' title="bbox 269 2494 1108 2579; baseline -0.006 -21"><span class='ocrx_word' id='word_1_190' title='bbox 269 2497 371 2576; x_wconf 88' lang='lat' dir='ltr'><strong>Atque</strong></span> <span class='ocrx_word' id='word_1_191' title='bbox 413 2499 457 2556; x_wconf 91' lang='lat' dir='ltr'><strong>sie</strong></span> <span class='ocrx_word' id='word_1_192' title='bbox 489 2496 518 2558; x_wconf 82' lang='lat' dir='ltr'><strong>S.</strong></span> <span class='ocrx_word' id='word_1_193' title='bbox 547 2495 701 2579; x_wconf 71' lang='lat' dir='ltr'><strong>Paulus&#39;l‘)</strong></span> <span class='ocrx_word' id='word_1_194' title='bbox 744 2516 867 2576; x_wconf 88' lang='lat' dir='ltr'><strong>quoque</strong></span> <span class='ocrx_word' id='word_1_195' title='bbox 898 2495 988 2572; x_wconf 93' lang='lat' dir='ltr'><strong>dicit,</strong></span> <span class='ocrx_word' id='word_1_196' title='bbox 1024 2494 1108 2574; x_wconf 85' lang='lat' dir='ltr'><strong>quod</strong></span> 
     </span>
     <span class='ocr_line' id='line_1_28' title="bbox 186 2580 1108 2661; baseline -0.004 -19"><span class='ocrx_word' id='word_1_197' title='bbox 186 2580 323 2642; x_wconf 89' lang='lat' dir='ltr'><strong>Christus</strong></span> <span class='ocrx_word' id='word_1_198' title='bbox 346 2587 472 2661; x_wconf 92' lang='lat' dir='ltr'><strong>propter</strong></span> <span class='ocrx_word' id='word_1_199' title='bbox 495 2585 599 2641; x_wconf 88' lang='lat' dir='ltr'><strong>nostra</strong></span> <span class='ocrx_word' id='word_1_200' title='bbox 620 2587 749 2659; x_wconf 90' lang='lat' dir='ltr'><strong>peecata</strong></span> <span class='ocrx_word' id='word_1_201' title='bbox 771 2581 809 2641; x_wconf 91' lang='lat' dir='ltr'><strong>sit</strong></span> <span class='ocrx_word' id='word_1_202' title='bbox 831 2589 981 2655; x_wconf 87' lang='lat' dir='ltr'><strong>mortuus,</strong></span> <span class='ocrx_word' id='word_1_203' title='bbox 1010 2597 1108 2638; x_wconf 88' lang='lat' dir='ltr'><strong>resur-</strong></span> 
     </span>
     <span class='ocr_line' id='line_1_29' title="bbox 184 2661 1110 2742; baseline -0.005 -17"><span class='ocrx_word' id='word_1_204' title='bbox 184 2666 298 2725; x_wconf 88' lang='lat' dir='ltr'><strong>rexerit</strong></span> <span class='ocrx_word' id='word_1_205' title='bbox 328 2670 430 2723; x_wconf 89' lang='lat' dir='ltr'><strong>autem</strong></span> <span class='ocrx_word' id='word_1_206' title='bbox 459 2671 585 2742; x_wconf 89' lang='lat' dir='ltr'><strong>propter</strong></span> <span class='ocrx_word' id='word_1_207' title='bbox 612 2661 860 2724; x_wconf 78' lang='lat' dir='ltr'><strong>iustificationem</strong></span> <span class='ocrx_word' id='word_1_208' title='bbox 888 2663 995 2724; x_wconf 90' lang='lat' dir='ltr'><strong>nostri.</strong></span> <span class='ocrx_word' id='word_1_209' title='bbox 1039 2661 1110 2721; x_wconf 91' lang='lat' dir='ltr'><strong>Hoe</strong></span> 
     </span>
     <span class='ocr_line' id='line_1_30' title="bbox 186 2744 1110 2827; baseline -0.006 -18"><span class='ocrx_word' id='word_1_210' title='bbox 186 2755 248 2825; x_wconf 89' lang='lat' dir='ltr'><strong>cst,</strong></span> <span class='ocrx_word' id='word_1_211' title='bbox 280 2747 384 2827; x_wconf 89' lang='lat' dir='ltr'><strong>passio</strong></span> <span class='ocrx_word' id='word_1_212' title='bbox 415 2746 527 2806; x_wconf 88' lang='lat' dir='ltr'><strong>Christi</strong></span> <span class='ocrx_word' id='word_1_213' title='bbox 555 2753 661 2807; x_wconf 91' lang='lat' dir='ltr'><strong>nostra</strong></span> <span class='ocrx_word' id='word_1_214' title='bbox 695 2747 784 2807; x_wconf 89' lang='lat' dir='ltr'><strong>nohis</strong></span> <span class='ocrx_word' id='word_1_215' title='bbox 813 2744 948 2810; x_wconf 89' lang='lat' dir='ltr'><strong>ostendit</strong></span> <span class='ocrx_word' id='word_1_216' title='bbox 979 2750 1110 2824; x_wconf 89' lang='lat' dir='ltr'><strong>peecata</strong></span> 
     </span>
     <span class='ocr_line' id='line_1_31' title="bbox 185 2828 1108 2910; baseline -0.008 -18"><span class='ocrx_word' id='word_1_217' title='bbox 185 2832 294 2910; x_wconf 85' lang='lat' dir='ltr'><strong>sicque</strong></span> <span class='ocrx_word' id='word_1_218' title='bbox 328 2849 366 2890; x_wconf 92' lang='lat' dir='ltr'><strong>ea</strong></span> <span class='ocrx_word' id='word_1_219' title='bbox 388 2829 484 2907; x_wconf 90' lang='lat' dir='ltr'><strong>tollit,</strong></span> <span class='ocrx_word' id='word_1_220' title='bbox 518 2849 573 2908; x_wconf 91' lang='lat' dir='ltr'><strong>per</strong></span> <span class='ocrx_word' id='word_1_221' title='bbox 601 2831 856 2890; x_wconf 89' lang='lat' dir='ltr'><strong>resurrectionem</strong></span> <span class='ocrx_word' id='word_1_222' title='bbox 885 2835 988 2888; x_wconf 89' lang='lat' dir='ltr'><strong>autern</strong></span> <span class='ocrx_word' id='word_1_223' title='bbox 1011 2828 1108 2907; x_wconf 89' lang='lat' dir='ltr'><strong>ipsius</strong></span> 
     </span>
     <span class='ocr_line' id='line_1_32' title="bbox 182 2910 1109 2992; baseline -0.004 -18"><span class='ocrx_word' id='word_1_224' title='bbox 182 2911 399 2990; x_wconf 87' lang='lat' dir='ltr'><strong>iustificamur,</strong></span> <span class='ocrx_word' id='word_1_225' title='bbox 430 2918 461 2971; x_wconf 93' lang='lat' dir='ltr'><strong>et</strong></span> <span class='ocrx_word' id='word_1_226' title='bbox 489 2912 527 2972; x_wconf 87' lang='lat' dir='ltr'><strong>ab</strong></span> <span class='ocrx_word' id='word_1_227' title='bbox 556 2912 697 2972; x_wconf 87' lang='lat' dir='ltr'><strong>omnihus</strong></span> <span class='ocrx_word' id='word_1_228' title='bbox 719 2913 856 2992; x_wconf 88' lang='lat' dir='ltr'><strong>peccatis</strong></span> <span class='ocrx_word' id='word_1_229' title='bbox 878 2910 1058 2988; x_wconf 74' lang='lat' dir='ltr'><strong>liberamur,</strong></span> <span class='ocrx_word' id='word_1_230' title='bbox 1081 2911 1109 2970; x_wconf 90' lang='lat' dir='ltr'><strong>si</strong></span> 
     </span>
     <span class='ocr_line' id='line_1_33' title="bbox 183 2994 470 3059; baseline -0.003 0"><span class='ocrx_word' id='word_1_231' title='bbox 183 2996 278 3059; x_wconf 88' lang='lat' dir='ltr'><strong>modo</strong></span> <span class='ocrx_word' id='word_1_232' title='bbox 301 2994 470 3059; x_wconf 89' lang='lat' dir='ltr'><strong>credamus.</strong></span> 
     </span>
    </p>

    <p class='ocr_par' dir='ltr' id='par_1_10' title="bbox 183 3078 1108 3741">
     <span class='ocr_line' id='line_1_34' title="bbox 267 3078 1108 3155; baseline -0.004 -15"><span class='ocrx_word' id='word_1_233' title='bbox 267 3078 524 3155; x_wconf 76' lang='lat' dir='ltr'><strong>Quartodecimo,</strong></span> <span class='ocrx_word' id='word_1_234' title='bbox 560 3080 606 3139; x_wconf 89' lang='lat' dir='ltr'><strong>siu</strong></span> <span class='ocrx_word' id='word_1_235' title='bbox 641 3086 743 3140; x_wconf 88' lang='lat' dir='ltr'><strong>autem</strong></span> <span class='ocrx_word' id='word_1_236' title='bbox 776 3079 944 3138; x_wconf 90' lang='lat' dir='ltr'><strong>sentiamus</strong></span> <span class='ocrx_word' id='word_1_237' title='bbox 967 3082 1108 3137; x_wconf 89' lang='lat' dir='ltr'><strong>nostram</strong></span> 
     </span>
     <span class='ocr_line' id='line_1_35' title="bbox 183 3160 1108 3241; baseline -0.006 -16"><span class='ocrx_word' id='word_1_238' title='bbox 183 3162 439 3238; x_wconf 85' lang='lat' dir='ltr'><strong>incredulitatem,</strong></span> <span class='ocrx_word' id='word_1_239' title='bbox 463 3162 544 3240; x_wconf 91' lang='lat' dir='ltr'><strong>quod</strong></span> <span class='ocrx_word' id='word_1_240' title='bbox 567 3181 629 3223; x_wconf 91' lang='lat' dir='ltr'><strong>uon</strong></span> <span class='ocrx_word' id='word_1_241' title='bbox 651 3163 804 3241; x_wconf 91' lang='lat' dir='ltr'><strong>possimus</strong></span> <span class='ocrx_word' id='word_1_242' title='bbox 827 3160 917 3221; x_wconf 91' lang='lat' dir='ltr'><strong>nobis</strong></span> <span class='ocrx_word' id='word_1_243' title='bbox 932 3165 1017 3220; x_wconf 90' lang='lat' dir='ltr'><strong>certo</strong></span> <span class='ocrx_word' id='word_1_244' title='bbox 1040 3179 1108 3238; x_wconf 90' lang='lat' dir='ltr'><strong>per-</strong></span> 
     </span>
     <span class='ocr_line' id='line_1_36' title="bbox 184 3245 1107 3323; baseline -0.007 -16"><span class='ocrx_word' id='word_1_245' title='bbox 184 3245 314 3307; x_wconf 91' lang='lat' dir='ltr'><strong>suadere</strong></span> <span class='ocrx_word' id='word_1_246' title='bbox 336 3247 395 3306; x_wconf 90' lang='lat' dir='ltr'><strong>ista</strong></span> <span class='ocrx_word' id='word_1_247' title='bbox 417 3246 460 3304; x_wconf 90' lang='lat' dir='ltr'><strong>sic</strong></span> <span class='ocrx_word' id='word_1_248' title='bbox 483 3264 567 3323; x_wconf 89' lang='lat' dir='ltr'><strong>esse,</strong></span> <span class='ocrx_word' id='word_1_249' title='bbox 600 3246 717 3323; x_wconf 91' lang='lat' dir='ltr'><strong>reliqua</strong></span> <span class='ocrx_word' id='word_1_250' title='bbox 740 3246 838 3306; x_wconf 88' lang='lat' dir='ltr'><strong>oratio</strong></span> <span class='ocrx_word' id='word_1_251' title='bbox 870 3250 932 3320; x_wconf 91' lang='lat' dir='ltr'><strong>est,</strong></span> <span class='ocrx_word' id='word_1_252' title='bbox 968 3249 1001 3302; x_wconf 93' lang='lat' dir='ltr'><strong>ut</strong></span> <span class='ocrx_word' id='word_1_253' title='bbox 1033 3248 1107 3302; x_wconf 88' lang='lat' dir='ltr'><strong>ante</strong></span> 
     </span>
     <span class='ocr_line' id='line_1_37' title="bbox 183 3325 1107 3408; baseline -0.008 -16"><span class='ocrx_word' id='word_1_254' title='bbox 183 3330 374 3407; x_wconf 87' lang='lat' dir='ltr'><strong>monuimus,</strong></span> <span class='ocrx_word' id='word_1_255' title='bbox 396 3328 435 3388; x_wconf 90' lang='lat' dir='ltr'><strong>ad</strong></span> <span class='ocrx_word' id='word_1_256' title='bbox 458 3347 549 3407; x_wconf 91' lang='lat' dir='ltr'><strong>quarn</strong></span> <span class='ocrx_word' id='word_1_257' title='bbox 572 3329 804 3408; x_wconf 87' lang='lat' dir='ltr'><strong>confugiamus,</strong></span> <span class='ocrx_word' id='word_1_258' title='bbox 834 3345 905 3386; x_wconf 79' lang='lat' dir='ltr'><strong>narn</strong></span> <span class='ocrx_word' id='word_1_259' title='bbox 928 3330 960 3386; x_wconf 90' lang='lat' dir='ltr'><strong>et</strong></span> <span class='ocrx_word' id='word_1_260' title='bbox 980 3325 1041 3385; x_wconf 91' lang='lat' dir='ltr'><strong>hoe</strong></span> <span class='ocrx_word' id='word_1_261' title='bbox 1064 3332 1107 3385; x_wconf 95' lang='lat' dir='ltr'><strong>to·</strong></span> 
     </span>
     <span class='ocr_line' id='line_1_38' title="bbox 183 3407 1108 3491; baseline -0.005 -18"><span class='ocrx_word' id='word_1_262' title='bbox 183 3418 247 3474; x_wconf 90' lang='lat' dir='ltr'><strong>tum</strong></span> <span class='ocrx_word' id='word_1_263' title='bbox 269 3413 301 3472; x_wconf 90' lang='lat' dir='ltr'><strong>iu</strong></span> <span class='ocrx_word' id='word_1_264' title='bbox 324 3430 414 3471; x_wconf 87' lang='lat' dir='ltr'><strong>manu</strong></span> <span class='ocrx_word' id='word_1_265' title='bbox 437 3412 494 3471; x_wconf 90' lang='lat' dir='ltr'><strong>Dei</strong></span> <span class='ocrx_word' id='word_1_266' title='bbox 517 3419 579 3491; x_wconf 89' lang='lat' dir='ltr'><strong>est,</strong></span> <span class='ocrx_word' id='word_1_267' title='bbox 615 3419 647 3471; x_wconf 92' lang='lat' dir='ltr'><strong>et</strong></span> <span class='ocrx_word' id='word_1_268' title='bbox 667 3408 925 3490; x_wconf 89' lang='lat' dir='ltr'><strong>quemadmodum</strong></span> <span class='ocrx_word' id='word_1_269' title='bbox 952 3426 1045 3487; x_wconf 90' lang='lat' dir='ltr'><strong>supra</strong></span> <span class='ocrx_word' id='word_1_270' title='bbox 1068 3407 1108 3468; x_wconf 93' lang='lat' dir='ltr'><strong>de</strong></span> 
     </span>
     <span class='ocr_line' id='line_1_39' title="bbox 183 3491 1107 3575; baseline -0.004 -20"><span class='ocrx_word' id='word_1_271' title='bbox 183 3496 330 3575; x_wconf 86' lang='lat' dir='ltr'><strong>passione</strong></span> <span class='ocrx_word' id='word_1_272' title='bbox 352 3494 431 3570; x_wconf 84' lang='lat' dir='ltr'><strong>dixi,</strong></span> <span class='ocrx_word' id='word_1_273' title='bbox 463 3496 506 3554; x_wconf 84' lang='lat' dir='ltr'><strong>ita</strong></span> <span class='ocrx_word' id='word_1_274' title='bbox 534 3502 565 3556; x_wconf 90' lang='lat' dir='ltr'><strong>et</strong></span> <span class='ocrx_word' id='word_1_275' title='bbox 585 3494 646 3554; x_wconf 91' lang='lat' dir='ltr'><strong>hoe</strong></span> <span class='ocrx_word' id='word_1_276' title='bbox 667 3494 749 3572; x_wconf 89' lang='lat' dir='ltr'><strong>aliis,</strong></span> <span class='ocrx_word' id='word_1_277' title='bbox 778 3501 810 3554; x_wconf 93' lang='lat' dir='ltr'><strong>ut</strong></span> <span class='ocrx_word' id='word_1_278' title='bbox 831 3491 993 3553; x_wconf 83' lang='lat' dir='ltr'><strong>manifeste</strong></span> <span class='ocrx_word' id='word_1_279' title='bbox 1015 3492 1107 3551; x_wconf 90' lang='lat' dir='ltr'><strong>seuti-</strong></span> 
     </span>
     <span class='ocr_line' id='line_1_40' title="bbox 183 3572 1106 3658; baseline -0.008 -19"><span class='ocrx_word' id='word_1_280' title='bbox 183 3584 253 3658; x_wconf 86' lang='lat' dir='ltr'><strong>ant,</strong></span> <span class='ocrx_word' id='word_1_281' title='bbox 285 3578 352 3638; x_wconf 88' lang='lat' dir='ltr'><strong>aliis</strong></span> <span class='ocrx_word' id='word_1_282' title='bbox 388 3577 679 3638; x_wconf 78' lang='lat' dir='ltr'><strong>occultedonatur.</strong></span> <span class='ocrx_word' id='word_1_283' title='bbox 723 3576 801 3638; x_wconf 83' lang='lat' dir='ltr'><strong>Sunt</strong></span> <span class='ocrx_word' id='word_1_284' title='bbox 828 3581 930 3636; x_wconf 86' lang='lat' dir='ltr'><strong>autem</strong></span> <span class='ocrx_word' id='word_1_285' title='bbox 953 3572 1106 3654; x_wconf 80' lang='lat' dir='ltr'><strong>quaedem</strong></span> 
     </span>
     <span class='ocr_line' id='line_1_41' title="bbox 183 3658 948 3741; baseline -0.004 -16"><span class='ocrx_word' id='word_1_286' title='bbox 183 3661 263 3738; x_wconf 78' lang='lat' dir='ltr'><strong>rice,</strong></span> <span class='ocrx_word' id='word_1_287' title='bbox 286 3660 394 3741; x_wconf 88' lang='lat' dir='ltr'><strong>quibus</strong></span> <span class='ocrx_word' id='word_1_288' title='bbox 418 3661 456 3721; x_wconf 93' lang='lat' dir='ltr'><strong>ad</strong></span> <span class='ocrx_word' id='word_1_289' title='bbox 477 3661 558 3721; x_wconf 90' lang='lat' dir='ltr'><strong>hanc</strong></span> <span class='ocrx_word' id='word_1_290' title='bbox 579 3658 672 3721; x_wconf 87' lang='lat' dir='ltr'><strong>fidem</strong></span> <span class='ocrx_word' id='word_1_291' title='bbox 694 3679 752 3722; x_wconf 89' lang='lat' dir='ltr'><strong>nos</strong></span> <span class='ocrx_word' id='word_1_292' title='bbox 774 3661 948 3722; x_wconf 85' lang='lat' dir='ltr'><strong>invitemus.</strong></span> 
     </span>
    </p>
   </div>
   <div class='ocr_carea' id='block_1_7' title="bbox 560 3765 599 3772">
    <p class='ocr_par' dir='ltr' id='par_1_11' title="bbox 560 3765 599 3772">
     <span class='ocr_line' id='line_1_42' title="bbox 560 3765 599 3772; baseline 0.026 -1"><span class='ocrx_word' id='word_1_293' title='bbox 560 3765 599 3772; x_wconf 55' lang='grc'><strong>.-</strong></span> 
     </span>
    </p>
   </div>
   <div class='ocr_carea' id='block_1_8' title="bbox 256 3799 521 3870">
    <p class='ocr_par' dir='ltr' id='par_1_12' title="bbox 256 3799 521 3870">
     <span class='ocr_line' id='line_1_43' title="bbox 256 3799 521 3870; baseline -0.011 -15"><span class='ocrx_word' id='word_1_294' title='bbox 256 3800 286 3870; x_wconf 83' lang='grc'><strong>*)</strong></span> <span class='ocrx_word' id='word_1_295' title='bbox 306 3800 389 3856; x_wconf 80' lang='lat' dir='ltr'><strong>Rom</strong></span> <span class='ocrx_word' id='word_1_296' title='bbox 408 3799 434 3854; x_wconf 87' lang='grc'><strong>4.</strong></span> <span class='ocrx_word' id='word_1_297' title='bbox 517 3841 521 3847; x_wconf 93' lang='grc'>.</span> 
     </span>
    </p>
   </div>
   <div class='ocr_carea' id='block_1_9' title="bbox 0 0 1178 4208">
    <p class='ocr_par' dir='ltr' id='par_1_13' title="bbox 0 0 1178 4208">
     <span class='ocr_line' id='line_1_44' title="bbox 0 0 1178 4208; baseline 0 1"><span class='ocrx_word' id='word_1_298' title='bbox 0 0 1178 4208; x_wconf 95' lang='lat' dir='ltr'><strong> </strong></span> 
     </span>
    </p>
   </div>
  </div>
 </body>
</html>
