2346 4208
194 260 257 343 Ηὸ
409 278 566 346 Disputatio
586 278 696 346 Lipsiae
713 278 809 333 hadita
826 296 851 332 a.
870 278 933 334 XIX

194 465 246 545 qui
268 465 361 526 toties
382 480 438 545 pro
461 476 557 546 regno
571 464 777 546 Neapolitano
802 470 870 526 o'u'm
885 467 1023 529 martimo
1043 460 1137 530 ohiiss

196 549 287 610 atiani
309 547 466 628 sanguinis
490 546 641 610 effusione
662 548 928 631 bellagesserunt,
951 557 984 611 et
1004 553 1137 621 utinam*¹

196 632 322 694 tandem
343 648 406 711 pax
417 638 501 692 esset
511 626 629 694 stabilis
644 638 675 693 et
686 648 881 713 permanens.
904 633 1005 696 Unam
1018 624 1128 708 iidem,

195 728 291 777 unum·
309 714 476 776 Dominum
500 713 652 776 Christum
685 728 823 797 agnosco
867 735 936 777 oum
964 718 1133 799 apostolo,-

196 799 251 861 sed
277 799 368 860 Rom.
391 796 573 861 Pontifitem
605 805 638 858 ut
670 799 785 867 Christi,
808 818 940 862 veneror
961 801 1126 864 vicarium.

198 882 266 946 star
292 901 327 944 er
350 900 368 943 o
391 881 475 960 prior
498 882 610 943 solutio
633 882 989 945 inviotaetvalidameo
1012 882 1143 946 saitem*

198 966 271 1027 exiii
293 901 419 1038 iudicio,
443 963 482 1025 de
504 982 565 1044 qno
581 964 952 1052 doctioresjiudioent1).

272 1083 443 1145 ‘Praeterea
466 1082 676 1144 observandus
698 1083 790 1145 Pater
812 1082 895 1160 dioit,
917 1084 1014 1147 verba
1035 1084 1120 1148 Pauli

196 1188 252 1249 per
273 1187 323 1228 me
344 1186 407 1229 non
431 1172 530 1227 taeta:
552 1167 636 1228 Deus
653 1167 964 1248 personamhominis
987 1170 1053 1230 n'on
1074 1186 1120 1243 auf¹

197 1251 280 1331 aipit,
303 1256 334 1311 et
356 1251 400 1311 sio
421 1250 521 1311 minus
537 1250 647 1310 soluta.
670 1251 762 1310 Forte
785 1250 953 1331 obaudivit,
974 1251 1118 1331 quoniam

196 1341 260 1396 tam
283 1353 322 1394 ex
343 1333 521 1412 Ambrosio,
543 1353 634 1412 quam
656 1333 847 1414 Hieronymo
874 1332 990 1413 adduxi
1012 1353 1117 1401 eoruu·

198 1416 270 1479 dem
293 1416 459 1479 verborum
481 1416 676 1493 sententiam,
699 1415 949 1478 Johannesenim
972 1417 1119 1479 etPetrus

198 1499 316 1563 idiotae
349 1499 471 1561 fuerant
502 1505 533 1560 et
570 1499 796 1580 anaiphabetioi
829 1502 860 1559 iu
882 1499 989 1581 Lege3
1009 1500 1118 1585 Paulus
1161 1538 1165 1543 -

200 1588 309 1644 eontra
330 1582 441 1645 doetus
462 1582 541 1660 fuit,
563 1581 728 1662 proficiens
751 1601 843 1662 supra
864 1583 976 1657 multos
1000 1590 1118 1645 eoaeta

132 1703 135 1707 <
198 1685 275 1728 neos
297 1685 380 1747 suos,
403 1672 437 1726 ut
458 1664 496 1726 de
518 1685 553 1726 ae
574 1671 712 1729 testatur.
735 1664 842 1725 Noluit
863 1684 938 1746 ergo
959 1665 1116 1743 Paulua*)

197 1755 362 1830 reputare,
386 1749 493 1830 quales
515 1748 645 1810 firissent
665 1748 781 1809 Petrus.
796 1755 827 1808 et
847 1747 1028 1829 Johannss,
1050 1750 1117 1831 quia

198 1852 364 1913 personam
385 1833 520 1894 hominis
542 1830 626 1892 Deus
648 1851 711 1892 nou
733 1832 864 1911 aooipit,
891 1833 935 1892 ita
956 1833 1039 1893 enirn
1061 1832 1117 1895 sle·

198 1917 244 1997 git
262 1917 462 1997 piscatorem,
484 1915 564 1975 siout
585 1913 708 1976 dodtum
734 1914 876 1978 scribam.
900 1913 961 1976 Sed
983 1934 1041 1995 per
1062 1914 1118 1976 hoo

197 2000 345 2079 primatus
369 2017 433 2060 non
455 1997 581 2075 tollitur,
604 1997 657 2059 sed
682 1999 822 2078 aooeptio
845 1998 1118 2077 personarumDao

198 2102 261 2144 non
283 2083 464 2162 imputatur,
488 2081 608 2140 etiamsi
629 2100 722 2141 unum
745 2081 832 2142 alteri
855 2081 1069 2162 praeelegerit,
1089 2086 1154 2159 ut„

197 2164 237 2226 de
259 2164 405 2226 Cornelio
427 2164 534 2224 Petrus
556 2163 708 2225 fatebatur
717 2162 787 2238 *ῆι
831 2164 865 2224 In
888 2164 1018 2226 veritate
1039 2183 1119 2228 oom-

197 2249 274 2328 peri,
296 2248 452 2327 quia-non
476 2253 524 2306 est
545 2248 685 2326 aooeptio
696 2265 897 2326 personarum
916 2245 1000 2326 apud
1011 2246 1119 2309 Deum.

197 2331 366 2392 Veniamus
389 2329 428 2390 ad
450 2329 576 2390 inducta
598 2349 654 2410 per
674 2328 878 2390 reverendum
899 2330 1032 2395 Patrem.

279 2447 465 2529 Apostolum
496 2448 590 2524 uitat,
625 2449 652 2509 1.
676 2445 812 2507 Corinth.
837 2449 897 2527 12,
929 2448 980 2526 qui
1009 2464 1119 2529 eorpus

99 2585 101 2589 ,
196 2531 357 2614 mysticum
388 2529 566 2592 describens
602 2529 716 2590 referat
737 2530 919 2609 apostolos,
941 2529 1119 2612 prophetati,

196 2614 341 2677 doctores
364 2619 395 2674 et
408 2613 575 2675 novissime
594 2610 900 2673 administrationem.
923 2613 1012 2690 Dioo,
1035 2622 1120 2695 agre·

197 2699 249 2779 gie
277 2697 399 2777 quidem
428 2695 604 2777 apostolum
633 2695 848 2775 descripsisse,
882 2695 936 2757 sed
958 2697 1120 2776 primatum

199 2781 240 2842 ibi
264 2799 323 2841 neo
345 2798 487 2860 negasse,
510 2797 567 2839 neo
589 2779 766 2856 astruxisse,
788 2778 956 2839 invalidum
979 2782 1028 2843 est
1048 2796 1122 2861 ergo

200 2869 434 2946 argumentum:
464 2862 522 2922 Hie
542 2860 654 2922 Paulus
682 2860 856 2923 huiusmodi
889 2862 1038 2942 primatus
1060 2878 1125 2923 nou
1153 2864 1165 2901 ³

198 2947 352 3020 meminit,
381 2962 454 3026 ergo
477 2947 624 3026 primatus
658 2963 719 3004 non
743 2950 790 3004 est
811 2945 842 3004 in
876 2944 1028 3021 eeclesia,
1059 2951 1121 3007 tum

85 3064 87 3071 ·
198 3029 280 3108 qnod
302 3030 389 3110 pueri
412 3029 513 3091 seiunt
534 3028 636 3090 loonm
659 3027 697 3088 ab
708 3028 872 3088 autoritate
893 3027 1038 3108 negative
1059 3044 1123 3091 non·

195 3111 309 3189 valere,
329 3118 392 3171 tum
415 3111 607 3191 quodetiam
629 3112 660 3170 in
683 3126 770 3170 saera
789 3110 946 3191 Soriptura
966 3129 1030 3172 uno
1049 3110 1122 3173 loeo

197 3213 259 3256 non
294 3212 489 3275 expressum,
524 3195 609 3254 iuxta
639 3192 805 3271 Augustini
839 3193 1031 3274 doctrinam,
1071 3193 1121 3257 lib.
1154 3238 1163 3247 -

196 3277 236 3338 da
258 3276 340 3339 doot.
350 3277 532 3354 Christiana,
557 3295 594 3336 ex
617 3276 678 3336 alio
702 3277 773 3337 looo
795 3277 894 3356 aoeipi
916 3274 1018 3355 debet,
1041 3277 1123 3338 siout

197 3360 415 3423 norissimus.
1133 3361 1139 3365 '

210 3608 265 3714 v1)
285 3652 317 3706 In
337 3650 379 3705 ed.
400 3652 471 3719 orig.
500 3652 619 3720 margini
648 3650 693 3702 hio
713 3648 881 3717 adscriptum
901 3649 1017 3718 legitur:
1055 3649 1126 3718 Quia

198 3739 295 3777 omnes
315 3738 411 3776 sumus
431 3723 514 3791 caesi,
534 3722 605 3775 dixit
623 3722 721 3775 Eooius
742 3719 885 3790 (legendz
906 3719 1070 3790 Lutherus).

121 3883 123 3887 Δ
235 3811 267 3877 ·)
287 3809 349 3865 au.
366 3811 392 3867 a.
412 3809 461 3878 ··)
482 3804 542 3865 ue.
560 3811 603 3867 ιο.
